2080 3392
840 204 924 241 AN.
956 203 1049 242 1553
1695 204 1762 242 421

122 300 360 352 baptisma
382 301 656 354 susciperet,
681 302 869 354 operari
892 302 1119 353 dignatus
1146 300 1295 341 Dnus.
1328 299 1337 319 ¹
1365 301 1572 341 Locutus
1601 307 1671 340 est
1700 300 1773 340 die

123 372 331 423 quadam
352 373 452 424 ipse
477 385 660 424 mauro,
685 386 790 414 cum
812 386 903 426 quo
925 385 1019 413 non
1041 385 1194 425 parva
1229 372 1292 412 illi
1314 372 1602 412 consuetudo
1633 372 1769 412 inter-

121 450 344 483 cesserat.
368 444 493 484 Inter
515 451 703 484 caetera
726 456 856 495 vero,
894 444 949 484 de
978 444 1144 495 quibus
1166 450 1267 483 erat
1289 454 1456 494 sermO,
1494 455 1587 482 non
1614 454 1768 494 pauca

121 514 177 554 de
211 525 296 555 sua
331 516 667 566 conversione,
705 516 761 555 de
797 522 961 555 nostra
993 516 1221 566 religione
1252 527 1308 555 ac
1339 514 1446 554 fidei
1481 514 1770 554 christianae

119 585 320 625 veritate
342 585 466 626 dicta
488 593 594 626 sunt
616 599 642 626 a
666 587 873 636 Thoma3
908 592 952 626 et
982 593 1210 637 quantum
1242 585 1479 625 Salvatori
1509 584 1523 603 ‘³
1554 597 1656 626 nro.
1691 585 1769 625 ad-

120 655 315 697 haerere
351 657 600 698 conferret.
639 657 931 698 Hortabatur
972 668 1086 708 ergo
1123 669 1228 697 eum
1261 669 1346 708 pro
1381 656 1606 697 facultate
1641 663 1689 696 ut
1724 664 1768 697 et

119 727 237 779 ipse,
260 728 621 768 Machometana
643 729 884 780 impietate
910 729 1096 780 penitus
1118 729 1374 779 abnegata,
1405 739 1594 768 sacrum
1625 729 1766 769 Vellet

119 798 353 850 baptisma
387 799 641 851 suscipere.
682 799 945 840 Obiiciente
983 805 1142 839 autem
1176 799 1268 849 illo,
1308 810 1427 850 quae
1462 810 1487 838 a
1524 808 1765 840 turcarum

119 870 388 910 doctoribus
417 871 465 910 in
493 871 804 911 christianam
834 870 972 911 fidem
1000 870 1214 910 audierat
1240 870 1465 921 proferri,
1499 871 1691 921 protulit
1719 877 1764 911 et

118 940 324 981 Thomas
346 953 464 993 quae
486 942 542 982 de
563 941 651 982 fide
672 954 768 982 non
790 942 1004 982 audierat
1025 940 1179 993 modo,
1205 942 1287 982 sed
1309 942 1356 981 in
1377 954 1426 981 se
1457 954 1644 994 quoque
1670 942 1763 982 fue·

118 1019 190 1052 rat
225 1020 467 1065 expertus,
507 1015 787 1066 praesertim
823 1014 879 1054 de
915 1014 1081 1055 Crucis
1114 1014 1310 1064 virtute,
1354 1014 1762 1066 quemadmodum,

117 1084 354 1135 videlicet,
379 1085 550 1125 diaboli
572 1086 628 1125 ab
650 1097 706 1125 ea
729 1091 855 1126 metu
882 1085 1085 1137 perculsi
1115 1085 1275 1125 statim
1307 1091 1668 1135 evanescerent,
1707 1097 1763 1126 ac

116 1155 235 1195 irriti
257 1167 419 1196 eorum
439 1162 635 1197 conatus
657 1156 982 1197 redderentur.
1012 1156 1069 1196 Et
1098 1157 1320 1208 quoniam
1341 1156 1526 1196 iuvenis
1556 1156 1630 1196 ille
1652 1162 1763 1196 tunc

118 1228 340 1278 temporis
362 1234 463 1268 erat
483 1227 663 1268 libidini
692 1229 833 1268 Valde
861 1228 1115 1278 obnoxius,
1149 1234 1287 1279 atque
1318 1228 1366 1267 in
1394 1228 1493 1268 heri
1522 1228 1594 1268 sui
1624 1227 1763 1268 domo

117 1305 430 1339 consueverat
463 1312 544 1351 per
580 1306 742 1340 noctes
776 1300 913 1351 plane
949 1300 1161 1351 singulas
1195 1311 1303 1339 cum
1337 1299 1566 1351 quadam,
1607 1305 1652 1339 et
1681 1300 1760 1339 illa

117 1381 302 1421 maura,
336 1382 435 1410 rem
469 1371 665 1420 habere,
700 1377 770 1411 est
798 1371 841 1411 ei
870 1370 1081 1411 additum
1107 1377 1156 1411 ut
1185 1383 1291 1411 cum
1313 1371 1373 1411 ad
1400 1382 1505 1411 eam
1537 1371 1764 1411 accedere

116 1440 328 1482 diabolus
368 1442 698 1493 compelleret,
739 1443 816 1482 illo
856 1442 992 1493 signo
1031 1441 1236 1482 frontem
1279 1448 1536 1494 pectusque
1582 1442 1764 1482 muniat

117 1523 266 1552 suum.
293 1512 427 1563 Quod
449 1513 487 1553 si
510 1520 639 1553 certa
660 1513 838 1553 faceret
861 1525 967 1554 cum
987 1513 1178 1564 fiducia,
1202 1514 1438 1565 pollicitus
1461 1520 1551 1563 est,
1578 1514 1617 1553 si
1639 1514 1764 1566 quod

115 1583 276 1623 auditu
297 1591 597 1636 perceperat,
621 1596 671 1624 re
699 1585 802 1636 ipsa
832 1597 926 1625 non
955 1585 1237 1636 comperiat,
1270 1596 1320 1625 se
1347 1586 1467 1625 vene
1495 1585 1763 1625 confessum

114 1655 209 1695 iam
245 1655 437 1696 Chrum.
474 1656 620 1696 Ihum.
660 1656 920 1708 abnegare,
952 1668 1039 1697 nec
1070 1657 1391 1708 baptismatis,
1429 1668 1570 1708 quam
1598 1668 1762 1708 prope-

115 1726 237 1767 diem
258 1727 540 1779 expectabat
561 1739 736 1779 gram.‚
761 1729 1002 1780 consequi.
1029 1727 1253 1768 Promisit
1274 1729 1349 1768 ille
1370 1728 1606 1768 facturum
1633 1729 1764 1768 iuxta

112 1797 322 1838 Thomae
350 1810 629 1839 sermonem.
663 1799 852 1851 Iamque
886 1800 1039 1840 noctis
1070 1800 1329 1840 advenerat
1361 1800 1498 1851 hora,
1523 1800 1571 1839 in
1592 1812 1684 1851 qua
1707 1800 1763 1840 de

115 1880 245 1909 more
272 1869 330 1910 ad
367 1871 658 1922 peccandum
698 1878 930 1922 surgeret.
967 1871 1177 1923 Cumque
1211 1871 1385 1911 diaboli
1419 1871 1650 1923 nequitia,
1690 1883 1763 1912 60-

116 1952 244 1991 rum,
281 1953 401 1993 quae
432 1942 667 1994 audierat,
702 1943 895 1994 oblitUS,
930 1942 1178 1983 accederet
1213 1942 1272 1983 ad
1308 1943 1625 1994 peccandum,
1664 1955 1761 1983 suc-

116 2013 263 2052 currit
295 2013 351 2053 de
380 2020 570 2065 repente
601 2014 648 2054 in
679 2015 781 2066 ipso
814 2015 1031 2065 articulo,
1070 2015 1194 2066 quod
1221 2014 1375 2054 fuerat
1411 2015 1452 2054 ei
1487 2015 1542 2054 de
1573 2021 1765 2055 nostrae

114 2084 276 2124 salutis
293 2084 466 2125 vexillo
496 2085 832 2136 praedicatum.
868 2085 1091 2137 Moxque,
1119 2085 1246 2126 nulla
1272 2085 1590 2126 intercedente
1614 2097 1762 2135 mora,

114 2155 302 2206 signum
331 2155 442 2196 illud
470 2157 690 2208 malignis
718 2157 1015 2197 tremendum
1050 2157 1292 2208 spiritibus
1328 2169 1435 2197 cum
1466 2156 1554 2197 fide
1590 2157 1661 2208 (ut
1696 2158 1765 2197 rei

114 2233 310 2267 eventus
327 2227 499 2276 docuit)
524 2229 609 2268 sibi
627 2229 779 2280 pingit
801 2229 848 2269 in
868 2229 1044 2280 fronte;
1069 2235 1113 2268 et
1131 2240 1240 2269 ecce
1265 2227 1319 2279 (O
1344 2240 1443 2268 rem
1464 2228 1761 2280 stupendam)

113 2297 237 2337 illico
273 2298 339 2338 ita
374 2299 584 2339 membra
615 2300 887 2351 obriguere,
924 2306 974 2340 ut
1003 2300 1184 2340 moveri
1221 2300 1348 2339 nullo
1379 2306 1518 2351 pacto
1553 2306 1759 2350 possent.

113 2368 249 2420 Quod
268 2369 344 2409 ille
365 2369 530 2410 videns
563 2377 702 2423 atque
724 2384 751 2411 a
772 2371 1031 2412 tentatione
1053 2383 1102 2411 se
1124 2371 1372 2411 liberatum
1401 2371 1628 2421 sentiens,
1662 2382 1763 2410 rem

114 2452 298 2480 omnem
320 2440 484 2481 eadem
511 2442 627 2482 hora
655 2442 839 2482 mulieri
868 2443 1038 2494 aperit,
1074 2449 1138 2493 et,
1174 2442 1248 2482 die
1279 2442 1427 2490 facto,
1457 2453 1541 2493 per
1569 2441 1763 2482 domum

112 2512 412 2563 postmodum
441 2518 486 2552 et
512 2525 595 2564 per
626 2513 790 2553 urbem
816 2514 1008 2565 reliquis
1036 2513 1322 2564 infidelibus,
1358 2512 1485 2565 quod
1516 2519 1760 2563 evenerat,

113 2582 351 2634 patefacit.
393 2583 712 2634 Quamobrem
747 2584 805 2624 ad
841 2585 960 2624 tanti
999 2584 1216 2624 miraculi
1250 2583 1626 2635 magnitudinem
1663 2584 1760 2635 plu—

111 2654 217 2694 rimi
237 2666 420 2706 eorum,
445 2655 524 2707 qui
552 2656 774 2706 aderant,
809 2662 1043 2708 stupuere.
1074 2656 1197 2696 Inter
1229 2667 1345 2708 quos
1367 2667 1487 2695 unus
1510 2655 1574 2696 ita
1598 2662 1669 2696 est
1692 2667 1760 2696 re-

110 2732 249 2776 pente
270 2732 501 2777 mutatus,
524 2733 574 2767 ut
604 2727 833 2779 baptizari
854 2729 974 2768 velle
997 2727 1239 2768 fateretur.
1270 2727 1349 2768 Ille
1371 2739 1501 2777 vero,
1536 2727 1613 2767 cui
1647 2727 1760 2767 talia

165 2887 176 2907 1
215 2887 321 2922 Haec,
346 2895 366 2915 a
389 2888 532 2916 vocibus
556 2888 691 2915 fllt'rmn
712 2889 1000 2923 stupendumque
1022 2888 1171 2915 clariora
1194 2887 1342 2915 reddidit
1366 2887 1534 2915 Polancus
1558 2888 1622 2916 hoc
1645 2887 1757 2916 modo:

112 2933 184 2962 Nec
199 2936 391 2962 tacendum
409 2938 460 2963 est
477 2936 593 2963 crucis
609 2935 664 2963 X.='
688 2936 904 2963 admirabile
920 2940 1017 2971 opus,
1034 2937 1202 2971 quodper
1221 2936 1403 2968 leomam,
1416 2936 1631 2970 priusquam
1648 2937 1760 2971 bapti-

112 2989 191 3008 sma
210 2983 420 3017 susciperet,
436 2984 582 3018 operari
593 2984 764 3016 dignatus
781 2985 833 3010 est
849 2983 1034 3012 Dominus,

173 3031 187 3049 ²³
227 3030 614 3059 Servatori.Polancus.
