2080 3392
893 176 976 211 ΑΝ,
1008 174 1099 211 1553
1745 175 1815 212 159

173 272 260 312 rali
280 277 589 323 promptaque
609 271 850 310 voluntate
872 276 1179 322 praestamus.
1210 270 1415 321 Singulis
1436 271 1697 323 quibusque
1718 272 1809 312 die-

171 344 256 383 bus
276 342 484 389 veneris,
509 341 751 382 doctrinae
774 341 1058 382 christianae
1088 343 1360 390 lectionem,
1385 353 1526 394 quam
1546 343 1703 382 multis
1735 343 1808 382 ab·

171 414 279 455 hinc
300 413 462 454 diebus
484 413 754 464 auspicatus
777 425 899 463 sum,
924 424 1206 464 prosequor:
1231 413 1290 453 ad
1311 425 1451 464 quam
1481 413 1625 454 multo
1652 414 1812 466 plures

172 485 308 526 solito
335 490 635 533 concurrunt,
660 490 726 535 et,
751 490 800 524 ut
822 484 1111 534 conjicimus,
1137 491 1376 533 crescente
1398 497 1616 535 numero,
1641 485 1812 525 crescit

172 557 313 597 etiam
333 556 514 596 fructus
536 556 814 607 spiritualis,
839 562 883 595 et
911 555 1060 595 maior
1088 555 1136 595 fit
1168 556 1214 595 in
1243 556 1341 596 dies
1371 557 1635 596 animarum
1662 556 1812 608 profe-

173 634 290 669 ctus,

251 700 301 740 In
321 699 439 739 festo
461 698 732 739 Nativitatis
754 699 943 739 Domini
974 700 1207 739 maximus
1235 701 1458 740 confluxit
1491 700 1811 740 confitentium

172 782 414 820 numerus,
447 770 511 810 ita
532 777 582 810 ut
611 782 702 810 una
733 770 918 821 integra
950 770 1244 810 hebdomada
1271 772 1419 811 nostri
1449 771 1612 811 Patres
1642 771 1813 811 fuerint

173 842 416 882 audiendis
439 841 811 881 confessionibus
833 842 1065 893 occupati:
1090 842 1246 893 plures
1268 842 1392 882 enim
1409 842 1487 882 300
1503 843 1813 883 confessionis

173 920 217 953 et
252 913 595 953 communionis
628 919 924 952 sacramenta
955 920 1282 964 susceperunt,
1321 913 1441 953 inter
1477 925 1593 965 quos
1627 914 1817 954 fuerunt

173 984 380 1036 plerique
400 984 600 1034 nobiles,
631 996 829 1036 quorum
856 984 1033 1031 multis,
1065 984 1154 1024 Dei
1186 985 1362 1035 gratia,
1395 997 1489 1025 non
1517 984 1817 1025 mediocriter

172 1056 452 1096 subventum
473 1061 563 1105 est,
588 1055 666 1107 qui
686 1054 835 1095 vitam
854 1055 901 1095 in
930 1055 1095 1095 melius
1123 1063 1435 1106 commutare,
1464 1056 1584 1096 mira
1611 1056 1815 1107 quadam

174 1127 317 1167 animi
337 1127 626 1176 inductione,
651 1132 927 1167 statuerunt.
958 1127 1134 1167 Eorum
1163 1128 1356 1177 multos,
1390 1128 1469 1179 qui
1504 1127 1814 1168 confessionis

174 1206 218 1238 et
238 1199 579 1239 communionis
601 1204 901 1238 sacramenta
922 1198 1244 1249 frequentant,
1277 1198 1416 1239 valde
1438 1211 1718 1250 promovere
1741 1212 1815 1239 ex-

174 1270 395 1322 perimur:
419 1276 463 1310 et
484 1271 735 1310 nonnullae
757 1270 968 1321 virgines
991 1271 1115 1322 apud
1136 1283 1185 1311 se
1207 1271 1549 1311 constituerunt
1582 1272 1816 1322 integram

174 1342 274 1382 sine
294 1348 405 1381 voto
429 1353 714 1381 conservare
732 1342 1075 1393 virginitatem:
1100 1343 1352 1382 nonnullae
1374 1343 1616 1393 religionis
1641 1343 1818 1393 ingres-

175 1425 278 1453 sum
299 1412 733 1465 professionemque
755 1413 843 1452 sibi
864 1424 1169 1464 proposuere.

253 1484 410 1524 Prima
431 1495 615 1536 quaque
636 1484 870 1524 dominica
892 1485 1066 1524 mensis
1087 1484 1208 1524 Rfluss
1230 1484 1278 1525 Ρ.
1310 1484 1489 1525 Natalis
1518 1485 1562 1524 in
1592 1485 1703 1525 Divi
1725 1485 1818 1525 An-

174 1556 287 1596 tonii
307 1555 541 1595 nobilibus
562 1555 789 1595 matronis
811 1556 1063 1596 conciones
1084 1556 1258 1596 habere
1279 1557 1443 1596 solitus
1465 1563 1548 1606 est,
1571 1556 1737 1608 quibus
1759 1557 1816 1596 ab

174 1638 229 1666 eo
251 1633 475 1678 tempore,
500 1638 590 1678 quo
614 1626 750 1666 rediit
780 1626 965 1678 ComeS,
994 1626 1216 1678 Proregis
1242 1627 1357 1677 filia,
1382 1640 1565 1679 semper
1593 1628 1817 1677 interfuit;

177 1709 267 1749 ego
299 1710 413 1738 vero
447 1699 596 1749 primo
634 1709 817 1750 quoque
854 1698 926 1738 die
964 1699 1147 1738 sabbati
1182 1699 1427 1739 cuiuslibet
1462 1700 1635 1739 mensis
1669 1699 1819 1738 habeo

176 1770 453 1810 concionem
476 1769 535 1809 ad
555 1770 847 1821 peccatrices
868 1770 914 1810 in
936 1769 1048 1810 Divi
1070 1769 1306 1820 Andreae,
1340 1783 1458 1822 quac
1482 1770 1572 1811 duo
1596 1777 1702 1810 sunt
1730 1771 1817 1810 hac

176 1842 221 1881 in
243 1841 434 1881 civitate
459 1852 668 1881 summae
691 1852 798 1881 cum
818 1841 1006 1892 pietatis
1028 1847 1126 1881 tum
1152 1841 1366 1881 utilitatis
1389 1853 1548 1892 opera.

253 1912 325 1953 Ac
348 1919 397 1953 ut
418 1924 571 1964 pauca
588 1912 643 1952 de
660 1913 808 1952 nostri
826 1912 1019 1964 Collegii
1042 1913 1331 1953 incremento
1351 1913 1499 1965 deque
1519 1920 1644 1953 statu
1660 1920 1819 1953 nostro

175 1984 319 2024 Verba
341 1983 528 2035 faciam,
548 1983 669 2023 Rdus
688 1983 736 2023 Ρ.
757 1984 937 2025 Natalis
957 1984 1073 2024 duos
1094 1984 1283 2025 admisit
1305 1985 1351 2024 in
1373 1985 1562 2025 domum
1582 1984 1815 2036 probatio-

175 2055 246 2095 nis
268 2055 488 2105 novitios,
517 2061 765 2106 utrumque
787 2055 1084 2106 ingeniosum
1105 2063 1148 2095 et
1171 2056 1287 2096 bene
1309 2063 1486 2096 natum:
1511 2068 1635 2096 nunc
1658 2056 1701 2095 in
1725 2055 1816 2095 offi-

177 2126 259 2166 ciis
281 2133 325 2166 et
347 2126 582 2166 exercitiis
604 2126 880 2167 humilitatis
902 2133 1195 2167 exercentur.
1226 2126 1390 2167 Plures
1412 2128 1490 2167 alii
1512 2127 1816 2167 libentissime

176 2198 350 2238 vellent
386 2198 586 2247 admitti3
623 2197 704 2238 sed
738 2197 879 2238 Pater
909 2198 1129 2238 dilatione
1157 2199 1360 2249 quadam
1390 2200 1490 2239 vult
1520 2210 1682 2238 eorum
1713 2210 1818 2237 con-

177 2269 378 2309 stantiae
399 2268 659 2320 periculum
680 2269 850 2309 facere.
881 2268 1064 2321 Reliqui
1092 2269 1276 2320 novitii,
1308 2270 1387 2321 qui
1421 2282 1447 2310 a
1476 2270 1656 2309 duobus
1685 2270 1819 2309 annis

139 2389 144 2393 .
179 2340 371 2380 admissi
393 2346 520 2391 sunt,
544 2339 633 2380 Dei
653 2341 807 2391 gratia
839 2352 1037 2392 magnos
1066 2348 1110 2381 et
1140 2341 1185 2380 in
1212 2341 1379 2381 litteris
1408 2347 1452 2380 et
1479 2341 1687 2381 moribus
1717 2352 1818 2391 pro-

179 2423 372 2462 gressus
401 2411 592 2452 faciunt.
623 2412 754 2452 Unus
789 2424 847 2452 ex
879 2418 1100 2464 quatuor,
1138 2412 1258 2452 filius
1293 2412 1537 2452 cuiusdam
1574 2412 1741 2451 nobilis
1776 2417 1820 2451 et

178 2482 390 2534 primarii
409 2482 500 2523 Viri
521 2483 727 2523 civitatis
748 2482 909 2533 huius,
934 2482 1057 2523 felici
1078 2483 1265 2524 dotatus
1288 2484 1477 2534 ingenio
1499 2483 1719 2534 facilique
1741 2495 1819 2523 na-

178 2561 298 2605 tura,
324 2554 404 2594 dat
426 2565 618 2605 operam
638 2554 923 2595 rhetoricae:
949 2555 1067 2594 alius
1089 2554 1443 2595 humanioribus
1464 2554 1628 2603 literis,
1656 2553 1821 2605 reliqui

181 2625 271 2665 duo
305 2625 644 2676 grammaticae
679 2625 880 2666 student.
917 2625 964 2665 ln
1003 2625 1211 2677 Collegio
1247 2637 1406 2665 sumus
1434 2636 1628 2664 numero
1664 2624 1740 2673 2ος
1774 2625 1821 2664 in

181 2697 318 2737 domo
346 2697 636 2748 probationis
664 2697 708 2747 73
746 2697 983 2749 discipuli,
1022 2698 1099 2748 qui
1134 2705 1323 2737 nostras
1358 2696 1655 2748 frequentant
1690 2697 1822 2736 scho-

181 2770 270 2818 lzis,
294 2767 386 2808 350.
413 2768 606 2818 Omnes,
631 2768 719 2808 Dei
740 2769 985 2819 beneficio,
1010 2775 1169 2820 patres
1192 2775 1235 2808 et
1258 2767 1448 2817 fratres,
1480 2779 1566 2819 pro
1595 2779 1820 2808 concesso

181 2840 287 2890 sibi,
312 2839 471 2879 divina
493 2839 670 2890 gratia,
696 2840 887 2889 talento,
921 2852 1145 2892 prospere
1176 2840 1291 2879 satis
1314 2845 1622 2890 occupantur.
1648 2837 1819 2889 Digne-

183 2919 257 2950 tur
278 2909 406 2950 Deus
428 2917 521 2962 opt.
547 2922 673 2950 max.
698 2910 920 2962 obsequia
942 2911 1232 2951 infirmorum
1253 2916 1297 2950 et
1327 2910 1629 2961 indignorum
1659 2921 1821 2961 opera-

183 2981 360 3021 riorum
388 2982 561 3033 placito
596 2982 905 3033 clementique
935 2983 1065 3022 vultu
1101 2982 1354 3033 suscipere.
1387 2980 1521 3031 Quod
1548 2987 1597 3020 ut
1624 2992 1820 3031 propen-
