2080 3392
858 143 942 181 AN.
972 143 1063 182 1553
1711 145 1781 181 447

373 416 657 444 Praeccdcntium
674 418 788 445 Patris
803 418 920 451 Jacobi
938 418 1045 445 Miron
1060 419 1256 445 litterarum
1272 419 1380 446 latina
1396 419 1508 446 versio
1526 418 1547 446 ¹.

898 667 1022 707 iesus

218 880 272 920 R.
295 881 342 920 in
365 880 551 921 Christo
574 881 623 921 P.

219 952 384 992 Gratia
406 958 449 992 et
470 964 565 1004 pax
587 952 694 992 Dni.
719 953 805 992 nri.
824 953 927 993 Iesu
956 952 1016 992 xfi
1040 953 1107 992 -sit
1128 964 1311 1003 semper
1329 952 1587 992 nobiscum.
1611 952 1780 992 Amen.

214 1023 493 1063 Benedictus
514 1023 643 1064 Deus
666 1029 710 1064 et
730 1023 872 1064 Pater
892 1023 1084 1063 Domini
1114 1023 1263 1063 nostri
1284 1023 1387 1063 Iesu
1418 1023 1614 1074 Christi,
1647 1029 1782 1074 pater

130 1094 274 1134 totius
295 1095 611 1135 miserationis
639 1095 1069 1147 consolationisque
1099 1094 1224 1145 fons,
1257 1107 1283 1134 a
1313 1106 1403 1146 quo
1426 1095 1578 1135 omnis
1599 1101 1778 1135 nostro-

132 1177 237 1205 rum
258 1166 542 1217 animorum,
567 1173 665 1206 tum
686 1166 952 1217 innovatio,
982 1172 1082 1206 tum
1108 1166 1249 1206 etiam
1279 1165 1541 1217 profectus,
1567 1166 1716 1206 oritur
1739 1173 1783 1206 et

131 1244 336 1277 emanat.
371 1236 612 1289 Superiori
638 1237 728 1278 hoc
763 1237 1114 1290 quadrimestri‚
1151 1236 1205 1277 R.
1243 1237 1316 1287 R,
1359 1238 1483 1289 quod
1520 1237 1781 1277 certissima

131 1308 374 1360 hucusque
403 1308 491 1348 fide
525 1315 851 1360 tenueramus,
885 1309 1176 1360 experientia
1203 1309 1356 1349 edocti
1388 1309 1525 1359 plane
1558 1310 1781 1360 cognovi-

132 1391 237 1419 mus
258 1391 317 1419 ex
350 1380 425 1426 iis,
459 1391 578 1431 quae
608 1380 655 1420 in
682 1380 771 1420 hac
793 1380 966 1431 exigua
994 1380 1214 1420 minimae
1244 1379 1347 1420 Iesu
1379 1378 1629 1420 Societatis
1650 1386 1783 1431 parte

133 1456 269 1502 gesta
298 1457 429 1491 sunt:
460 1457 635 1502 quanto
668 1463 772 1491 eam
803 1450 933 1491 Deus
964 1451 1167 1503 optimus
1202 1451 1438 1491 maximus
1467 1458 1783 1503 prosequatur

135 1534 295 1562 amore
316 1533 548 1574 quamque
570 1534 675 1562 eam
695 1522 896 1573 benigne
923 1522 1207 1562 moderetur.
1240 1521 1309 1562 Ob
1340 1522 1466 1574 quod
1495 1523 1783 1562 immortales

135 1593 346 1644 profecto
369 1594 410 1633 ei
431 1594 614 1644 gratias
637 1599 681 1634 et
703 1594 888 1645 agimus
909 1600 954 1634 et
975 1594 1219 1634 habemus.

218 1664 519 1716 Compertum
548 1665 682 1705 nobis
717 1671 786 1705 est
821 1672 1021 1717 quantos
1053 1665 1230 1716 (divino
1261 1665 1325 1705 ita
1360 1666 1547 1706 volente
1577 1665 1782 1715 numine)

133 1736 320 1776 labores
342 1742 635 1788 quantasque
657 1737 953 1777 calamitates
974 1736 1028 1777 R.
1049 1737 1100 1777 T.
1125 1737 1173 1777 P.
1197 1737 1490 1789 (priusquam
1509 1737 1632 1777 hanc
1654 1737 1784 1777 mini-

132 1819 260 1848 mam
280 1808 382 1848 Iesu
406 1806 690 1848 Societatem
709 1808 968 1859 inchoaret)
991 1808 1208 1859 subierit,
1234 1809 1568 1859 cognoscimus
1599 1820 1783 1861 quoque

134 1879 287 1919 Deum
309 1880 536 1931 optimum
557 1880 816 1920 maximum
838 1880 885 1920 in
905 1880 1050 1920 tantis
1079 1880 1467 1931 adversitatibus,
1499 1880 1587 1920 etsi
1614 1881 1781 1932 prima,

133 1950 401 1991 firmissima
421 1957 579 1991 tamen
601 1951 907 1992 fundamenta
925 1952 1113 2003 iecisse;
1138 1952 1358 1992 novimus
1376 1959 1622 2003 praeterea
1640 1952 1787 1992 multa

133 2022 541 2074 intolerabiliaque
575 2022 672 2062 fere
707 2034 983 2074 perpessam
1021 2023 1078 2063 ab
1110 2023 1241 2063 initio
1283 2022 1591 2073 Societatem,
1629 2022 1787 2063 multis

134 2105 320 2145 semper
360 2093 701 2134 adversitatum
740 2094 956 2134 fluctibus
996 2093 1201 2146 undique
1238 2094 1484 2143 iactatam,
1522 2107 1580 2134 ex
1620 2094 1786 2145 quibus

133 2171 292 2204 tamen
313 2171 443 2205 tanta
465 2166 741 2217 provenisse
759 2166 994 2206 cernimus
1013 2165 1275 2217 commoda,
1295 2172 1452 2206 tantas
1475 2166 1787 2217 subsequutas

135 2236 380 2287 utilitates,
404 2242 454 2276 ut
475 2249 529 2277 ea
560 2237 661 2288 ipsa
692 2238 739 2277 in
768 2237 866 2277 dies
901 2244 1133 2288 augeatur
1154 2244 1198 2277 et
1220 2243 1424 2288 crescat,
1450 2242 1499 2277 ut
1520 2236 1787 2277 mortalium

135 2308 280 2348 animi
303 2320 328 2347 a
349 2308 511 2359 pravis
538 2308 762 2360 falsisque
783 2309 1028 2349 itineribus
1051 2309 1111 2349 ad
1131 2309 1261 2349 Viam
1282 2315 1461 2348 rectam
1483 2308 1784 2358 reducantur,

134 2385 184 2418 ut
204 2378 236 2418 ii
266 2379 344 2430 qui
372 2385 511 2419 antea
541 2379 687 2430 ipsius
719 2387 852 2420 erant
883 2380 1148 2420 adversarii
1178 2380 1477 2432 gravissimi,
1512 2391 1636 2419 nunc
1669 2380 1786 2419 eius—

135 2450 261 2497 dem,
288 2462 381 2490 non
402 2451 554 2490 solum
575 2451 866 2501 laudatores,
891 2463 1058 2492 verum
1090 2451 1232 2492 etiam
1261 2451 1533 2491 defensores
1561 2451 1667 2490 sint.
1698 2450 1786 2491 Ac-

134 2522 259 2561 cedit
294 2522 366 2561 his
400 2522 607 2561 maxima
642 2533 697 2562 ac
738 2534 855 2574 pene
899 2523 1207 2573 incredibilis,
1239 2528 1339 2562 tum
1368 2522 1657 2573 principum,
1690 2528 1788 2562 turn

135 2593 363 2633 ecclesiae
384 2594 725 2644 praelatorum,
750 2594 797 2633 in
820 2600 1032 2634 nostram
1053 2593 1339 2635 Societatem
1361 2593 1704 2644 benevolentia,
1729 2593 1788 2632 ad

134 2675 277 2714 quam
315 2663 444 2704 Deus
484 2663 589 2715 Opt.
635 2663 759 2704 Max.
804 2665 1006 2705 traxisse
1041 2676 1122 2705 eos
1162 2665 1370 2714 videtur,
1413 2670 1462 2704 ut
1504 2664 1570 2704 ita
1603 2664 1788 2705 facilius

135 2734 476 2775 incrementum
504 2736 550 2776 in
585 2735 683 2776 dies
714 2742 868 2776 sumat
895 2737 1089 2777 minima
1122 2736 1239 2776 haec
1270 2736 1416 2787 ipsius
1450 2734 1677 2776 Societas.
1719 2735 1788 2777 Ob

134 2818 255 2858 quae
283 2807 438 2847 omnia
474 2808 521 2846 in
550 2807 734 2848 Christo
770 2807 972 2848 Domino
1009 2807 1215 2848 maxime
1253 2807 1537 2858 gloriamur,
1577 2807 1788 2847 conside-

195 2966 204 2986 1
248 2967 508 3002 Apographum,
525 2967 556 2994 in
572 2967 697 3001 duplici
714 2967 803 3001 folio,
820 2975 877 2996 nn,
894 2968 947 2995 569
962 2973 995 2995 et
1009 2968 1071 2996 570.
