<?xml version="1.0" encoding="UTF-8"?>
<!DOCTYPE html PUBLIC "-//W3C//DTD XHTML 1.0 Transitional//EN"
    "http://www.w3.org/TR/xhtml1/DTD/xhtml1-transitional.dtd">
<html xmlns="http://www.w3.org/1999/xhtml" xml:lang="en" lang="en">
 <head>
  <title>
</title>
<meta http-equiv="Content-Type" content="text/html;charset=utf-8" />
  <meta name='ocr-system' content='tesseract 3.04.00' />
  <meta name='ocr-capabilities' content='ocr_page ocr_carea ocr_par ocr_line ocrx_word'/>
</head>
<body>
  <div class='ocr_page' id='page_1' title='image "./litteraequadrime14lain_0407.png"; bbox 0 0 2080 3392; ppageno 0'>
   <div class='ocr_carea' id='block_1_1' title="bbox 837 199 1765 237">
    <p class='ocr_par' dir='ltr' id='par_1_1' title="bbox 837 199 1765 237">
     <span class='ocr_line' id='line_1_1' title="bbox 837 199 1765 237; baseline 0 -1"><span class='ocrx_word' id='word_1_1' title='bbox 837 199 920 237; x_wconf 76' lang='lat' dir='ltr'>AN.</span> <span class='ocrx_word' id='word_1_2' title='bbox 952 199 1045 236; x_wconf 78' lang='lat'>1553</span> <span class='ocrx_word' id='word_1_3' title='bbox 1694 199 1765 236; x_wconf 69' lang='lat'>403</span> 
     </span>
    </p>
   </div>
   <div class='ocr_carea' id='block_1_2' title="bbox 76 296 1791 3061">
    <p class='ocr_par' dir='ltr' id='par_1_2' title="bbox 124 296 1778 1405">
     <span class='ocr_line' id='line_1_2' title="bbox 124 296 1762 349; baseline 0 -14"><span class='ocrx_word' id='word_1_4' title='bbox 124 307 246 346; x_wconf 91' lang='lat' dir='ltr'>mor,</span> <span class='ocrx_word' id='word_1_5' title='bbox 270 301 426 336; x_wconf 87' lang='lat' dir='ltr'>tantos</span> <span class='ocrx_word' id='word_1_6' title='bbox 447 296 494 336; x_wconf 91' lang='lat' dir='ltr'>in</span> <span class='ocrx_word' id='word_1_7' title='bbox 514 296 750 337; x_wconf 89' lang='lat' dir='ltr'>curandos</span> <span class='ocrx_word' id='word_1_8' title='bbox 777 297 991 349; x_wconf 85' lang='lat' dir='ltr'>captivos</span> <span class='ocrx_word' id='word_1_9' title='bbox 1018 302 1259 348; x_wconf 87' lang='lat' dir='ltr'>aegrotos,</span> <span class='ocrx_word' id='word_1_10' title='bbox 1291 303 1336 336; x_wconf 92' lang='lat' dir='ltr'>et</span> <span class='ocrx_word' id='word_1_11' title='bbox 1362 297 1610 337; x_wconf 86' lang='lat' dir='ltr'>nonnullas</span> <span class='ocrx_word' id='word_1_12' title='bbox 1641 297 1762 347; x_wconf 89' lang='lat' dir='ltr'>puel-</span> 
     </span>
     <span class='ocr_line' id='line_1_3' title="bbox 124 366 1765 420; baseline 0.001 -14"><span class='ocrx_word' id='word_1_13' title='bbox 124 367 214 417; x_wconf 89' lang='lat' dir='ltr'>las,</span> <span class='ocrx_word' id='word_1_14' title='bbox 238 377 265 406; x_wconf 91' lang='lat' dir='ltr'>a</span> <span class='ocrx_word' id='word_1_15' title='bbox 288 367 434 407; x_wconf 89' lang='lat' dir='ltr'>turcis</span> <span class='ocrx_word' id='word_1_16' title='bbox 455 374 635 419; x_wconf 88' lang='lat' dir='ltr'>captas,</span> <span class='ocrx_word' id='word_1_17' title='bbox 659 368 956 409; x_wconf 89' lang='lat' dir='ltr'>redimendas</span> <span class='ocrx_word' id='word_1_18' title='bbox 977 373 1188 420; x_wconf 89' lang='lat' dir='ltr'>sumptus</span> <span class='ocrx_word' id='word_1_19' title='bbox 1209 367 1347 408; x_wconf 88' lang='lat' dir='ltr'>facio.</span> <span class='ocrx_word' id='word_1_20' title='bbox 1371 366 1475 408; x_wconf 91' lang='lat' dir='ltr'>Non</span> <span class='ocrx_word' id='word_1_21' title='bbox 1497 368 1562 407; x_wconf 90' lang='lat' dir='ltr'>ita</span> <span class='ocrx_word' id='word_1_22' title='bbox 1582 367 1765 418; x_wconf 89' lang='lat' dir='ltr'>pridem</span> 
     </span>
     <span class='ocr_line' id='line_1_4' title="bbox 124 437 1762 491; baseline 0.001 -14"><span class='ocrx_word' id='word_1_23' title='bbox 124 437 496 489; x_wconf 85' lang='lat' dir='ltr'>quadringentos</span> <span class='ocrx_word' id='word_1_24' title='bbox 524 451 717 489; x_wconf 87' lang='lat' dir='ltr'>aureos,</span> <span class='ocrx_word' id='word_1_25' title='bbox 749 445 797 479; x_wconf 94' lang='lat' dir='ltr'>ut</span> <span class='ocrx_word' id='word_1_26' title='bbox 823 439 914 479; x_wconf 91' lang='lat' dir='ltr'>duo</span> <span class='ocrx_word' id='word_1_27' title='bbox 943 439 1086 480; x_wconf 86' lang='lat' dir='ltr'>millia</span> <span class='ocrx_word' id='word_1_28' title='bbox 1110 444 1156 479; x_wconf 92' lang='lat' dir='ltr'>et</span> <span class='ocrx_word' id='word_1_29' title='bbox 1186 451 1240 479; x_wconf 93' lang='lat' dir='ltr'>eo</span> <span class='ocrx_word' id='word_1_30' title='bbox 1269 439 1468 491; x_wconf 89' lang='lat' dir='ltr'>amplius</span> <span class='ocrx_word' id='word_1_31' title='bbox 1502 445 1762 490; x_wconf 85' lang='lat' dir='ltr'>praeterea,</span> 
     </span>
     <span class='ocr_line' id='line_1_5' title="bbox 126 508 1766 562; baseline 0.001 -13"><span class='ocrx_word' id='word_1_32' title='bbox 126 520 246 560; x_wconf 88' lang='lat' dir='ltr'>quae</span> <span class='ocrx_word' id='word_1_33' title='bbox 266 508 354 550; x_wconf 89' lang='lat' dir='ltr'>fide</span> <span class='ocrx_word' id='word_1_34' title='bbox 375 521 481 550; x_wconf 90' lang='lat' dir='ltr'>mea</span> <span class='ocrx_word' id='word_1_35' title='bbox 502 521 604 550; x_wconf 93' lang='lat' dir='ltr'>esse</span> <span class='ocrx_word' id='word_1_36' title='bbox 625 510 881 562; x_wconf 87' lang='lat' dir='ltr'>jusseram,</span> <span class='ocrx_word' id='word_1_37' title='bbox 913 510 1154 551; x_wconf 87' lang='lat' dir='ltr'>debebam.</span> <span class='ocrx_word' id='word_1_38' title='bbox 1185 509 1330 562; x_wconf 85' lang='lat' dir='ltr'><strong>Atqui</strong></span> <span class='ocrx_word' id='word_1_39' title='bbox 1356 510 1582 562; x_wconf 88' lang='lat' dir='ltr'>permittit</span> <span class='ocrx_word' id='word_1_40' title='bbox 1608 509 1766 550; x_wconf 93' lang='lat' dir='ltr'>Domi-</span> 
     </span>
     <span class='ocr_line' id='line_1_6' title="bbox 126 580 1764 634; baseline 0.001 -14"><span class='ocrx_word' id='word_1_41' title='bbox 126 591 214 620; x_wconf 92' lang='lat' dir='ltr'>nus</span> <span class='ocrx_word' id='word_1_42' title='bbox 240 586 400 621; x_wconf 92' lang='lat' dir='ltr'>noster</span> <span class='ocrx_word' id='word_1_43' title='bbox 434 592 519 621; x_wconf 91' lang='lat' dir='ltr'>sua</span> <span class='ocrx_word' id='word_1_44' title='bbox 551 581 780 621; x_wconf 89' lang='lat' dir='ltr'>immensa</span> <span class='ocrx_word' id='word_1_45' title='bbox 813 581 1137 622; x_wconf 77' lang='lat' dir='ltr'>misericordia</span> <span class='ocrx_word' id='word_1_46' title='bbox 1172 587 1219 621; x_wconf 91' lang='lat' dir='ltr'>ut</span> <span class='ocrx_word' id='word_1_47' title='bbox 1247 588 1291 621; x_wconf 93' lang='lat' dir='ltr'>et</span> <span class='ocrx_word' id='word_1_48' title='bbox 1325 580 1478 622; x_wconf 80' lang='lat' dir='ltr'>Mauri</span> <span class='ocrx_word' id='word_1_49' title='bbox 1512 587 1557 621; x_wconf 93' lang='lat' dir='ltr'>et</span> <span class='ocrx_word' id='word_1_50' title='bbox 1582 580 1764 634; x_wconf 90' lang='lat' dir='ltr'>Judaei,</span> 
     </span>
     <span class='ocr_line' id='line_1_7' title="bbox 127 651 1769 703; baseline 0.001 -12"><span class='ocrx_word' id='word_1_51' title='bbox 127 651 294 702; x_wconf 92' lang='lat' dir='ltr'>quibus</span> <span class='ocrx_word' id='word_1_52' title='bbox 314 663 417 691; x_wconf 92' lang='lat' dir='ltr'>sum</span> <span class='ocrx_word' id='word_1_53' title='bbox 437 657 594 702; x_wconf 88' lang='lat' dir='ltr'>notus,</span> <span class='ocrx_word' id='word_1_54' title='bbox 619 652 731 692; x_wconf 89' lang='lat' dir='ltr'>mihi</span> <span class='ocrx_word' id='word_1_55' title='bbox 752 652 1008 692; x_wconf 79' lang='lat' dir='ltr'>maximam</span> <span class='ocrx_word' id='word_1_56' title='bbox 1035 653 1342 703; x_wconf 77' lang='lat' dir='ltr'>pecuniarum</span> <span class='ocrx_word' id='word_1_57' title='bbox 1370 664 1622 703; x_wconf 88' lang='lat' dir='ltr'>summam,</span> <span class='ocrx_word' id='word_1_58' title='bbox 1652 653 1769 693; x_wconf 88' lang='lat' dir='ltr'>nihil</span> 
     </span>
     <span class='ocr_line' id='line_1_8' title="bbox 127 722 1768 776; baseline 0.001 -14"><span class='ocrx_word' id='word_1_59' title='bbox 127 723 203 763; x_wconf 89' lang='lat' dir='ltr'>hic</span> <span class='ocrx_word' id='word_1_60' title='bbox 223 722 348 763; x_wconf 88' lang='lat' dir='ltr'>aliud</span> <span class='ocrx_word' id='word_1_61' title='bbox 367 722 457 762; x_wconf 91' lang='lat' dir='ltr'>nisi</span> <span class='ocrx_word' id='word_1_62' title='bbox 477 723 567 763; x_wconf 89' lang='lat' dir='ltr'>hoc</span> <span class='ocrx_word' id='word_1_63' title='bbox 588 723 777 763; x_wconf 89' lang='lat' dir='ltr'>habenti</span> <span class='ocrx_word' id='word_1_64' title='bbox 797 724 1148 774; x_wconf 79' lang='lat' dir='ltr'>corpusculum,</span> <span class='ocrx_word' id='word_1_65' title='bbox 1180 735 1267 763; x_wconf 89' lang='lat' dir='ltr'>nec</span> <span class='ocrx_word' id='word_1_66' title='bbox 1294 730 1390 763; x_wconf 89' lang='lat' dir='ltr'>tam</span> <span class='ocrx_word' id='word_1_67' title='bbox 1418 730 1597 764; x_wconf 86' lang='lat' dir='ltr'>certum</span> <span class='ocrx_word' id='word_1_68' title='bbox 1627 735 1768 776; x_wconf 90' lang='lat' dir='ltr'>quam</span> 
     </span>
     <span class='ocr_line' id='line_1_9' title="bbox 127 793 1769 845; baseline 0.001 -12"><span class='ocrx_word' id='word_1_69' title='bbox 127 805 230 834; x_wconf 90' lang='lat' dir='ltr'>esse</span> <span class='ocrx_word' id='word_1_70' title='bbox 257 793 501 843; x_wconf 75' lang='lat' dir='ltr'>debuerat,</span> <span class='ocrx_word' id='word_1_71' title='bbox 533 794 724 834; x_wconf 91' lang='lat' dir='ltr'>credere</span> <span class='ocrx_word' id='word_1_72' title='bbox 751 806 845 834; x_wconf 93' lang='lat' dir='ltr'>non</span> <span class='ocrx_word' id='word_1_73' title='bbox 872 794 1097 834; x_wconf 86' lang='lat' dir='ltr'>dubitent.</span> <span class='ocrx_word' id='word_1_74' title='bbox 1127 794 1241 834; x_wconf 88' lang='lat' dir='ltr'>Mihi</span> <span class='ocrx_word' id='word_1_75' title='bbox 1269 795 1593 845; x_wconf 82' lang='lat' dir='ltr'>gratissimum</span> <span class='ocrx_word' id='word_1_76' title='bbox 1628 802 1769 841; x_wconf 83' lang='lat' dir='ltr'>esset,</span> 
     </span>
     <span class='ocr_line' id='line_1_10' title="bbox 129 864 1771 917; baseline 0.001 -12"><span class='ocrx_word' id='word_1_77' title='bbox 129 866 167 905; x_wconf 91' lang='lat' dir='ltr'>si</span> <span class='ocrx_word' id='word_1_78' title='bbox 200 865 293 905; x_wconf 90' lang='lat' dir='ltr'>tuis</span> <span class='ocrx_word' id='word_1_79' title='bbox 328 865 474 905; x_wconf 90' lang='lat' dir='ltr'>oculis</span> <span class='ocrx_word' id='word_1_80' title='bbox 506 871 551 905; x_wconf 92' lang='lat' dir='ltr'>et</span> <span class='ocrx_word' id='word_1_81' title='bbox 578 866 842 906; x_wconf 91' lang='lat' dir='ltr'>animarum</span> <span class='ocrx_word' id='word_1_82' title='bbox 870 864 1106 916; x_wconf 86' lang='lat' dir='ltr'>jacturam</span> <span class='ocrx_word' id='word_1_83' title='bbox 1134 872 1179 906; x_wconf 90' lang='lat' dir='ltr'>et</span> <span class='ocrx_word' id='word_1_84' title='bbox 1208 867 1576 917; x_wconf 88' lang='lat' dir='ltr'>quamplurimus</span> <span class='ocrx_word' id='word_1_85' title='bbox 1603 866 1680 907; x_wconf 90' lang='lat' dir='ltr'>hic</span> <span class='ocrx_word' id='word_1_86' title='bbox 1711 866 1771 906; x_wconf 88' lang='lat' dir='ltr'>ad</span> 
     </span>
     <span class='ocr_line' id='line_1_11' title="bbox 129 936 1772 989; baseline 0.001 -13"><span class='ocrx_word' id='word_1_87' title='bbox 129 936 320 976; x_wconf 90' lang='lat' dir='ltr'>Mauros</span> <span class='ocrx_word' id='word_1_88' title='bbox 354 936 552 976; x_wconf 88' lang='lat' dir='ltr'>deficere</span> <span class='ocrx_word' id='word_1_89' title='bbox 586 937 792 987; x_wconf 82' lang='lat' dir='ltr'>videres3</span> <span class='ocrx_word' id='word_1_90' title='bbox 829 944 879 977; x_wconf 86' lang='lat' dir='ltr'>ut</span> <span class='ocrx_word' id='word_1_91' title='bbox 911 943 1093 977; x_wconf 87' lang='lat' dir='ltr'>tantum</span> <span class='ocrx_word' id='word_1_92' title='bbox 1127 938 1303 977; x_wconf 92' lang='lat' dir='ltr'>malum</span> <span class='ocrx_word' id='word_1_93' title='bbox 1334 938 1644 989; x_wconf 78' lang='lat' dir='ltr'>perspiciens,</span> <span class='ocrx_word' id='word_1_94' title='bbox 1682 938 1772 978; x_wconf 91' lang='lat' dir='ltr'>hoc</span> 
     </span>
     <span class='ocr_line' id='line_1_12' title="bbox 130 1007 1770 1060; baseline 0.001 -13"><span class='ocrx_word' id='word_1_95' title='bbox 130 1013 219 1058; x_wconf 90' lang='lat' dir='ltr'>est,</span> <span class='ocrx_word' id='word_1_96' title='bbox 243 1007 499 1048; x_wconf 89' lang='lat' dir='ltr'>Dominum</span> <span class='ocrx_word' id='word_1_97' title='bbox 518 1014 753 1057; x_wconf 86' lang='lat' dir='ltr'>nostrum,</span> <span class='ocrx_word' id='word_1_98' title='bbox 780 1007 1033 1060; x_wconf 90' lang='lat' dir='ltr'>Optimum,</span> <span class='ocrx_word' id='word_1_99' title='bbox 1057 1008 1316 1048; x_wconf 85' lang='lat' dir='ltr'>maximum</span> <span class='ocrx_word' id='word_1_100' title='bbox 1336 1020 1392 1048; x_wconf 82' lang='lat' dir='ltr'>ac</span> <span class='ocrx_word' id='word_1_101' title='bbox 1413 1009 1770 1060; x_wconf 81' lang='lat' dir='ltr'>pientissimum,</span> 
     </span>
     <span class='ocr_line' id='line_1_13' title="bbox 132 1079 1773 1132; baseline 0.001 -13"><span class='ocrx_word' id='word_1_102' title='bbox 132 1092 159 1119; x_wconf 90' lang='lat' dir='ltr'>a</span> <span class='ocrx_word' id='word_1_103' title='bbox 181 1080 338 1120; x_wconf 91' lang='lat' dir='ltr'>multis</span> <span class='ocrx_word' id='word_1_104' title='bbox 358 1085 408 1119; x_wconf 94' lang='lat' dir='ltr'>ut</span> <span class='ocrx_word' id='word_1_105' title='bbox 428 1079 764 1120; x_wconf 86' lang='lat' dir='ltr'>cacodaemoni</span> <span class='ocrx_word' id='word_1_106' title='bbox 785 1080 1016 1131; x_wconf 82' lang='lat' dir='ltr'>serviant,</span> <span class='ocrx_word' id='word_1_107' title='bbox 1040 1080 1298 1132; x_wconf 87' lang='lat' dir='ltr'>repudiari,</span> <span class='ocrx_word' id='word_1_108' title='bbox 1323 1081 1475 1120; x_wconf 94' lang='lat' dir='ltr'>lucem</span> <span class='ocrx_word' id='word_1_109' title='bbox 1500 1080 1615 1131; x_wconf 83' lang='lat' dir='ltr'>fugi,</span> <span class='ocrx_word' id='word_1_110' title='bbox 1650 1087 1773 1121; x_wconf 86' lang='lat' dir='ltr'>tene-</span> 
     </span>
     <span class='ocr_line' id='line_1_14' title="bbox 132 1150 1774 1203; baseline 0.001 -13"><span class='ocrx_word' id='word_1_111' title='bbox 132 1151 242 1191; x_wconf 88' lang='lat' dir='ltr'>bras</span> <span class='ocrx_word' id='word_1_112' title='bbox 269 1151 507 1203; x_wconf 88' lang='lat' dir='ltr'>amplecti,</span> <span class='ocrx_word' id='word_1_113' title='bbox 536 1150 714 1202; x_wconf 80' lang='lat' dir='ltr'>majore</span> <span class='ocrx_word' id='word_1_114' title='bbox 742 1151 888 1192; x_wconf 85' lang='lat' dir='ltr'>divini</span> <span class='ocrx_word' id='word_1_115' title='bbox 915 1151 1108 1192; x_wconf 89' lang='lat' dir='ltr'>honoris</span> <span class='ocrx_word' id='word_1_116' title='bbox 1135 1151 1288 1192; x_wconf 90' lang='lat' dir='ltr'>studio</span> <span class='ocrx_word' id='word_1_117' title='bbox 1317 1163 1565 1201; x_wconf 80' lang='lat' dir='ltr'>accensUS,</span> <span class='ocrx_word' id='word_1_118' title='bbox 1604 1152 1774 1203; x_wconf 84' lang='lat' dir='ltr'>sigilla-</span> 
     </span>
     <span class='ocr_line' id='line_1_15' title="bbox 133 1222 1776 1274; baseline 0.001 -12"><span class='ocrx_word' id='word_1_119' title='bbox 133 1222 235 1272; x_wconf 89' lang='lat' dir='ltr'>tim,</span> <span class='ocrx_word' id='word_1_120' title='bbox 260 1228 305 1262; x_wconf 92' lang='lat' dir='ltr'>et</span> <span class='ocrx_word' id='word_1_121' title='bbox 332 1233 505 1273; x_wconf 82' lang='lat' dir='ltr'>magno</span> <span class='ocrx_word' id='word_1_122' title='bbox 538 1223 683 1262; x_wconf 90' lang='lat' dir='ltr'>animi</span> <span class='ocrx_word' id='word_1_123' title='bbox 705 1223 894 1274; x_wconf 87' lang='lat' dir='ltr'>ardore,</span> <span class='ocrx_word' id='word_1_124' title='bbox 917 1223 1130 1274; x_wconf 88' lang='lat' dir='ltr'>privatas</span> <span class='ocrx_word' id='word_1_125' title='bbox 1150 1223 1415 1274; x_wconf 90' lang='lat' dir='ltr'>principum</span> <span class='ocrx_word' id='word_1_126' title='bbox 1438 1223 1577 1263; x_wconf 87' lang='lat' dir='ltr'>aedes</span> <span class='ocrx_word' id='word_1_127' title='bbox 1607 1224 1776 1263; x_wconf 88' lang='lat' dir='ltr'>obeun-</span> 
     </span>
     <span class='ocr_line' id='line_1_16' title="bbox 134 1293 1778 1345; baseline 0.001 -12"><span class='ocrx_word' id='word_1_128' title='bbox 134 1294 208 1343; x_wconf 90' lang='lat' dir='ltr'>do,</span> <span class='ocrx_word' id='word_1_129' title='bbox 232 1294 559 1345; x_wconf 88' lang='lat' dir='ltr'>eleemosynas</span> <span class='ocrx_word' id='word_1_130' title='bbox 587 1293 891 1345; x_wconf 83' lang='lat' dir='ltr'>efflagitares,</span> <span class='ocrx_word' id='word_1_131' title='bbox 921 1293 1087 1345; x_wconf 88' lang='lat' dir='ltr'>quibus</span> <span class='ocrx_word' id='word_1_132' title='bbox 1118 1294 1419 1334; x_wconf 89' lang='lat' dir='ltr'>tantum-hoc</span> <span class='ocrx_word' id='word_1_133' title='bbox 1446 1294 1778 1335; x_wconf 88' lang='lat' dir='ltr'>detrimentum</span> 
     </span>
     <span class='ocr_line' id='line_1_17' title="bbox 133 1365 460 1405; baseline -0.006 -1"><span class='ocrx_word' id='word_1_134' title='bbox 133 1365 460 1405; x_wconf 83' lang='lat' dir='ltr'>resarciretur.</span> 
     </span>
    </p>

    <p class='ocr_par' dir='ltr' id='par_1_3' title="bbox 76 1436 1791 3061">
     <span class='ocr_line' id='line_1_18' title="bbox 213 1436 1779 1489; baseline 0.001 -13"><span class='ocrx_word' id='word_1_135' title='bbox 213 1436 408 1477; x_wconf 90' lang='lat' dir='ltr'>Duabus</span> <span class='ocrx_word' id='word_1_136' title='bbox 429 1448 630 1489; x_wconf 90' lang='lat' dir='ltr'>namque</span> <span class='ocrx_word' id='word_1_137' title='bbox 652 1437 856 1477; x_wconf 81' lang='lat' dir='ltr'>maxime</span> <span class='ocrx_word' id='word_1_138' title='bbox 884 1437 940 1477; x_wconf 92' lang='lat' dir='ltr'>de</span> <span class='ocrx_word' id='word_1_139' title='bbox 962 1437 1118 1477; x_wconf 90' lang='lat' dir='ltr'>causis</span> <span class='ocrx_word' id='word_1_140' title='bbox 1144 1438 1327 1478; x_wconf 90' lang='lat' dir='ltr'>lucrum</span> <span class='ocrx_word' id='word_1_141' title='bbox 1355 1438 1521 1489; x_wconf 81' lang='lat' dir='ltr'>ingens</span> <span class='ocrx_word' id='word_1_142' title='bbox 1547 1438 1698 1478; x_wconf 88' lang='lat' dir='ltr'>fieret:</span> <span class='ocrx_word' id='word_1_143' title='bbox 1730 1438 1779 1478; x_wconf 88' lang='lat' dir='ltr'>in</span> 
     </span>
     <span class='ocr_line' id='line_1_19' title="bbox 133 1508 1776 1561; baseline 0.001 -13"><span class='ocrx_word' id='word_1_144' title='bbox 133 1508 312 1559; x_wconf 89' lang='lat' dir='ltr'>primis,</span> <span class='ocrx_word' id='word_1_145' title='bbox 336 1509 510 1548; x_wconf 92' lang='lat' dir='ltr'>multae</span> <span class='ocrx_word' id='word_1_146' title='bbox 532 1509 740 1559; x_wconf 90' lang='lat' dir='ltr'>animae,</span> <span class='ocrx_word' id='word_1_147' title='bbox 764 1509 1106 1560; x_wconf 90' lang='lat' dir='ltr'>pretiosissimo</span> <span class='ocrx_word' id='word_1_148' title='bbox 1129 1508 1302 1549; x_wconf 89' lang='lat' dir='ltr'>Christi</span> <span class='ocrx_word' id='word_1_149' title='bbox 1324 1510 1554 1560; x_wconf 83' lang='lat' dir='ltr'>sanguine</span> <span class='ocrx_word' id='word_1_150' title='bbox 1576 1516 1776 1561; x_wconf 87' lang='lat' dir='ltr'>emptae,</span> 
     </span>
     <span class='ocr_line' id='line_1_20' title="bbox 134 1579 1780 1632; baseline 0.001 -13"><span class='ocrx_word' id='word_1_151' title='bbox 134 1590 252 1631; x_wconf 89' lang='lat' dir='ltr'>quas</span> <span class='ocrx_word' id='word_1_152' title='bbox 274 1579 480 1631; x_wconf 89' lang='lat' dir='ltr'>quotidie</span> <span class='ocrx_word' id='word_1_153' title='bbox 501 1579 692 1620; x_wconf 88' lang='lat' dir='ltr'>interire</span> <span class='ocrx_word' id='word_1_154' title='bbox 712 1580 1019 1631; x_wconf 89' lang='lat' dir='ltr'>pecuniarum</span> <span class='ocrx_word' id='word_1_155' title='bbox 1040 1580 1237 1632; x_wconf 90' lang='lat' dir='ltr'>penuria</span> <span class='ocrx_word' id='word_1_156' title='bbox 1264 1580 1418 1631; x_wconf 84' lang='lat' dir='ltr'>video,</span> <span class='ocrx_word' id='word_1_157' title='bbox 1450 1580 1639 1620; x_wconf 90' lang='lat' dir='ltr'>minime</span> <span class='ocrx_word' id='word_1_158' title='bbox 1666 1581 1780 1621; x_wconf 91' lang='lat' dir='ltr'>inte-</span> 
     </span>
     <span class='ocr_line' id='line_1_21' title="bbox 133 1650 1781 1703; baseline 0.001 -13"><span class='ocrx_word' id='word_1_159' title='bbox 133 1651 294 1691; x_wconf 88' lang='lat' dir='ltr'>rirent.</span> <span class='ocrx_word' id='word_1_160' title='bbox 331 1650 533 1702; x_wconf 88' lang='lat' dir='ltr'>Deinde,</span> <span class='ocrx_word' id='word_1_161' title='bbox 563 1651 615 1702; x_wconf 88' lang='lat' dir='ltr'>ii,</span> <span class='ocrx_word' id='word_1_162' title='bbox 650 1663 767 1703; x_wconf 91' lang='lat' dir='ltr'>quos</span> <span class='ocrx_word' id='word_1_163' title='bbox 796 1650 925 1691; x_wconf 89' lang='lat' dir='ltr'>Deus</span> <span class='ocrx_word' id='word_1_164' title='bbox 952 1662 1127 1702; x_wconf 82' lang='lat' dir='ltr'>magna</span> <span class='ocrx_word' id='word_1_165' title='bbox 1153 1652 1360 1703; x_wconf 88' lang='lat' dir='ltr'>potentia</span> <span class='ocrx_word' id='word_1_166' title='bbox 1393 1658 1437 1692; x_wconf 86' lang='lat' dir='ltr'>et</span> <span class='ocrx_word' id='word_1_167' title='bbox 1465 1652 1781 1692; x_wconf 80' lang='lat' dir='ltr'>maximorum</span> 
     </span>
     <span class='ocr_line' id='line_1_22' title="bbox 134 1721 1779 1774; baseline 0.001 -12"><span class='ocrx_word' id='word_1_168' title='bbox 134 1721 367 1763; x_wconf 86' lang='lat' dir='ltr'>redituum</span> <span class='ocrx_word' id='word_1_169' title='bbox 393 1722 716 1774; x_wconf 90' lang='lat' dir='ltr'>bonorumque</span> <span class='ocrx_word' id='word_1_170' title='bbox 743 1722 1073 1774; x_wconf 86' lang='lat' dir='ltr'>temporalium</span> <span class='ocrx_word' id='word_1_171' title='bbox 1100 1722 1451 1774; x_wconf 88' lang='lat' dir='ltr'>dispensatores</span> <span class='ocrx_word' id='word_1_172' title='bbox 1482 1735 1584 1763; x_wconf 92' lang='lat' dir='ltr'>esse</span> <span class='ocrx_word' id='word_1_173' title='bbox 1615 1724 1779 1771; x_wconf 83' lang='lat' dir='ltr'>voluit,</span> 
     </span>
     <span class='ocr_line' id='line_1_23' title="bbox 135 1793 1779 1846; baseline 0.001 -13"><span class='ocrx_word' id='word_1_174' title='bbox 135 1793 174 1833; x_wconf 90' lang='lat' dir='ltr'>si</span> <span class='ocrx_word' id='word_1_175' title='bbox 195 1805 295 1834; x_wconf 90' lang='lat' dir='ltr'>rem</span> <span class='ocrx_word' id='word_1_176' title='bbox 314 1801 411 1834; x_wconf 91' lang='lat' dir='ltr'>tam</span> <span class='ocrx_word' id='word_1_177' title='bbox 431 1794 559 1846; x_wconf 85' lang='lat' dir='ltr'>piam</span> <span class='ocrx_word' id='word_1_178' title='bbox 581 1794 875 1846; x_wconf 79' lang='lat' dir='ltr'>adJ&#39;uvarent,</span> <span class='ocrx_word' id='word_1_179' title='bbox 899 1794 1140 1845; x_wconf 82' lang='lat' dir='ltr'>ingentem</span> <span class='ocrx_word' id='word_1_180' title='bbox 1161 1794 1219 1834; x_wconf 89' lang='lat' dir='ltr'>ab</span> <span class='ocrx_word' id='word_1_181' title='bbox 1241 1795 1318 1834; x_wconf 92' lang='lat' dir='ltr'>illo</span> <span class='ocrx_word' id='word_1_182' title='bbox 1341 1795 1442 1846; x_wconf 91' lang='lat' dir='ltr'>ipso</span> <span class='ocrx_word' id='word_1_183' title='bbox 1465 1795 1669 1846; x_wconf 83' lang='lat' dir='ltr'>gratiam</span> <span class='ocrx_word' id='word_1_184' title='bbox 1699 1795 1779 1835; x_wconf 91' lang='lat' dir='ltr'>ini-</span> 
     </span>
     <span class='ocr_line' id='line_1_24' title="bbox 135 1864 1783 1918; baseline 0.001 -13"><span class='ocrx_word' id='word_1_185' title='bbox 135 1871 254 1905; x_wconf 87' lang='lat' dir='ltr'>rent.</span> <span class='ocrx_word' id='word_1_186' title='bbox 278 1864 353 1906; x_wconf 86' lang='lat' dir='ltr'>Sic</span> <span class='ocrx_word' id='word_1_187' title='bbox 375 1866 623 1917; x_wconf 88' lang='lat' dir='ltr'>pecuniam</span> <span class='ocrx_word' id='word_1_188' title='bbox 639 1877 774 1906; x_wconf 91' lang='lat' dir='ltr'>suam</span> <span class='ocrx_word' id='word_1_189' title='bbox 790 1865 892 1906; x_wconf 91' lang='lat' dir='ltr'>Deo</span> <span class='ocrx_word' id='word_1_190' title='bbox 908 1865 1092 1906; x_wconf 80' lang='lat' dir='ltr'>foenori</span> <span class='ocrx_word' id='word_1_191' title='bbox 1113 1866 1293 1906; x_wconf 91' lang='lat' dir='ltr'>darent.</span> <span class='ocrx_word' id='word_1_192' title='bbox 1318 1866 1438 1907; x_wconf 89' lang='lat' dir='ltr'>Nam</span> <span class='ocrx_word' id='word_1_193' title='bbox 1459 1878 1544 1918; x_wconf 91' lang='lat' dir='ltr'>pro</span> <span class='ocrx_word' id='word_1_194' title='bbox 1566 1879 1636 1917; x_wconf 85' lang='lat' dir='ltr'>ea,</span> <span class='ocrx_word' id='word_1_195' title='bbox 1661 1878 1783 1918; x_wconf 85' lang='lat' dir='ltr'>quae</span> 
     </span>
     <span class='ocr_line' id='line_1_25' title="bbox 137 1937 1782 1990; baseline 0.001 -14"><span class='ocrx_word' id='word_1_196' title='bbox 137 1937 201 1976; x_wconf 90' lang='lat' dir='ltr'>ita</span> <span class='ocrx_word' id='word_1_197' title='bbox 227 1937 335 1977; x_wconf 84' lang='lat' dir='ltr'>vilis</span> <span class='ocrx_word' id='word_1_198' title='bbox 362 1943 408 1977; x_wconf 92' lang='lat' dir='ltr'>et</span> <span class='ocrx_word' id='word_1_199' title='bbox 435 1943 705 1989; x_wconf 91' lang='lat' dir='ltr'>contempta</span> <span class='ocrx_word' id='word_1_200' title='bbox 732 1944 822 1987; x_wconf 89' lang='lat' dir='ltr'>est,</span> <span class='ocrx_word' id='word_1_201' title='bbox 855 1938 893 1977; x_wconf 91' lang='lat' dir='ltr'>si</span> <span class='ocrx_word' id='word_1_202' title='bbox 921 1937 968 1977; x_wconf 92' lang='lat' dir='ltr'>in</span> <span class='ocrx_word' id='word_1_203' title='bbox 996 1939 1145 1978; x_wconf 91' lang='lat' dir='ltr'>malos</span> <span class='ocrx_word' id='word_1_204' title='bbox 1178 1950 1291 1978; x_wconf 91' lang='lat' dir='ltr'>usus</span> <span class='ocrx_word' id='word_1_205' title='bbox 1326 1938 1653 1990; x_wconf 82' lang='lat' dir='ltr'>profundatur,</span> <span class='ocrx_word' id='word_1_206' title='bbox 1678 1945 1726 1978; x_wconf 95' lang='lat' dir='ltr'>ut</span> <span class='ocrx_word' id='word_1_207' title='bbox 1756 1951 1782 1978; x_wconf 93' lang='lat' dir='ltr'>a</span> 
     </span>
     <span class='ocr_line' id='line_1_26' title="bbox 76 2008 1784 2061; baseline 0.001 -13"><span class='ocrx_word' id='word_1_208' title='bbox 76 2015 79 2017; x_wconf 86' lang='grc'><strong>’</strong></span> <span class='ocrx_word' id='word_1_209' title='bbox 137 2008 262 2049; x_wconf 88' lang='lat' dir='ltr'>Divo</span> <span class='ocrx_word' id='word_1_210' title='bbox 282 2008 421 2049; x_wconf 88' lang='lat' dir='ltr'>Petro</span> <span class='ocrx_word' id='word_1_211' title='bbox 443 2015 626 2050; x_wconf 90' lang='lat' dir='ltr'>stercus</span> <span class='ocrx_word' id='word_1_212' title='bbox 647 2010 921 2061; x_wconf 87' lang='lat' dir='ltr'>appelletur,</span> <span class='ocrx_word' id='word_1_213' title='bbox 954 2009 1079 2061; x_wconf 87' lang='lat' dir='ltr'>quod</span> <span class='ocrx_word' id='word_1_214' title='bbox 1108 2009 1296 2060; x_wconf 88' lang='lat' dir='ltr'>quidem</span> <span class='ocrx_word' id='word_1_215' title='bbox 1318 2016 1594 2061; x_wconf 83' lang='lat' dir='ltr'>congestum</span> <span class='ocrx_word' id='word_1_216' title='bbox 1622 2011 1784 2050; x_wconf 90' lang='lat' dir='ltr'>inutile</span> 
     </span>
     <span class='ocr_line' id='line_1_27' title="bbox 137 2081 1784 2133; baseline 0.001 -13"><span class='ocrx_word' id='word_1_217' title='bbox 137 2087 228 2130; x_wconf 87' lang='lat' dir='ltr'>est,</span> <span class='ocrx_word' id='word_1_218' title='bbox 261 2091 478 2131; x_wconf 89' lang='lat' dir='ltr'>sparsum</span> <span class='ocrx_word' id='word_1_219' title='bbox 513 2092 628 2121; x_wconf 86' lang='lat' dir='ltr'>vero</span> <span class='ocrx_word' id='word_1_220' title='bbox 665 2086 709 2121; x_wconf 85' lang='lat' dir='ltr'>et</span> <span class='ocrx_word' id='word_1_221' title='bbox 742 2086 989 2121; x_wconf 81' lang='lat' dir='ltr'>extensum</span> <span class='ocrx_word' id='word_1_222' title='bbox 1023 2081 1256 2121; x_wconf 81' lang='lat' dir='ltr'>maximos</span> <span class='ocrx_word' id='word_1_223' title='bbox 1288 2081 1468 2122; x_wconf 87' lang='lat' dir='ltr'>fructus</span> <span class='ocrx_word' id='word_1_224' title='bbox 1502 2081 1700 2133; x_wconf 87' lang='lat' dir='ltr'>profert,</span> <span class='ocrx_word' id='word_1_225' title='bbox 1737 2082 1784 2121; x_wconf 89' lang='lat' dir='ltr'>in</span> 
     </span>
     <span class='ocr_line' id='line_1_28' title="bbox 139 2151 1782 2204; baseline 0.001 -13"><span class='ocrx_word' id='word_1_226' title='bbox 139 2151 270 2192; x_wconf 92' lang='lat' dir='ltr'>coelo</span> <span class='ocrx_word' id='word_1_227' title='bbox 291 2152 330 2191; x_wconf 92' lang='lat' dir='ltr'>si</span> <span class='ocrx_word' id='word_1_228' title='bbox 356 2163 438 2203; x_wconf 92' lang='lat' dir='ltr'>per</span> <span class='ocrx_word' id='word_1_229' title='bbox 468 2164 700 2204; x_wconf 89' lang='lat' dir='ltr'>pauperes</span> <span class='ocrx_word' id='word_1_230' title='bbox 728 2152 1028 2204; x_wconf 85' lang='lat' dir='ltr'>dispergitur,</span> <span class='ocrx_word' id='word_1_231' title='bbox 1063 2153 1242 2192; x_wconf 90' lang='lat' dir='ltr'>aeterni</span> <span class='ocrx_word' id='word_1_232' title='bbox 1272 2152 1483 2193; x_wconf 86' lang='lat' dir='ltr'>thesauri</span> <span class='ocrx_word' id='word_1_233' title='bbox 1510 2153 1782 2204; x_wconf 84' lang='lat' dir='ltr'>persolvun-</span> 
     </span>
     <span class='ocr_line' id='line_1_29' title="bbox 139 2221 1785 2275; baseline 0.001 -13"><span class='ocrx_word' id='word_1_234' title='bbox 139 2229 228 2262; x_wconf 90' lang='lat' dir='ltr'>tur.</span> <span class='ocrx_word' id='word_1_235' title='bbox 253 2221 316 2264; x_wconf 85' lang='lat' dir='ltr'>At</span> <span class='ocrx_word' id='word_1_236' title='bbox 343 2223 791 2264; x_wconf 77' lang='lat' dir='ltr'>excellentissimum</span> <span class='ocrx_word' id='word_1_237' title='bbox 810 2223 976 2264; x_wconf 88' lang='lat' dir='ltr'>foenus</span> <span class='ocrx_word' id='word_1_238' title='bbox 1004 2230 1074 2264; x_wconf 90' lang='lat' dir='ltr'>est</span> <span class='ocrx_word' id='word_1_239' title='bbox 1100 2224 1253 2275; x_wconf 90' lang='lat' dir='ltr'>ipsum</span> <span class='ocrx_word' id='word_1_240' title='bbox 1274 2224 1427 2264; x_wconf 93' lang='lat' dir='ltr'>Deum</span> <span class='ocrx_word' id='word_1_241' title='bbox 1456 2235 1689 2264; x_wconf 91' lang='lat' dir='ltr'>summum</span> <span class='ocrx_word' id='word_1_242' title='bbox 1707 2224 1785 2264; x_wconf 95' lang='lat' dir='ltr'>bo-</span> 
     </span>
     <span class='ocr_line' id='line_1_30' title="bbox 139 2294 1786 2348; baseline 0.001 -14"><span class='ocrx_word' id='word_1_243' title='bbox 139 2306 250 2334; x_wconf 92' lang='lat' dir='ltr'>num</span> <span class='ocrx_word' id='word_1_244' title='bbox 270 2306 355 2346; x_wconf 94' lang='lat' dir='ltr'>pro</span> <span class='ocrx_word' id='word_1_245' title='bbox 378 2294 592 2335; x_wconf 89' lang='lat' dir='ltr'>mercede</span> <span class='ocrx_word' id='word_1_246' title='bbox 613 2294 711 2346; x_wconf 90' lang='lat' dir='ltr'>ejus</span> <span class='ocrx_word' id='word_1_247' title='bbox 738 2295 805 2335; x_wconf 88' lang='lat' dir='ltr'>rei</span> <span class='ocrx_word' id='word_1_248' title='bbox 825 2295 1055 2347; x_wconf 89' lang='lat' dir='ltr'>accipere,</span> <span class='ocrx_word' id='word_1_249' title='bbox 1079 2306 1199 2346; x_wconf 88' lang='lat' dir='ltr'>quae</span> <span class='ocrx_word' id='word_1_250' title='bbox 1225 2308 1316 2347; x_wconf 91' lang='lat' dir='ltr'>quo</span> <span class='ocrx_word' id='word_1_251' title='bbox 1338 2295 1505 2348; x_wconf 86' lang='lat' dir='ltr'>majori</span> <span class='ocrx_word' id='word_1_252' title='bbox 1534 2296 1668 2336; x_wconf 90' lang='lat' dir='ltr'>nobis</span> <span class='ocrx_word' id='word_1_253' title='bbox 1698 2295 1786 2336; x_wconf 85' lang='lat' dir='ltr'>fuit</span> 
     </span>
     <span class='ocr_line' id='line_1_31' title="bbox 140 2365 1786 2417; baseline 0.001 -12"><span class='ocrx_word' id='word_1_254' title='bbox 140 2366 392 2417; x_wconf 89' lang='lat' dir='ltr'>voluptati,</span> <span class='ocrx_word' id='word_1_255' title='bbox 425 2378 480 2406; x_wconf 93' lang='lat' dir='ltr'>eo</span> <span class='ocrx_word' id='word_1_256' title='bbox 502 2365 677 2417; x_wconf 87' lang='lat' dir='ltr'>majore</span> <span class='ocrx_word' id='word_1_257' title='bbox 699 2377 806 2406; x_wconf 90' lang='lat' dir='ltr'>cum</span> <span class='ocrx_word' id='word_1_258' title='bbox 827 2365 1004 2417; x_wconf 88' lang='lat' dir='ltr'>dolore,</span> <span class='ocrx_word' id='word_1_259' title='bbox 1029 2367 1228 2407; x_wconf 86' lang='lat' dir='ltr'>velimus</span> <span class='ocrx_word' id='word_1_260' title='bbox 1249 2367 1473 2415; x_wconf 90' lang='lat' dir='ltr'>nolimus,</span> <span class='ocrx_word' id='word_1_261' title='bbox 1498 2366 1687 2407; x_wconf 90' lang='lat' dir='ltr'>tandem</span> <span class='ocrx_word' id='word_1_262' title='bbox 1709 2367 1786 2408; x_wconf 90' lang='lat' dir='ltr'>ali—</span> 
     </span>
     <span class='ocr_line' id='line_1_32' title="bbox 141 2436 1787 2489; baseline 0.001 -12"><span class='ocrx_word' id='word_1_263' title='bbox 141 2437 328 2489; x_wconf 89' lang='lat' dir='ltr'>quando</span> <span class='ocrx_word' id='word_1_264' title='bbox 349 2437 622 2489; x_wconf 88' lang='lat' dir='ltr'>reliquenda</span> <span class='ocrx_word' id='word_1_265' title='bbox 644 2442 727 2477; x_wconf 91' lang='lat' dir='ltr'>est.</span> <span class='ocrx_word' id='word_1_266' title='bbox 751 2436 800 2478; x_wconf 85' lang='lat' dir='ltr'>Si</span> <span class='ocrx_word' id='word_1_267' title='bbox 821 2443 932 2489; x_wconf 88' lang='lat' dir='ltr'>quot</span> <span class='ocrx_word' id='word_1_268' title='bbox 952 2437 999 2477; x_wconf 92' lang='lat' dir='ltr'>in</span> <span class='ocrx_word' id='word_1_269' title='bbox 1020 2437 1093 2478; x_wconf 94' lang='lat' dir='ltr'>his</span> <span class='ocrx_word' id='word_1_270' title='bbox 1112 2438 1273 2489; x_wconf 84' lang='lat' dir='ltr'>regnis</span> <span class='ocrx_word' id='word_1_271' title='bbox 1296 2438 1479 2478; x_wconf 91' lang='lat' dir='ltr'>animae</span> <span class='ocrx_word' id='word_1_272' title='bbox 1501 2438 1623 2478; x_wconf 89' lang='lat' dir='ltr'>hanc</span> <span class='ocrx_word' id='word_1_273' title='bbox 1644 2449 1787 2479; x_wconf 89' lang='lat' dir='ltr'>unam</span> 
     </span>
     <span class='ocr_line' id='line_1_33' title="bbox 143 2508 1789 2561; baseline 0.001 -13"><span class='ocrx_word' id='word_1_274' title='bbox 143 2508 201 2548; x_wconf 93' lang='lat' dir='ltr'>ob</span> <span class='ocrx_word' id='word_1_275' title='bbox 223 2520 418 2549; x_wconf 89' lang='lat' dir='ltr'>causam</span> <span class='ocrx_word' id='word_1_276' title='bbox 437 2514 654 2560; x_wconf 88' lang='lat' dir='ltr'>pereant,</span> <span class='ocrx_word' id='word_1_277' title='bbox 678 2509 789 2560; x_wconf 90' lang='lat' dir='ltr'>quia</span> <span class='ocrx_word' id='word_1_278' title='bbox 808 2508 921 2549; x_wconf 90' lang='lat' dir='ltr'>mihi</span> <span class='ocrx_word' id='word_1_279' title='bbox 941 2509 1169 2559; x_wconf 91' lang='lat' dir='ltr'>pecuniae</span> <span class='ocrx_word' id='word_1_280' title='bbox 1201 2509 1392 2560; x_wconf 89' lang='lat' dir='ltr'>desunt,</span> <span class='ocrx_word' id='word_1_281' title='bbox 1426 2510 1592 2561; x_wconf 88' lang='lat' dir='ltr'>quibus</span> <span class='ocrx_word' id='word_1_282' title='bbox 1621 2509 1789 2550; x_wconf 88' lang='lat' dir='ltr'>redimi</span> 
     </span>
     <span class='ocr_line' id='line_1_34' title="bbox 143 2579 1789 2632; baseline 0.001 -13"><span class='ocrx_word' id='word_1_283' title='bbox 143 2579 345 2631; x_wconf 89' lang='lat' dir='ltr'>possint,</span> <span class='ocrx_word' id='word_1_284' title='bbox 378 2579 462 2619; x_wconf 92' lang='lat' dir='ltr'>tibi</span> <span class='ocrx_word' id='word_1_285' title='bbox 484 2579 803 2631; x_wconf 87' lang='lat' dir='ltr'>particulatim</span> <span class='ocrx_word' id='word_1_286' title='bbox 825 2580 966 2620; x_wconf 87' lang='lat' dir='ltr'>velim</span> <span class='ocrx_word' id='word_1_287' title='bbox 987 2591 1244 2632; x_wconf 77' lang='lat' dir='ltr'>exponere,</span> <span class='ocrx_word' id='word_1_288' title='bbox 1269 2580 1452 2620; x_wconf 86' lang='lat' dir='ltr'>difficile</span> <span class='ocrx_word' id='word_1_289' title='bbox 1475 2585 1598 2620; x_wconf 89' lang='lat' dir='ltr'>esset</span> <span class='ocrx_word' id='word_1_290' title='bbox 1619 2580 1789 2632; x_wconf 86' lang='lat' dir='ltr'>episto-</span> 
     </span>
     <span class='ocr_line' id='line_1_35' title="bbox 142 2650 1790 2703; baseline 0.001 -13"><span class='ocrx_word' id='word_1_291' title='bbox 142 2651 216 2691; x_wconf 88' lang='lat' dir='ltr'>lae</span> <span class='ocrx_word' id='word_1_292' title='bbox 236 2651 413 2692; x_wconf 77' lang='lat' dir='ltr'>exitum</span> <span class='ocrx_word' id='word_1_293' title='bbox 432 2650 660 2691; x_wconf 87' lang='lat' dir='ltr'>invenire.</span> <span class='ocrx_word' id='word_1_294' title='bbox 684 2650 967 2703; x_wconf 85' lang='lat' dir='ltr'>Saepissime</span> <span class='ocrx_word' id='word_1_295' title='bbox 988 2652 1113 2692; x_wconf 91' lang='lat' dir='ltr'>enim</span> <span class='ocrx_word' id='word_1_296' title='bbox 1133 2653 1306 2692; x_wconf 89' lang='lat' dir='ltr'>multae</span> <span class='ocrx_word' id='word_1_297' title='bbox 1323 2659 1567 2692; x_wconf 89' lang='lat' dir='ltr'>turcarum</span> <span class='ocrx_word' id='word_1_298' title='bbox 1586 2652 1790 2693; x_wconf 91' lang='lat' dir='ltr'>biremes</span> 
     </span>
     <span class='ocr_line' id='line_1_36' title="bbox 144 2721 1791 2776; baseline 0.001 -14"><span class='ocrx_word' id='word_1_299' title='bbox 144 2723 204 2763; x_wconf 86' lang='lat' dir='ltr'>ad</span> <span class='ocrx_word' id='word_1_300' title='bbox 229 2721 366 2774; x_wconf 84' lang='lat' dir='ltr'>hujus</span> <span class='ocrx_word' id='word_1_301' title='bbox 393 2722 553 2774; x_wconf 86' lang='lat' dir='ltr'>oppidi</span> <span class='ocrx_word' id='word_1_302' title='bbox 578 2728 768 2774; x_wconf 88' lang='lat' dir='ltr'>portum</span> <span class='ocrx_word' id='word_1_303' title='bbox 794 2723 1105 2774; x_wconf 88' lang='lat' dir='ltr'>appelluntur,</span> <span class='ocrx_word' id='word_1_304' title='bbox 1141 2723 1307 2776; x_wconf 91' lang='lat' dir='ltr'>quibus</span> <span class='ocrx_word' id='word_1_305' title='bbox 1333 2734 1509 2774; x_wconf 82' lang='lat' dir='ltr'>magna</span> <span class='ocrx_word' id='word_1_306' title='bbox 1536 2735 1791 2775; x_wconf 90' lang='lat' dir='ltr'>puerorum</span> 
     </span>
     <span class='ocr_line' id='line_1_37' title="bbox 145 2793 1789 2847; baseline 0.001 -13"><span class='ocrx_word' id='word_1_307' title='bbox 145 2793 407 2845; x_wconf 89' lang='lat' dir='ltr'>multitudo,</span> <span class='ocrx_word' id='word_1_308' title='bbox 446 2805 564 2846; x_wconf 89' lang='lat' dir='ltr'>quos</span> <span class='ocrx_word' id='word_1_309' title='bbox 593 2794 658 2834; x_wconf 91' lang='lat' dir='ltr'>illi</span> <span class='ocrx_word' id='word_1_310' title='bbox 685 2793 967 2835; x_wconf 88' lang='lat' dir='ltr'>foedissimis</span> <span class='ocrx_word' id='word_1_311' title='bbox 989 2795 1278 2836; x_wconf 67' lang='lat' dir='ltr'>vconstrictos</span> <span class='ocrx_word' id='word_1_312' title='bbox 1310 2801 1450 2847; x_wconf 85' lang='lat' dir='ltr'>atque</span> <span class='ocrx_word' id='word_1_313' title='bbox 1483 2795 1690 2836; x_wconf 89' lang='lat' dir='ltr'>irretitos</span> <span class='ocrx_word' id='word_1_314' title='bbox 1726 2802 1789 2836; x_wconf 91' lang='lat' dir='ltr'>te-</span> 
     </span>
     <span class='ocr_line' id='line_1_38' title="bbox 145 2865 1790 2919; baseline 0.001 -13"><span class='ocrx_word' id='word_1_315' title='bbox 145 2872 256 2906; x_wconf 87' lang='lat' dir='ltr'>nent</span> <span class='ocrx_word' id='word_1_316' title='bbox 277 2866 550 2917; x_wconf 89' lang='lat' dir='ltr'>sceleribus,</span> <span class='ocrx_word' id='word_1_317' title='bbox 583 2865 783 2906; x_wconf 85' lang='lat' dir='ltr'>vehitur.</span> <span class='ocrx_word' id='word_1_318' title='bbox 814 2865 874 2906; x_wconf 91' lang='lat' dir='ltr'>Hi</span> <span class='ocrx_word' id='word_1_319' title='bbox 895 2866 956 2907; x_wconf 90' lang='lat' dir='ltr'>ad</span> <span class='ocrx_word' id='word_1_320' title='bbox 976 2878 1050 2907; x_wconf 90' lang='lat' dir='ltr'>me</span> <span class='ocrx_word' id='word_1_321' title='bbox 1071 2879 1212 2919; x_wconf 90' lang='lat' dir='ltr'>saepe</span> <span class='ocrx_word' id='word_1_322' title='bbox 1238 2867 1575 2907; x_wconf 88' lang='lat' dir='ltr'>lachrimantes</span> <span class='ocrx_word' id='word_1_323' title='bbox 1605 2868 1790 2919; x_wconf 90' lang='lat' dir='ltr'>publice</span> 
     </span>
     <span class='ocr_line' id='line_1_39' title="bbox 145 2937 1789 2991; baseline 0.002 -15"><span class='ocrx_word' id='word_1_324' title='bbox 145 2937 364 2988; x_wconf 89' lang='lat' dir='ltr'>veniunt,</span> <span class='ocrx_word' id='word_1_325' title='bbox 393 2943 443 2977; x_wconf 93' lang='lat' dir='ltr'>ut</span> <span class='ocrx_word' id='word_1_326' title='bbox 470 2948 574 2978; x_wconf 91' lang='lat' dir='ltr'>sese</span> <span class='ocrx_word' id='word_1_327' title='bbox 600 2944 697 2978; x_wconf 91' lang='lat' dir='ltr'>tam</span> <span class='ocrx_word' id='word_1_328' title='bbox 717 2948 868 2988; x_wconf 84' lang='lat' dir='ltr'>prava</span> <span class='ocrx_word' id='word_1_329' title='bbox 894 2937 1232 2978; x_wconf 87' lang='lat' dir='ltr'>consuetudine</span> <span class='ocrx_word' id='word_1_330' title='bbox 1260 2938 1453 2979; x_wconf 91' lang='lat' dir='ltr'>liberem</span> <span class='ocrx_word' id='word_1_331' title='bbox 1483 2944 1622 2991; x_wconf 90' lang='lat' dir='ltr'>atque</span> <span class='ocrx_word' id='word_1_332' title='bbox 1653 2951 1789 2990; x_wconf 81' lang='lat' dir='ltr'>expe-</span> 
     </span>
     <span class='ocr_line' id='line_1_40' title="bbox 149 3008 1790 3061; baseline 0.002 -13"><span class='ocrx_word' id='word_1_333' title='bbox 149 3008 288 3049; x_wconf 90' lang='lat' dir='ltr'>diam.</span> <span class='ocrx_word' id='word_1_334' title='bbox 314 3008 378 3050; x_wconf 85' lang='lat' dir='ltr'>At</span> <span class='ocrx_word' id='word_1_335' title='bbox 401 3020 506 3061; x_wconf 84' lang='lat' dir='ltr'>ego,</span> <span class='ocrx_word' id='word_1_336' title='bbox 530 3008 837 3060; x_wconf 89' lang='lat' dir='ltr'>pecuniarum</span> <span class='ocrx_word' id='word_1_337' title='bbox 866 3008 1045 3060; x_wconf 91' lang='lat' dir='ltr'>inopia,</span> <span class='ocrx_word' id='word_1_338' title='bbox 1079 3020 1161 3061; x_wconf 92' lang='lat' dir='ltr'>spe</span> <span class='ocrx_word' id='word_1_339' title='bbox 1191 3021 1278 3050; x_wconf 90' lang='lat' dir='ltr'>sua</span> <span class='ocrx_word' id='word_1_340' title='bbox 1310 3009 1564 3051; x_wconf 89' lang='lat' dir='ltr'>frustratos</span> <span class='ocrx_word' id='word_1_341' title='bbox 1591 3010 1790 3061; x_wconf 89' lang='lat' dir='ltr'>dimitto,</span> 
     </span>
    </p>
   </div>
  </div>
 </body>
</html>
