2080 3392
353 208 421 244 102
860 207 1085 244 LITTERAE
1112 218 1466 250 QUADRnwEsrRES

424 303 622 354 Quidam
660 303 851 343 Maurus
891 304 1092 355 quinque
1130 304 1204 344 hic
1243 304 1381 344 habet
1420 305 1730 356 christianos,
1774 312 1974 358 quatuor

344 375 541 414 tenellae
563 374 728 414 aetatis
749 374 946 425 puellas,
971 386 1089 426 quae
1111 374 1157 414 in
1178 375 1382 414 maximo
1412 381 1661 416 versantur
1688 376 1970 428 discrimine,

342 456 541 496 quarum
575 456 668 484 una
704 456 852 484 annos
883 450 987 485 octo
1017 445 1094 485 vel
1122 457 1292 485 novem
1318 451 1449 497 nata,
1480 447 1672 497 egregia
1701 447 1850 487 forma
1885 453 1970 496 est,

344 528 462 567 quae
483 516 561 555 ubi
582 515 862 564 adoleverit,
896 516 1088 556 minoris
1117 528 1258 568 quam
1287 522 1473 557 centum
1501 518 1654 558 aureis
1682 524 1761 558 aut
1790 519 1893 569 plus
1920 530 1973 558 eo

342 598 435 626 non
472 592 663 626 emetur.
698 587 756 626 Et
786 586 875 627 hoc
905 587 1089 639 quidem
1119 587 1209 627 nisi
1237 600 1263 627 a
1293 587 1446 627 Mauri
1471 587 1563 628 filio
1590 588 1637 628 in
1665 588 1973 629 concubinam

341 663 526 708 sumpta
547 657 821 708 religionem
841 657 1147 698 christianam
1176 658 1391 698 abiurare
1413 665 1623 710 cogatur,
1647 659 1771 710 quod
1791 659 1849 699 ab
1870 660 1974 700 aliis

340 728 497 768 multis
517 727 616 768 fieri
639 728 823 768 dicitur.
849 728 1022 769 Omnes
1042 729 1343 780 septuagenis
1374 729 1421 769 in
1448 729 1656 780 singulas
1678 730 1831 770 aureis
1856 731 1973 770 redi-

340 805 537 839 mentur.
562 798 649 839 Per
672 805 716 839 te
741 797 750 817 ¹
780 798 932 839 Deum
962 800 1271 839 immortalem
1303 811 1385 839 oro
1413 811 1467 839 ac
1495 800 1687 840 obsecro
1715 806 1764 840 ut
1793 801 1878 841 hos
1904 813 1972 841 re-

338 870 551 921 demptos
572 870 712 920 velis,
743 870 970 921 simulque
999 870 1376 920 necessitatibus,
1407 870 1573 921 quibus
1601 871 1777 922 passim
1811 871 1867 911 ob
1897 883 1970 912 ca-

338 941 515 992 ptivos,
540 952 655 992 quos
675 952 845 992 aegros
868 946 911 980 et
933 941 980 980 in
1002 952 1192 980 carcere
1213 947 1257 980 et
1289 941 1335 980 in
1362 940 1476 981 aede
1505 941 1876 993 misericordiae,
1908 943 1967 982 ad

337 1011 383 1051 id
399 1023 481 1062 per
498 1023 570 1051 me
586 1012 812 1062 instituta,
837 1012 1001 1062 habeo,
1025 1011 1325 1052 vehementer
1347 1012 1597 1063 opprimor,
1619 1013 1809 1064 aliquot,
1830 1025 1970 1065 quam

339 1082 563 1122 citissime
585 1083 816 1133 potueris,
840 1082 1148 1133 eleemosynis
1169 1082 1436 1122 subvenias.
1461 1083 1595 1122 Vale.

1086 1507 1212 1561 CCI

408 1717 452 1753 ὲ).
474 1715 728 1754 Everardus
748 1717 1054 1754 Mercurianus

453 1781 573 1818 Patri
592 1782 761 1829 Ignatio
782 1781 834 1819 de
853 1782 1038 1829 Loyola.

498 1846 696 1893 Perusio,
717 1847 740 1884 5
756 1846 985 1884 Februarii
1008 1847 1099 1884 1553
1116 1848 1141 1884 2.

1123 2054 1143 2086 ,ΞΓ

1090 2089 1187 2130 IHS

412 2283 479 2323 La
505 2283 660 2333 gratia
690 2289 733 2323 et
762 2295 877 2334 pace
900 2284 943 2323 di
975 2282 1132 2323 N.sOS.
1164 2283 1307 2324 Giesu
1339 2284 1525 2325 Christo
1559 2285 1628 2324 sia
1657 2296 1839 2336 sempre
1873 2297 1959 2325 con

330 2355 422 2394 noi.
446 2354 612 2394 Amen.

411 2424 560 2464 Penso
583 2425 667 2464 che
684 2424 801 2464 nelle
818 2425 976 2464 ultime
994 2426 1136 2465 letere
1155 2425 1493 2476 quadrimestre
1511 2430 1642 2466 costa
1658 2426 1706 2466 fu
1723 2426 1956 2475 rescrittO,

331 2495 431 2535 R.d0
457 2496 501 2534 in
526 2495 709 2535 Christo
730 2495 894 2545 padre,
926 2507 1015 2535 con
1044 2497 1151 2547 qual
1178 2497 1333 2536 animo
1360 2503 1525 2547 questo
1554 2502 1715 2537 nostro
1747 2497 1954 2547 Collegio

331 2566 445 2606 fossi
476 2569 514 2605 si
535 2566 661 2617 dagli
683 2566 822 2605 amici
850 2578 980 2606 come
1009 2566 1085 2606 dal
1105 2566 1157 2606 R.
1178 2567 1218 2593 <¹0
1249 2567 1440 2607 Vicario
1470 2568 1702 2608 ricevuto:
1735 2574 1778 2608 et
1809 2568 1958 2608 anche

331 2637 405 2676 del
426 2637 681 2688 procedere
713 2642 873 2676 nostro
901 2637 947 2676 in
965 2637 1101 2688 quelli
1124 2638 1351 2689 principii,
1382 2650 1476 2678 non
1496 2639 1716 2678 lassando
1738 2649 1905 2678 manco
1927 2639 1958 2678 il

329 2708 444 2746 bene
466 2708 551 2746 che
575 2708 692 2746 nelle
715 2707 883 2746 devote
904 2708 1055 2747 anime
1078 2708 1107 2747 il
1129 2708 1215 2747 ΒΓΕ
1234 2709 1400 2748 habbia
1423 2721 1505 2760 per
1522 2720 1626 2748 esso
1648 2720 1732 2748 suo
1750 2708 1957 2759 Collegio

382 2866 391 2885 ¹
432 2866 496 2899 Sie;
510 2866 636 2892 rectius
653 2870 766 2892 tamen
782 2866 938 2892 fortassis
961 2866 1090 2900 Teper.

380 2912 393 2930 2
430 2912 757 2946 Epz'st.⁴(,)11udri111.,
774 2913 937 2945 1553-54:
959 2913 1219 2948 Autographum
1239 2915 1272 2940 in
1293 2914 1417 2949 duplici
1433 2915 1487 2941 fol.
1510 2916 1570 2942 sub
1594 2922 1647 2942 nn.
1669 2916 1704 2942 215
1726 2911 1760 2942 et'
1783 2916 1827 2949 46,
1844 2916 1875 2942 in
1891 2922 1954 2949 quo

328 2963 442 2986 tamen
456 2960 561 2986 solum
576 2959 857 2993 subscriptionem
873 2961 922 2987 sui
945 2960 1087 2987 nominis
1109 2966 1141 2988 et
1167 2962 1492 2996 superscriptionem
1515 2963 1671 2996 apposuit
1690 2962 1831 2997 propria
1853 2970 1953 2990 manu

325 3005 531 3034 Everardus.
