2080 3392
279 183 352 220 304
792 181 1018 218 LITTERAE
1045 192 1402 225 QUADRIMEsTREs

278 279 490 330 Baptista
511 290 564 317 eo
585 277 763 317 ivisset.
789 276 1013 328 Magister
1040 276 1276 318 Antonius
1304 276 1314 296 ¹
1345 290 1451 318 cum
1481 280 1626 319 altero
1653 279 1791 320 Patre
1821 280 1909 321 De—

280 350 407 389 niam
429 354 567 399 atque
588 348 817 398 Xaveam,
843 348 957 388 satis
978 347 1242 399 frequentia
1264 348 1457 400 oppida,
1481 362 1530 389 se
1553 351 1807 400 contulere,
1832 351 1910 391 ubi

279 419 581 459 concionibus
603 424 647 459 et
670 418 1041 459 confessionibus
1061 431 1154 458 non
1174 419 1457 459 mediocrem
1485 419 1687 460 fructum
1711 423 1909 472 college-

280 496 409 541 runt,
439 501 608 541 pueros
634 490 723 530 hac
752 496 796 529 et
826 489 931 529 illac
952 501 1035 541 per
1058 490 1190 530 vicos
1211 495 1423 530 errantes
1451 497 1748 531 retraxerunt
1776 498 1818 532 et
1851 493 1910 532 ad

278 560 539 601 doctrinam
560 559 842 600 audiendam
864 565 1136 610 coegerunt.
1161 559 1300 600 Pater
1328 561 1469 601 etiam
1496 560 1684 601 Alzirae
1713 562 1726 580 ²
1754 563 1913 602 multis

277 631 580 672 concionibus
601 631 814 671 homines
846 631 911 670 ita
932 642 1185 682 suspensos
1206 631 1391 682 reliquit
1411 638 1460 671 ut
1482 633 1677 672 choreas
1705 640 1747 672 et
1773 634 1908 673 melo-

277 701 377 742 dias
399 703 724 751 antelucanas‚
749 701 916 753 quibus
937 701 1028 741 illic
1059 701 1270 741 homines
1301 702 1413 742 dant
1440 714 1651 753 operam,
1684 704 1927 755 relinquev

277 779 392 813 rent.
417 772 538 823 Quid
559 772 740 813 dicam?
762 784 851 824 quo
873 778 1010 823 pacto
1043 778 1180 812 nocte
1209 772 1257 812 in
1284 772 1389 812 vico
1420 773 1645 813 saltantes
1672 775 1911 825 perturba·

277 844 422 883 verit?
457 843 838 893 Adolescentem‚
868 844 1021 894 lyram
1042 841 1054 860 ⁵
1076 843 1360 894 pulsantem,
1395 843 1539 883 verbo
1570 844 1909 896 perterrefecit;

278 914 387 954 <lum
409 915 532 954 enim
553 913 722 954 inferni
741 925 917 965 poenas
939 914 1168 953 instantes
1190 914 1354 965 aperit,
1371 913 1559 965 juvenis
1581 914 1727 954 tristis
1744 927 1799 955 ac
1819 927 1908 956 me-

276 985 558 1025 ditabundus
580 984 769 1024 domum
789 996 838 1024 se
860 984 1050 1035 recepit.
1076 984 1162 1024 Die
1185 985 1420 1036 sequenti,
1452 985 1498 1024 in
1532 986 1781 1035 concione,
1815 987 1908 1037 illa,

277 1055 444 1107 quibus
464 1055 524 1095 ad
554 1055 912 1096 refocillandum
939 1055 1145 1095 animum
1175 1055 1239 1094 illi
1269 1055 1443 1095 dabant
1475 1067 1687 1106 operam,
1721 1068 1844 1097 vana
1866 1063 1911 1097 et

276 1127 543 1178 periculosa
577 1138 679 1166 esse
710 1126 925 1167 ostendit.
957 1127 1099 1176 Tres,
1123 1138 1240 1177 quos
1262 1126 1420 1166 verbis
1440 1128 1732 1178 pulsaverat,
1756 1129 1831 1169 hic
1860 1140 1910 1168 se

277 1198 323 1237 in
357 1197 677 1248 spiritualibus
712 1209 987 1248 exercuere,
1015 1197 1137 1236 unde
1170 1203 1352 1237 tantum
1382 1198 1470 1237 sibi
1499 1197 1680 1238 fructus
1714 1200 1911 1251 college-

275 1274 403 1319 runt,
447 1274 494 1308 ut
533 1280 709 1308 novum
747 1267 953 1308 induisse
992 1267 1228 1308 hominem
1266 1268 1533 1318 videantur,
1576 1281 1669 1309 non
1708 1270 1909 1310 vestium

276 1339 539 1390 splendore,
582 1338 663 1378 sed
703 1339 1074 1390 spectatissimae
1114 1339 1430 1379 continentiae
1472 1341 1699 1391 exemplo,
1739 1353 1829 1392 quo
1865 1348 1909 1382 et

277 1410 453 1450 fructus
480 1410 668 1450 Alzirae
689 1411 912 1450 collectus
935 1416 1243 1450 conservatur
1266 1417 1432 1450 contra
1453 1422 1651 1462 magnos
1680 1412 1910 1452 oblatran-

274 1481 388 1521 tium
414 1492 613 1521 morsus.
652 1481 896 1521 Credimus
932 1493 1055 1521 nunc
1081 1481 1269 1521 Patrem
1298 1481 1404 1521 illac
1437 1482 1765 1533 transiturum,
1803 1495 1909 1523 cum

278 1551 543 1592 Valentiam
565 1552 667 1600 ibit,
690 1558 739 1592 ut
761 1552 928 1592 subdat
950 1552 1162 1592 stimulos
1183 1553 1271 1603 eis,
1296 1553 1373 1604 qui
1405 1552 1589 1593 desides
1618 1560 1745 1604 sunt,
1778 1554 1910 1605 alios,

271 1623 365 1674 jam
401 1635 589 1663 currere
626 1624 885 1675 cupienteS,
918 1622 977 1662 ad
1017 1622 1190 1663 Christi
1229 1635 1398 1675 corpus
1438 1624 1713 1664 sumendum
1749 1626 1906 1665 acrius

278 1701 444 1745 urgeat
466 1700 510 1734 et
530 1695 751 1746 impellat.
774 1694 932 1734 Habes
953 1694 1008 1734 de
1031 1694 1354 1734 communibus
1376 1695 1528 1734 rebus.

354 1765 570 1806 Privatas
598 1765 695 1817 jam
723 1766 897 1817 accipe.
934 1765 1124 1805 Fratres
1151 1766 1198 1805 in
1225 1765 1324 1805 dies
1350 1766 1611 1806 litterarum
1639 1773 1682 1806 et
1713 1767 1906 1818 spiritus

274 1843 572 1887 augmentum
608 1837 826 1877 sentiunt.
865 1836 1091 1887 Quatuor,
1121 1842 1169 1876 ut
1196 1836 1352 1876 visum
1386 1843 1455 1877 est
1485 1836 1632 1885 Patri,
1671 1838 1904 1888 designati

273 1914 380 1948 sunt
401 1908 571 1947 artium
592 1907 819 1958 magistri.
846 1907 888 1947 A
909 1907 1105 1958 prandio
1127 1913 1171 1947 et
1192 1919 1337 1947 coena
1370 1907 1417 1947 in
1445 1919 1588 1947 unum
1618 1909 1771 1948 locum
1801 1921 1906 1949 con-

274 1979 501 2028 venimus,
531 1978 742 2029 quaestio
767 1990 793 2017 a
814 1977 952 2017 Patre
980 1978 1270 2029 proponitur,
1303 1983 1347 2018 et
1376 1978 1555 2029 profert
1585 1979 1905 2030 unusquisque

273 2049 396 2100 quod
417 2049 571 2089 sentit.
595 2049 756 2089 Novos
776 2048 1024 2099 theologos
1045 2054 1089 2088 et
1111 2047 1423 2088 confessarios
1450 2048 1505 2089 de
1536 2049 1608 2089 his
1636 2050 1901 2101 alloquitur,

274 2132 391 2170 quae
425 2120 657 2171 pertinent
691 2119 750 2159 ad
778 2119 1046 2159 liberandos
1081 2118 1291 2158 homines
1326 2130 1353 2158 a
1383 2130 1528 2159 saeva
1556 2126 1600 2159 et
1633 2120 1906 2171 perturbata

274 2191 583 2241 conscientia,
621 2202 712 2241 quo
746 2195 885 2241 pacto
920 2201 970 2229 se
1004 2194 1172 2240 gerant
1206 2189 1254 2229 in
1291 2189 1553 2230 confitendo
1584 2198 1905 2242 percontatur;

273 2261 571 2311 evangelium
605 2259 792 2312 aliquod
826 2271 908 2310 per
944 2259 1163 2311 periodos
1204 2260 1482 2311 explicatur,
1522 2262 1693 2301 multus
1729 2262 1784 2302 de
1818 2261 1906 2302 Dei

273 2332 508 2372 beneficiis
537 2337 606 2371 est
641 2343 810 2371 sermo,
842 2330 1144 2371 Audientium
1172 2331 1329 2370 vultus
1356 2337 1557 2371 mutatos
1593 2332 1808 2383 vidisses,
1846 2333 1908 2372 di-

273 2409 431 2443 centes
451 2403 535 2442 vix
555 2402 811 2442 lachrimas
834 2402 1086 2442 continere.
1112 2400 1203 2441 Sed
1224 2401 1280 2441 de
1301 2401 1372 2441 his
1395 2401 1638 2443 hactenus.

354 2474 489 2523 Vale,
513 2472 652 2513 Pater
672 2473 902 2524 imprimis
924 2470 1230 2522 observande,
1254 2477 1299 2512 et
1318 2471 1436 2512 faxit
1457 2471 1586 2513 Deus
1603 2485 1659 2512 ne
1677 2485 1703 2513 a
1720 2478 1800 2513 tua
1817 2485 1905 2514 me-

275 2545 423 2584 moria
446 2545 701 2584 elabamur.

328 2754 338 2774 ¹
379 2754 545 2787 Magister
560 2753 731 2780 Antonius
749 2752 924 2779 Cordeses.
938 2751 1105 2784 PoLANCO,
1123 2750 1325 2784 Clzronicon,
1340 2754 1363 2778 t.
1377 2758 1424 2785 111,
1440 2758 1518 2785 pag.
1533 2752 1595 2784 381,
1611 2759 1642 2778 n.
1657 2751 1719 2778 842.

326 2802 340 2820 ‘-'
378 2802 497 2828 Alcira
512 2801 669 2835 oppidum
684 2804 734 2827 est
750 2800 834 2827 satis
853 2799 1010 2833 frequens
1025 2799 1057 2825 in
1072 2798 1197 2825 ditione
1212 2798 1401 2826 valentina.

327 2849 340 2867 5
381 2849 473 2876 Cave
489 2857 528 2876 ne
545 2852 644 2883 putes
660 2855 849 2875 sermonem
864 2854 937 2874 esse
960 2847 999 2873 de
1022 2846 1237 2880 antiquorum
1254 2847 1348 2882 lyra,
1363 2847 1422 2873 sed
1443 2847 1482 2873 de
1503 2847 1680 2880 guz'tarra,
1695 2848 1904 2880 bandurria,

274 2902 333 2923 aut
351 2896 429 2930 quid
445 2897 551 2923 simile
568 2896 600 2923 in
616 2895 781 2929 Hispania
796 2896 961 2922 usitatum
975 2894 1095 2921 fidibus
1110 2893 1216 2926 digito
1232 2897 1289 2920 aut
1301 2894 1433 2928 pectine
1446 2895 1590 2927 pulsatis
1604 2902 1720 2921 sonum
1736 2895 1907 2927 emittens;

275 2944 361 2977 quod
386 2944 418 2970 in
441 2944 642 2977 quibusdam
664 2951 739 2970 cum
762 2944 839 2978 lyra
861 2943 1031 2975 convenit,
1053 2946 1089 2969 at
1111 2942 1153 2968 ab
1175 2948 1215 2968 ea
1237 2942 1379 2968 multum
1395 2942 1506 2968 differt
1530 2946 1562 2969 et
1587 2942 1695 2976 magis
1717 2941 1849 2969 accedit
1864 2941 1906 2968 ad

277 2991 399 3018 chelin.
