2080 3392
869 144 951 182 AN.
984 144 1076 183 1553
1722 147 1795 184 365

231 239 465 290 Gandiae‚
489 241 528 280 5.
553 240 773 281 calendas
796 239 1084 292 Septembris
1109 242 1224 283 1553.

234 310 287 350 R.
311 310 361 350 Ρ.
384 311 436 351 T.
460 313 464 317 ’

231 380 408 422 Servus
429 382 649 433 indignus
670 383 717 422 in
737 381 835 433 X.⁰,

1193 546 1195 548 ·
1235 527 1522 568 GOVIERNUS.

798 951 1147 1007 CCXXXIX

225 1187 446 1225 Robertus
464 1187 768 1236 Clayssonius‚

270 1251 340 1289 Ex
359 1253 680 1290 commissione
702 1253 846 1291 Patris
866 1253 1094 1290 Paschasii
1113 1253 1268 1300 Broet,

321 1318 443 1355 Patri
461 1318 631 1365 Ignatio
651 1319 705 1356 de
724 1319 909 1367 Loyola.

366 1383 562 1430 Parisiis,
583 1383 631 1422 28
648 1384 843 1432 Augusti
865 1384 957 1422 1553
976 1385 999 1419 ¹.

229 1592 328 1633 Pax
349 1593 540 1634 Domini
562 1592 652 1634 Dei
672 1594 821 1635 nostri
841 1594 953 1648 Jesu
969 1594 1144 1635 Christi
1161 1595 1371 1646 perfecta
1391 1606 1480 1635 nos
1497 1595 1637 1636 donet
1658 1596 1793 1636 liber-

149 1669 258 1704 tate.
284 1664 451 1705 Amen.

229 1735 359 1787 Quae
399 1736 546 1776 divini
580 1737 782 1777 numinis
818 1737 1052 1789 praesidio
1088 1744 1289 1789 quatuor
1323 1738 1452 1779 hisce
1488 1739 1727 1779 mensibus
1766 1751 1791 1778 a

147 1807 281 1847 nobis
310 1814 443 1858 gesta
466 1814 593 1859 sunt,
626 1809 743 1849 levis
774 1808 1028 1849 admodum
1054 1809 1278 1849 momenti
1308 1809 1602 1850 aestimanda
1635 1822 1790 1850 cense-

147 1890 271 1929 mus,
296 1879 335 1918 si
357 1891 461 1919 curn
483 1878 732 1920 Societatis
747 1886 958 1931 nostrae,
977 1880 1149 1932 ubique
1165 1880 1597 1931 fragrantissimum
1614 1880 1788 1921 Christi

148 1950 341 1990 odorem
371 1951 427 1990 de
457 1962 506 1991 se
541 1951 862 2002 diffundentis,
897 1952 1156 2004 praeclaris
1186 1952 1484 1992 monimentis
1517 1964 1791 2004 comparen-

148 2028 237 2061 tur.
263 2021 441 2061 Verum
463 2028 512 2062 ut
528 2034 693 2063 sacrae
715 2022 1007 2063 obedientiae
1025 2023 1228 2074 impulsu
1249 2029 1475 2075 paternae
1497 2030 1606 2063 tuae
1630 2024 1789 2063 volun—

148 2092 258 2132 tatis
279 2104 550 2144 pareamus,
576 2105 659 2145 per
681 2094 836 2146 capita
858 2094 1128 2134 summatim
1150 2106 1205 2134 ea
1227 2095 1592 2146 complectemur
1617 2106 1787 2134 sermo-

148 2175 227 2213 ne,
251 2175 368 2215 quae
389 2165 688 2215 gravissimis
708 2165 757 2205 Ρ.
780 2171 887 2206 tuae
908 2165 1296 2217 occupationibus
1317 2165 1443 2206 haud
1465 2166 1655 2206 omnino
1678 2165 1790 2205 indi-

148 2245 244 2285 gna
266 2235 647 2277 iudicaverimus.

228 2305 462 2358 Principio
483 2308 633 2348 nostri
653 2309 854 2360 negotii,
885 2308 1010 2360 apud
1038 2308 1335 2349 Facultatem
1355 2307 1673 2359 theologicam
1695 2309 1788 2348 lan-

146 2378 416 2427 guescentis
437 2379 595 2418 verius
616 2390 757 2430 quam
780 2379 1117 2430 delitescentis,
1140 2391 1324 2419 moram
1339 2379 1387 2419 in
1405 2379 1506 2430 ipso
1528 2379 1790 2422 litterarum

148 2447 442 2499 frontispicio
477 2449 704 2500 intelliget
733 2449 783 2491 P.
820 2456 923 2491 tua:
962 2451 1095 2491 cuius
1126 2450 1332 2491 taedium
1370 2450 1486 2490 adeo
1522 2450 1788 2490 diuturnum

148 2518 288 2560 Pater
309 2526 470 2560 noster
490 2519 774 2561 Paschasius
794 2522 917 2562 ultra
939 2522 1142 2573 quinque
1172 2521 1402 2562 mensium
1431 2528 1651 2562 exactum
1679 2528 1790 2562 tem-

149 2602 236 2642 pus
256 2591 452 2642 patienti
482 2592 724 2633 stomacho
755 2593 1023 2644 concoquit.
1056 2592 1257 2634 Videtur
1287 2592 1502 2633 Christus
1532 2604 1639 2644 nos,
1664 2594 1790 2634 labo-

147 2673 253 2702 rum
272 2662 561 2703 incremento
583 2675 639 2703 ac
666 2664 989 2704 molestiarum
1016 2676 1158 2705 onere
1185 2664 1414 2704 hactenus
1447 2663 1654 2704 exhibito
1687 2664 1790 2705 fati-

146 2740 308 2783 gatos,
352 2745 568 2774 recreare
608 2734 974 2787 haudquaquam
1014 2735 1306 2786 decrevisse,
1345 2735 1493 2775 donec
1530 2737 1791 2776 constantis

147 2804 401 2855 patientiae
423 2805 478 2845 de
500 2806 634 2845 nobis
654 2806 916 2857 periculum
937 2807 1204 2858 sumpserit.

203 2916 212 2935 ¹
254 2917 502 2951 Autographae
519 2922 612 2945 totae
628 2925 729 2945 manu
745 2918 887 2946 Roberti
902 2920 935 2946 in
950 2919 1030 2946 folio
1046 2919 1182 2953 duplici,
1196 2926 1250 2946 nn.
1265 2918 1318 2945 313
1329 2922 1363 2946 et
1377 2918 1582 2948 siat-Nulla
1597 2921 1629 2948 in
1646 2922 1694 2949 eis
1709 2927 1759 2949 est
1774 2929 1793 2949 a

162 2963 309 2992 Polanco
325 2965 464 2993 inducta
480 2966 683 3001 emendatio,
700 2966 784 2993 nihil
800 2974 1032 3001 suppressum.
