2080 3392
842 185 927 221 AN.
959 183 1051 221 1552
1722 185 1770 222 23

791 637 1104 692 CLXXIII

199 868 246 906 Ρ.
267 867 495 906 Adrianus
515 867 843 905 Adriaenssens

249 935 295 972 Ρ.
317 934 487 982 Ignatio
507 933 561 971 de.
580 934 765 981 Loyola·

294 1000 509 1046 Lovanio,
527 1001 551 1036 4
568 998 843 1047 Septembris
868 997 959 1035 1552
981 998 1005 1032 ¹.

206 1209 374 1250 Gratia
395 1216 440 1250 et
461 1222 556 1262 pax
577 1210 752 1251 Christi
773 1222 880 1250 cum
902 1211 1133 1251 omnibus.
1164 1210 1332 1251 Amen.

205 1280 306 1322 Rde
328 1294 384 1322 ac
411 1282 733 1322 amantissime
762 1282 809 1322 in
835 1281 1022 1322 Christo
1053 1281 1127 1322 Ρ.;
1165 1287 1216 1322 ut
1250 1287 1445 1321 sanctae
1481 1279 1775 1320 obedientiae

124 1352 297 1393 faciam
328 1353 469 1405 satis,
492 1353 656 1404 paucis
679 1360 785 1393 acta
813 1359 1012 1405 quatuor
1034 1353 1265 1393 mensium
1288 1358 1514 1404 repetam.
1550 1351 1685 1403 Quod
1715 1353 1773 1392 ad

122 1424 415 1476 frequentem
437 1424 782 1465 confessionem
803 1431 847 1464 et
870 1425 1248 1465 communionem
1270 1424 1456 1472 attinet,
1491 1424 1538 1464 in
1567 1425 1669 1464 sola
1696 1436 1774 1464 no-

123 1501 221 1535 stra
250 1496 498 1547 parochia,
530 1496 670 1536 etiam
701 1496 748 1536 in
777 1496 979 1548 simplici
1008 1496 1244 1536 dominico
1277 1496 1370 1545 die,
1406 1495 1684 1535 confitentur
1715 1507 1772 1535 ac

129 1567 477 1607 communicant
499 1567 687 1608 circiter
709 1574 912 1608 centum.

205 1639 321 1679 Tres
342 1639 407 1679 illi
428 1639 638 1691 insignes
669 1646 713 1679 et
745 1638 871 1679 docti
898 1640 1014 1690 viri,
1045 1638 1101 1679 de
1130 1639 1296 1691 quibus
1324 1639 1492 1690 scripsi
1521 1638 1771 1690 aliquando

124 1710 248 1761 quod
269 1711 443 1750 habent
464 1711 672 1751 animum
694 1711 907 1762 erigendi
929 1711 1063 1751 nobis
1086 1711 1360 1761 collegium,
1384 1710 1591 1761 quotidie
1619 1711 1773 1761 magis

122 1782 170 1822 in
191 1782 281 1822 hoc
302 1788 467 1823 sancto
489 1782 721 1826 desiderio
745 1788 984 1833 crescunt,
1010 1781 1169 1834 et0jam
1188 1783 1323 1822 brevi
1345 1783 1464 1822 inter
1488 1794 1536 1822 se
1560 1782 1773 1822 conseri-e

122 1853 212 1893 hac
247 1853 304 1894 de
339 1866 389 1894 re
424 1860 703 1906 coeperunt;
741 1854 809 1894 sic
843 1860 1001 1894 tamen
1036 1860 1086 1894 ut
1116 1853 1207 1894 duo
1244 1866 1302 1894 ex
1338 1854 1412 1894 his
1441 1866 1535 1893 non
1568 1853 1773 1894 indicent

123 1936 259 1964 suurn
281 1925 489 1966 animum
510 1926 666 1976 tertio,
689 1925 910 1966 videlicet
931 1925 1132 1977 Regenti
1152 1925 1347 1975 liliensi,
1378 1925 1459 1965 sed
1490 1932 1636 1976 agunt
1667 1937 1771 1965 cum

124 2007 197 2042 e0.
222 1997 390 2048 quibus
412 1997 577 2037 mediis
598 1997 752 2049 ipsum
773 1997 1037 2048 Collegium
1056 1997 1237 2037 liliense
1269 2008 1375 2037 cum
1404 1997 1617 2037 omnibus
1639 1997 1774 2037 bonis

124 2068 373 2108 mobilibus
394 2073 440 2108 et
472 2068 787 2108 immobilibus
818 2068 1208 2118 adhaerentibus,
1239 2068 1464 2108 fratribus
1494 2068 1770 2119 applicetur.

122 2138 225 2191 Ipse
245 2139 433 2190 Regens
454 2146 524 2180 est
553 2146 801 2180 contentus
831 2147 880 2180 ut
910 2146 1092 2192 partem
1124 2151 1267 2180 unam
1290 2140 1401 2180 dicti
1429 2140 1617 2191 collegii
1638 2151 1772 2180 occu-

127 2222 312 2262 pemus;
335 2211 417 2251 sed
438 2211 561 2251 intra
582 2222 762 2263 paucos
783 2223 984 2262 menses,
1009 2223 1163 2263 spero,
1200 2211 1466 2251 videbimus
1488 2223 1548 2251 an
1568 2211 1667 2262 ipse
1688 2211 1772 2251 Re-

122 2292 240 2332 gens
273 2283 481 2323 manebit
507 2294 592 2323 seu
616 2281 904 2333 judicabitur
934 2294 1078 2323 verus
1107 2294 1162 2322 ac
1192 2282 1419 2334 pacificus
1449 2282 1560 2322 dicti
1589 2282 1774 2332 collegii

126 2364 377 2404 possessor
397 2365 560 2394 necne.
593 2353 823 2404 Quamvis
845 2360 1003 2394 autem
1024 2354 1210 2405 collegii
1231 2354 1368 2406 hujus
1390 2355 1521 2393 locus
1550 2353 1607 2393 sit
1638 2353 1774 2392 valde

129 2425 334 2476 amplus,
371 2431 550 2476 tamen,
587 2425 645 2465 ob
676 2425 1021 2466 multitudinem
1048 2425 1336 2466 studentium
1363 2425 1534 2465 ibidem
1561 2424 1771 2464 habitan-

124 2496 242 2536 tium
277 2507 360 2536 seu
393 2495 714 2547 visitantium,
747 2508 841 2537 non
876 2503 946 2537 est
981 2497 1164 2537 hortus.
1201 2496 1278 2537 Sic
1313 2503 1507 2548 paratus
1543 2502 1613 2535 est
1648 2494 1771 2536 idern

124 2567 312 2619 Regens
333 2567 468 2608 nobis
489 2567 770 2619 concedere,
794 2576 838 2608 et
857 2574 965 2620 post
987 2574 1188 2609 mortem
1209 2580 1344 2608 suam
1367 2567 1557 2616 donare,
1583 2567 1768 2618 amplis-

124 2639 293 2679 simum
326 2639 577 2691 quemdam
604 2639 813 2691 hortum,
850 2640 1055 2692 undique
1089 2640 1243 2691 lapide
1279 2639 1510 2691 quadrato
1546 2638 1766 2681 cinctum.

124 2722 232 2751 cum
252 2711 391 2751 domo
413 2711 602 2751 omnino
622 2711 810 2763 lapidea
840 2710 1018 2763 majore
1047 2723 1189 2763 quam
1217 2712 1274 2751 sit
1302 2711 1419 2751 haec
1450 2717 1613 2750 nostra
1641 2721 1773 2761 prae-

122 2895 126 2901 .
177 2872 187 2891 1
229 2870 494 2906 Autographum
509 2871 542 2899 in
556 2871 637 2898 solio
652 2872 761 2905 unico,
777 2880 808 2899 n.
826 2872 888 2899 145.
903 2872 1078 2899 Habemus
1094 2876 1127 2899 et
1148 2872 1351 2906 apographa
1367 2871 1509 2905 antiqua
1524 2870 1610 2898 tria:
1626 2878 1728 2897 unum
1743 2870 1774 2896 in

122 2919 284 2946 Historia
300 2919 415 2951 varia,
432 2919 501 2947 vol,
522 2926 545 2953 1,
566 2918 623 2946 fol.
644 2918 707 2951 289.
729 2919 817 2954 quod
832 2920 964 2947 nonnisi
981 2924 1128 2954 quatuor
1151 2919 1281 2952 verbis,
1298 2926 1385 2953 quae
1401 2919 1483 2945 nihil
1507 2925 1643 2945 sensum
1658 2918 1774 2944 immu-

122 2971 209 3000 tant,
225 2967 268 2994 ab
285 2967 501 3001 autographo
517 2966 649 3001 differt;
674 2968 822 2995 alterum
845 2967 879 2994 in
904 2967 985 2995 Cod.
1010 2968 1089 3000 1551,
1106 2967 1162 2995 fol.
1178 2968 1212 2997 9:
1236 2967 1377 2995 tertium
1393 2967 1536 3000 denique
1559 2965 1777 2999 autographo

121 3018 290 3048 assutum,
307 3022 337 3042 n.
355 3015 414 3042 146.
479 3032 500 3046 ,-
