2080 3392
882 181 966 217 AN.
998 180 1090 217 1553
1738 180 1805 216 251

162 277 243 328 qui
264 287 322 316 ex
344 275 716 316 confessionibus
745 277 1005 328 colligitur,
1031 283 1170 329 atque
1197 282 1267 317 est
1288 276 1398 317 dum
1429 276 1531 318 Rex
1563 289 1668 317 cum
1699 277 1807 317 aula

164 347 377 387 Viennae
400 347 512 398 agit,
538 347 701 387 diebus
723 347 1087 388 confessionum.
1113 347 1233 388 Nam
1254 348 1441 400 plurimi
1471 354 1577 388 sunt
1598 348 1644 388 in
1673 348 1808 388 fami·

162 418 223 458 lia
245 417 392 469 regia,
416 423 514 458 tum
534 418 636 458 Itali
657 425 755 459 tum
776 418 989 471 Hispani,
1010 419 1087 470 qui
1104 426 1291 459 nostros
1308 419 1471 459 Patres
1490 418 1806 459 confessarios

164 489 349 529 habent.
381 488 605 529 Attamen
635 496 991 541 compensatum
1013 490 1198 530 videtur
1225 491 1313 531 hoc
1334 497 1604 531 nostrorum
1625 490 1806 542 dispen-

163 560 312 611 dium,
343 571 449 600 cum
476 571 571 600 non
598 561 737 612 pauci
765 561 853 602 hoc
880 573 1004 602 anno
1033 573 1092 602 ex
1123 562 1315 602 remotis
1344 562 1611 602 civitatibus
1639 562 1806 602 harum

162 631 519 683 provinciarum
543 640 633 680 test
655 633 779 672 enim
801 644 917 684 gens
940 633 1051 673 itala
1073 633 1251 683 passim
1274 633 1486 685 dispersa
1516 645 1599 685 per
1626 633 1712 673 has
1738 645 1806 673 re-

160 701 342 753 giones)
365 702 456 742 huc
478 703 813 754 confluxerint,
839 702 998 744 audita
1022 702 1150 744 fama
1171 703 1295 755 quod
1317 704 1392 744 hic
1414 711 1569 744 essent
1591 704 1805 744 sacerdo-

164 779 233 813 tes
265 773 378 813 itali.
413 773 484 813 De
521 774 803 814 necessitate
824 775 939 815 nihil
970 774 1137 814 attinet
1169 775 1350 825 dicere;
1380 781 1574 827 propter
1600 775 1808 827 inopiam

162 844 334 884 etenim
363 844 664 885 sacerdotum
693 845 851 897 palam
879 846 1154 886 asserebant
1187 857 1237 886 se
1270 846 1484 897 pluribus
1516 847 1652 887 annis
1681 848 1807 887 haud

162 915 420 956 confessos.

242 986 602 1028 Confessionum
642 988 797 1038 gratia
836 999 939 1028 sese
979 989 1175 1029 contulit
1211 988 1260 1029 Ρ.
1301 989 1518 1030 Victoria
1557 990 1604 1029 in
1638 990 1806 1030 hebdo-

162 1057 301 1098 mada
334 1059 569 1109 passionis
604 1059 651 1099 in
690 1059 912 1111 oppidum
946 1059 1183 1111 quoddam
1217 1060 1354 1111 regni
1392 1060 1688 1112 Hungariae‚
1733 1062 1807 1101 cui

110 1174 122 1184 V
163 1127 379 1169 confessa
414 1137 483 1170 est
519 1129 723 1170 Domina
759 1130 814 1170 de
849 1130 1012 1171 Sforza
1042 1130 1052 1149 ¹
1083 1143 1190 1171 cum
1224 1143 1308 1172 sua
1342 1131 1520 1171 familia
1557 1138 1601 1172 et
1636 1133 1805 1172 milites

161 1200 392 1251 nonnulli,
417 1213 440 1240 e
462 1201 628 1252 quibus
650 1203 806 1253 plures
833 1202 1065 1252 audisset,
1102 1202 1141 1242 si
1168 1214 1244 1242 res
1265 1202 1374 1243 belli
1397 1203 1456 1243 ad
1478 1214 1609 1243 arma
1640 1210 1805 1243 contra

163 1270 321 1311 hostes
343 1272 633 1323 capessenda
655 1273 757 1313 illos
779 1285 873 1313 non
894 1273 1047 1314 subito
1071 1274 1387 1326 compulisset.
1423 1273 1614 1325 Reperit
1634 1274 1806 1315 ibidem

160 1349 344 1382 turcam
365 1343 629 1395 quemdam,
654 1356 794 1396 quem
815 1345 914 1396 ipse
936 1345 1271 1396 catechizavit;
1298 1346 1516 1397 cupiebat
1537 1346 1681 1397 enim,
1706 1346 1806 1386 reli-

163 1420 239 1453 cta
261 1415 365 1466 lege
386 1415 722 1467 mahometica,
747 1416 1034 1457 christianus
1056 1416 1170 1457 fieri.

241 1485 372 1525 Haec
401 1493 529 1536 sunt,
562 1486 662 1527 ΒΑΕ
684 1487 759 1538 Ρ.,
793 1499 912 1539 quae
944 1489 1109 1539 putavi
1135 1500 1260 1528 nunc
1290 1489 1571 1530 Paternitati
1600 1489 1658 1530 V.
1696 1490 1808 1530 scri-

162 1555 335 1597 benda:
359 1557 470 1597 boni
491 1559 705 1598 consulat
726 1565 771 1599 et
792 1570 949 1599 meum
967 1560 1308 1612 qualecumque
1325 1560 1600 1612 obsequium
1617 1567 1662 1601 et
1682 1561 1805 1601 labo·

159 1638 235 1667 res
269 1639 461 1668 suorum
495 1628 716 1680 filiorum,
756 1642 841 1681 pro
879 1630 1047 1682 quibus
1084 1631 1154 1681 (ut
1187 1631 1327 1681 solet)
1364 1631 1619 1672 Dominum
1648 1633 1809 1686 Jesum

160 1698 378 1750 dignetur
395 1699 570 1751 jugiter
589 1700 849 1752 deprecari.

239 1770 455 1811 Viennae
475 1770 699 1812 Austriae
721 1771 942 1812 Calendis
967 1772 1080 1825 Maji
1107 1773 1222 1814 1553.

239 1840 363 1882 Rsslass
381 1843 680 1894 paternitatis
702 1843 754 1883 T.
780 1843 900 1884 filius
924 1844 1167 1896 indignus,

970 1987 1217 2029 MARTINUS
1239 1988 1625 2031 STEVORDIENSIS.

243 2252 394 2292 Manu
424 2252 635 2305 soanm's
662 2254 886 2306 Philippi
921 2255 1044 2296 Vito:
1075 2256 1165 2297 Gia
1191 2269 1307 2298 sono
1338 2256 1433 2298 fate
1464 2257 1488 2297 7
1519 2257 1672 2309 copie,
1706 2257 1808 2321 laus

166 2322 282 2363 Deo.

245 2412 599 2464 superscriptio
638 2414 687 2454 in
728 2420 903 2467 quarta
935 2417 1127 2468 pagina
1144 2429 1158 2458 .·
1196 2380 1308 2458 ΙΙῘΙΞ.
1347 2418 1407 2458 ΑΙ
1447 2419 1590 2458 molto
1624 2417 1727 2458 R.d0
1760 2419 1808 2459 in

165 2482 299 2523 Chto.
322 2483 474 2524 Padre
496 2485 556 2525 M.
582 2485 764 2536 Ignatio
787 2487 843 2527 de
863 2487 1060 2540 Loyola,
1084 2489 1327 2541 Preposito
1349 2490 1503 2540 gnale.
1529 2490 1650 2530 della
1673 2489 1806 2530 Com-

169 2554 300 2605 pag.a
321 2555 376 2595 de
397 2555 506 2608 Jesu
529 2568 586 2597 en
607 2556 773 2598 Roma.

243 2624 355 2666 Alia
376 2638 549 2668 manu:
574 2628 690 2669 1553.
715 2629 864 2680 Quad.
889 2629 1099 2681 Vienna,
1124 2632 1222 2672 Cal.
1247 2632 1373 2672 Maii.

244 2696 407 2737 Manet
428 2697 622 2750 aliquod
643 2700 905 2752 vestigium
926 2702 1099 2742 rubrae
1120 2713 1253 2743 cerae
1273 2707 1317 2743 et
1336 2703 1509 2754 sigilli.

221 2855 231 2875 ¹
268 2855 357 2883 Vide
375 2856 545 2892 PoLAnco,
563 2858 767 2894 Chronicon,
779 2864 801 2888 t.
817 2867 863 2895 111,
876 2868 954 2896 pag.
970 2862 1033 2896 246,
1050 2870 1081 2889 n.
1096 2862 1159 2890 550.
