2080 3392
293 216 334 252 14
794 212 1020 249 LITTERAE
1046 217 1403 253 QUADRIMESTRES

290 314 390 351 mas
412 310 616 350 habiles:
641 320 754 359 para
776 306 989 347 Navidad
1010 305 1190 344 habran
1211 302 1420 343 acabado
1447 301 1503 341 de
1530 301 1598 341 oir
1628 312 1683 340 su
1708 300 1910 351 philoso-

290 382 399 432 phia
418 393 450 432 y
471 382 779 420 comenzaran
800 379 843 417 la
867 377 1114 426 theologia.
1138 373 1278 414 Otros
1298 372 1447 422 cinco,
1481 383 1568 423 que
1594 371 1799 411 tambien
1817 371 1911 410 han

287 450 485 491 entrado
519 456 614 490 este
649 460 838 498 verano,
870 447 1108 498 empiezan
1139 444 1283 484 ahora
1311 444 1379 482 las
1406 447 1530 482 artes
1559 440 1584 481 ¹.
1616 441 1771 481 Todos
1801 452 1913 492 muy

288 521 559 572 escogidos,
593 526 721 560 entre
748 520 818 558 los
848 518 1008 569 quales
1029 518 1161 556 05133
1182 526 1243 554 311
1272 513 1461 553 sobrino
1484 512 1557 552 del
1582 512 1853 563 patriarcha
1882 524 1913 563 y

291 592 555 643 presidente
578 591 649 630 del
671 590 868 640 Consejo
890 588 924 639 ²,
956 586 1049 638 hijo
1081 586 1136 626 de
1163 597 1224 625 un
1253 584 1486 624 caballero
1516 583 1745 635 principal
1774 583 1829 622 de
1848 582 1913 623 Si-

290 666 492 714 gfienza3
518 673 567 702 es
586 660 791 712 subjecto
814 671 922 710 muy
944 659 1093 698 bueno
1121 669 1151 707 y
1171 667 1285 707 para
1315 654 1425 694 toda
1455 654 1612 694 virtud
1640 653 1912 693 accomoda-

291 733 369 773 do.
392 733 546 773 Todos
567 735 698 771 estan
729 730 972 770 desseosos
994 728 1049 767 cle
1070 727 1211 767 hazer
1238 724 1620 765 mortificationes
1646 724 1855 775 publicas
1886 736 1916 775 y

291 805 337 844 10
357 804 451 843 1133
472 802 637 854 pedido
659 813 747 841 con
768 800 987 840 instantia
1010 799 1053 837 al
1073 797 1145 837 ΡΘ
1167 797 1470 845 Villanueva3
1493 806 1593 834 mas
1615 795 1676 845 el,
1700 794 1915 834 teniendo

294 874 492 925 algunos
525 873 701 912 buenos
733 876 971 922 respectos
1004 882 1034 920 y
1060 868 1198 914 fines,
1230 879 1288 906 no
1319 866 1379 905 ha
1407 864 1753 905 condecendido
1782 865 1918 904 hasta

295 945 443 984 ahora
469 954 559 983 con
589 949 685 982 este
715 953 767 981 su
796 941 979 989 desseo;
1009 950 1119 990 pero
1150 949 1206 977 en
1237 948 1348 977 casa
1375 948 1424 976 se
1451 936 1692 976 exercitari
1718 935 1823 975 bien
1849 936 1919 974 las

297 1013 676 1055 mortificationes
698 1025 728 1063 y
748 1010 1040 1062 penitentias.

376 1085 446 1125 En
467 1090 589 1124 estos
611 1090 776 1134 quatro
800 1093 948 1120 meses
969 1092 1018 1120 se
1039 1080 1130 1119 han
1152 1078 1339 1118 movido
1367 1078 1562 1118 muchos
1592 1081 1619 1117 3
1649 1089 1698 1117 50
1727 1088 1920 1128 aprove-

298 1156 413 1195 char
434 1167 491 1195 en
511 1156 579 1194 los
600 1153 856 1193 exercicios
878 1151 1163 1202 spirituales,
1188 1163 1217 1201 y
1238 1150 1297 1189 ha
1319 1149 1489 1189 habido
1519 1155 1649 1189 tanto
1677 1158 1918 1197 concurso,

296 1240 331 1278 y
350 1226 406 1266 de
426 1236 651 1277 personas
672 1235 863 1274 graves,
889 1234 975 1273 que
995 1233 1054 1261 no
1076 1233 1124 1261 se
1146 1221 1206 1260 ha
1228 1220 1397 1271 podido
1420 1219 1663 1260 satisfazer
1685 1222 1712 1258 3
1734 1220 1802 1258 105
1823 1218 1919 1257 (105-

298 1308 405 1337 5005
426 1296 546 1336 dela
567 1295 710 1334 mitad
737 1294 791 1333 de
819 1294 887 1332 los
916 1304 1002 1343 que
1030 1292 1224 1332 estaban
1253 1290 1488 1341 movidos,
1524 1301 1708 1340 aurique
1741 1288 1922 1328 ordina-

298 1368 527 1407 riamente
549 1365 687 1405 habia
709 1376 765 1404 en
786 1363 1041 1403 exercicios
1063 1363 1175 1402 siete
1197 1366 1222 1401 o
1245 1362 1361 1402 ocho
1383 1372 1610 1412 personas
1639 1373 1670 1411 y
1698 1363 1724 1399 a
1750 1361 1819 1399 135
1848 1370 1924 1398 ve·

300 1449 380 1478 zes
399 1439 520 1486 maS,
544 1435 640 1475 casi
661 1434 794 1474 todos
816 1434 1011 1474 venidos
1038 1433 1092 1472 de
1120 1432 1251 1472 fuera
1280 1432 1413 1472 desta
1439 1432 1583 1472 tierra
1610 1444 1640 1482 y
1662 1430 1923 1481 arzobispa-

305 1508 387 1548 clo:
410 1513 539 1547 entre
560 1507 674 1546 ellos
694 1506 816 1545 hubo
838 1506 1033 1554 algunos
1054 1504 1260 1543 letrados
1280 1516 1311 1555 y
1333 1503 1612 1552 caballeros‚
1636 1515 1667 1553 y
1687 1501 1794 1541 Don
1813 1500 1925 1541 Luis

301 1579 361 1618 de
391 1577 556 1617 Bibero
583 1589 615 1627 y
642 1575 746 1616 Don
776 1575 1000 1624 Antonio,
1040 1574 1291 1613 hermanos
1325 1574 1381 1613 de
1416 1572 1523 1612 Don
1551 1572 1838 1623 Hieronymo
1871 1570 1926 1610 de

306 1648 487 1697 Bibero‚
521 1658 609 1698 que
630 1649 729 1686 esta
750 1658 806 1685 en
834 1657 958 1684 casa.
989 1644 1171 1684 Fueron
1200 1644 1403 1683 tambien
1431 1655 1569 1683 curas
1595 1643 1651 1683 de
1680 1642 1868 1693 iglesias
1896 1653 1923 1692 y

303 1718 593 1758 estudiantes
628 1730 658 1768 y
685 1716 929 1766 religiosos
966 1715 1020 1754 de
1048 1714 1141 1755 San
1169 1714 1424 1754 Francisco
1460 1727 1490 1765 y
1519 1714 1574 1753 de
1601 1712 1645 1753 S.
1676 1712 1927 1763 Doming0‚

307 1800 533 1840 personas
553 1798 663 1838 muy
685 1786 930 1826 senaladas
953 1797 1009 1824 en
1032 1797 1084 1824 su
1106 1773 1275 1835 Orden,
1300 1785 1657 1836 especialmente
1678 1795 1741 1823 un
1761 1782 1833 1822 Ρ.Ε
1854 1783 1930 1822 (10-

309 1860 478 1899 minico
498 1857 780 1898 Presentado
811 1870 840 1907 y
862 1857 1027 1896 Lector
1054 1868 1163 1907 muy
1191 1856 1384 1906 antiguo
1415 1856 1471 1895 de
1497 1854 1542 1895 S.
1572 1854 1797 1904 Thomas3
1829 1866 1860 1905 y
1886 1854 1930 1892 10

309 1933 469 1970 menos
490 1940 576 1980 que
598 1928 741 1977 tiene,
765 1939 851 1966 con
885 1939 958 1966 ser
989 1933 1067 1966 tan
1095 1927 1246 1975 docto,
1286 1939 1334 1966 es
1363 1938 1437 1966 ser
1465 1925 1659 1976 letrado,
1697 1936 1845 1975 segun
1877 1935 1929 1963 su

305 1999 493 2040 bondad
515 2012 545 2050 y
564 1999 899 2049 recogimiento
921 2009 970 2037 es
992 1997 1172 2037 mucho.

387 2070 489 2110 Mas
511 2080 643 2108 como
665 2068 854 2108 enti-aba
878 2079 938 2118 ya
960 2069 1000 2107 01
1020 2080 1211 2117 verano,
1246 2079 1332 2119 que
1365 2078 1512 2118 segun
1541 2068 1582 2106 el
1612 2066 1778 2117 pueblo
1800 2077 1930 2117 pare-

363 2250 377 2270 5
414 2250 479 2277 Sex
495 2254 628 2277 tantum
644 2249 810 2288 Compluti
826 2250 988 2276 admissos
1004 2250 1064 2276 hoc
1083 2258 1166 2276 anno
1183 2251 1283 2277 fuisse
1300 2258 1457 2284 expresse
1473 2250 1639 2277 asseritur
1654 2250 1686 2276 in
1701 2249 1862 2275 Historia
1878 2249 1934 2276 del

311 2298 443 2331 Colegz'o
458 2298 499 2324 de
516 2298 549 2324 la
567 2297 757 2331 Compam'a
772 2297 813 2324 de
831 2297 938 2330 Jeszis
953 2298 993 2323 de
1010 2298 1144 2329 Alcala‘,
1158 2302 1296 2324 auctore
1314 2298 1348 2324 Ρ.
1372 2297 1613 2331 Christophoro
1637 2297 1675 2324 de
1699 2296 1831 2329 Castro,
1855 2304 1933 2324 non-

312 2345 388 2371 dum
404 2345 436 2371 in
450 2345 558 2371 lucem
574 2345 675 2377 edita,
688 2345 743 2371 lib.
756 2352 800 2372 iv.
815 2352 887 2378 cap.
904 2344 936 2370 1⁴2
957 2348 988 2370 et
1013 2345 1059 2371 13:
1085 2345 1277 2378 Alphonsus
1299 2345 1420 2379 Lopez,
1443 2346 1508 2379 qui,
1526 2349 1705 2378 postquam
1726 2343 1933 2377 Theologiae

306 2392 513 2418 curriculum
529 2399 681 2418 emensus
697 2396 759 2421 est,
772 2399 792 2417 a
804 2391 905 2417 Patre
921 2396 1034 2417 nostro
1050 2391 1180 2425 Ignatio
1196 2399 1306 2419 comes
1320 2392 1432 2419 Patris
1443 2391 1581 2425 Joannis
1596 2391 1708 2418 Nuuez
1724 2391 1763 2417 de
1779 2391 1936 2419 Bai-reto,

312 2439 515 2472 Aethiopiae
536 2439 771 2469 Pati-iarcliae,
791 2438 853 2465 fuit
875 2439 1011 2465 electus.
1030 2439 1129 2465 Alter
1152 2439 1213 2465 fuit
1229 2439 1353 2466 Frater
1370 2439 1491 2466 Petrus
1512 2439 1551 2466 de
1572 2438 1704 2471 Falces,
1727 2438 1844 2471 paucis
1858 2441 1933 2471 post

310 2485 408 2513 annis
425 2494 441 2512 0
457 2486 546 2512 vivis
561 2486 724 2512 sublatus.
741 2485 874 2511 Tertius
892 2485 923 2511 P.
940 2485 1124 2519 Enriquez,
1141 2486 1249 2513 frater
1265 2487 1289 2512 P
1320 2486 1548 2513 Emmanuelis
1567 2485 1696 2519 Lopez,
1713 2484 1934 2519 3315313133-

313 2533 401 2559 ticae
413 2534 488 2566 plus
502 2533 624 2567 viginti
641 2533 736 2559 annis
751 2532 971 2566 Theologiam
987 2533 1079 2565 legit.
1096 2533 1243 2565 Quartus
1258 2533 1403 2566 Joannes
1419 2534 1458 2560 de
1475 2533 1640 2561 Carrera.
1656 2533 1710 2559 vir
1725 2532 1935 2566 poenitentia

310 2580 462 2613 insignis.
480 2580 620 2612 Quintus
642 2579 776 2613 Gaspar
796 2580 834 2606 de
858 2579 998 2605 Salazar
1020 2580 1051 2605 in
1069 2581 1277 2613 gubernandi
1299 2581 1442 2608 50103113
1462 2581 1614 2615 apprime
1637 2581 1763 2614 (100135,
1786 2579 1841 2614 qui
1862 2586 1935 2606 cum

314 2626 475 2660 Superior
498 2626 637 2661 Collegii
658 2627 839 2654 Abulensis
863 2627 980 2653 fuisset
1002 2626 1203 2660 nominatus¹
1222 2635 1343 2662 magno
1367 2629 1561 2662 adjumento
1583 2632 1615 2655 et
1639 2627 1859 2654 consolationi
1874 2627 1936 2654 fuit

315 2673 461 2700 Sanctae
478 2674 671 2707 Theresiae,
695 2682 779 2708 quae
805 2681 937 2707 semper
958 2674 1103 2700 omnium
1124 2681 1259 2701 suorum
1280 2676 1455 2702 dubiorum
1476 2676 1677 2703 solutionem
1693 2676 1734 2702 30
1750 2675 1811 2702 1100
1834 2674 1936 2701 Patre

313 2721 524 2754 exquirebat.
545 2720 623 2747 Fuit
638 2725 756 2755 postea
771 2721 896 2748 Rector
913 2720 1138 2754 Collegiorum
1153 2721 1292 2756 Matriti,
1318 2722 1531 2757 Marchenae,
1558 2722 1714 2750 Conchae
1736 2727 1768 2749 et
1784 2722 1923 2749 Belmon

312 2768 368 2800 tis,
384 2772 417 2794 et
432 2767 648 2801 praepositus
664 2767 788 2795 Domus
805 2767 978 2794 professae
995 2767 1191 2794 Toletanae.
1208 2768 1401 2796 Postremus
1417 2770 1477 2796 suit
1490 2769 1637 2802 Joannes
1658 2770 1868 2803 Emmanuel,
1886 2769 1938 2796 vir

316 2823 459 2849 magnae
479 2816 617 2849 pit-tatis
638 2820 670 2842 et
686 2816 787 2842 animi
803 2814 1023 2842 demissionis.
1046 2814 1125 2842 Fuit
1141 2815 1265 2842 Rector
1282 2815 1422 2850 collegii
1439 2816 1636 2843 Murciensis
1651 2823 1711 2850 per
1727 2817 1842 2843 decem
1857 2816 1940 2842 inte-

316 2869 394 2895 gros
405 2870 509 2889 annos
524 2866 556 2889 et
568 2866 686 2896 postca
698 2862 916 2896 praepositus
927 2861 1053 2888 Domus
1065 2861 1261 2889 Toletanae.
1278 2862 1431 2890 Historia
1447 2863 1694 2897 Complutensis
1710 2862 1852 2897 Collegii
1868 2862 1938 2896 ejus

314 2910 463 2937 virtutes
478 2913 626 2937 enarrat.

372 2958 387 2976 s*
424 2957 625 2984 Patriarcha
640 2961 673 2983 et
690 2956 825 2983 Consilii
836 2955 932 2990 Regii
948 2956 1090 2984 Praeses
1102 2962 1176 2984 erat
1189 2957 1349 2984 Dominus
1364 2956 1598 2984 Ferdinandus
1613 2957 1697 2984 Nino
1711 2958 1749 2984 de
1766 2957 1937 2989 Guevara,

316 3004 514 3038 Siguntinus
528 3003 725 3038 Episcopus.
