2080 3392
895 205 975 241 AN.
1009 204 1101 242 1553
1742 200 1816 237 ‘219

170 315 269 345 rem
289 303 499 344 divinam
519 301 725 353 quotidie
747 301 963 342 audirent
984 307 1029 342 et
1051 301 1110 341 ad
1131 300 1489 352 suscipiendum
1504 299 1812 340 christianum

170 374 311 415 animi
331 375 506 415 cultum
528 373 743 413 omnibus
764 373 926 413 diebus
946 372 1078 412 festis
1095 372 1416 412 convenirent.
1437 371 1566 422 Quas
1588 370 1810 410 conditio-

169 458 252 488 nes
273 457 380 486 cum
400 456 756 496 exponeremus,
782 444 913 484 multi
934 444 1240 492 mirabantur,
1265 443 1388 495 quod
1410 442 1545 493 haec,
1576 453 1695 494 quae
1723 453 1812 481 nos

171 518 305 571 quasi
323 517 499 557 laboris
519 516 669 556 nostri
689 516 870 567 premia
891 515 1161 565 flagitamus
1183 515 1240 554 ab
1263 515 1569 564 auditoribus,
1589 513 1649 554 ad
1666 513 1810 553 multo

170 589 425 630 maximam
455 599 617 628 eorum
650 587 900 627 utilitatem
926 586 1215 638 pertineant,
1249 592 1294 626 et
1325 598 1431 626 cum
1463 597 1558 625 non
1586 584 1812 625 mediocri

170 666 438 702 nostrorum
464 659 766 699 sacerdotum
793 658 1102 710 occupatione
1131 658 1383 698 coniuncta
1414 658 1520 698 sint.
1552 657 1687 697 Initio
1718 656 1810 697 duo

168 738 347 774 tantum
369 731 617 772 habuimus
639 730 904 782 gymnasia,
925 741 1124 782 quorum
1146 731 1346 770 alterum
1363 741 1468 769 cum
1489 730 1684 769 haberet
1704 733 1811 780 post

168 815 346 856 paucos
376 802 475 843 dies
511 802 749 843 auditores
783 808 970 841 centum
999 807 1044 841 et
1075 801 1317 851 octoginta
1345 812 1561 850 numerO,
1591 812 1679 840 nec
1707 811 1812 852 pos-

170 881 272 916 sent
299 875 543 915 commode
574 880 670 915 tam
697 874 829 914 multi
858 874 916 914 ab
947 885 1039 913 uno
1068 879 1397 925 praeceptore,
1427 873 1643 924 quamvis
1672 873 1712 912 is
1741 879 1812 912 est

170 947 217 987 P.
241 947 537 996 Emmanuel,
562 952 606 986 et
637 945 879 997 diligentia
902 951 946 985 et
978 944 1193 985 doctrina
1215 944 1459 995 singulari,
1484 944 1660 984 laboris
1680 955 1814 995 prae-

169 1025 297 1059 terea
331 1017 721 1070 patientissimus,
755 1016 962 1066 edoceri,
993 1015 1267 1067 scripsimus
1295 1015 1356 1056 ad
1383 1015 1438 1056 R.
1468 1015 1516 1055 P.
1555 1015 1813 1055 Doctorem

171 1089 365 1140 TorreS,
403 1089 480 1141 qui
515 1089 704 1129 tertium
739 1101 763 1128 e
798 1087 1006 1140 vestigio
1041 1088 1168 1128 misit
1201 1095 1559 1140 praeceptorem
1599 1087 1813 1127 Rochum

170 1161 424 1211 Sanctium,
449 1161 639 1201 natione
660 1161 965 1213 valentinum,
989 1167 1033 1202 et
1054 1162 1206 1213 ipsum
1228 1161 1322 1201 iam
1343 1160 1390 1200 in
1418 1159 1630 1200 docendo
1655 1170 1812 1199 excer-

169 1234 383 1283 citatum,
407 1233 483 1273 cui
511 1233 672 1273 datum
699 1239 767 1273 est
795 1234 984 1274 tertium
1010 1233 1314 1285 gymnasium
1343 1233 1550 1283 amplum
1575 1230 1728 1271 valde.
1762 1230 1813 1270 In

164 1317 223 1365 eo
244 1310 351 1345 sunt
372 1304 462 1345 hoc
488 1311 698 1356 tempore
728 1311 916 1345 centum
938 1305 1125 1345 circiter
1146 1304 1386 1345 auditores
1405 1336 1412 1353 ‚
1437 1304 1483 1343 in
1505 1301 1712 1343 secundo
1733 1314 1813 1342 no-

168 1376 376 1428 naginta,
400 1376 447 1416 in
468 1376 618 1427 primo
640 1376 955 1427 quadraginta
977 1388 1069 1417 uno
1097 1377 1271 1426 minus,
1297 1376 1375 1427 qui
1406 1386 1569 1415 omnes
1589 1374 1637 1414 in
1658 1381 1812 1414 certos

169 1448 355 1488 ordines
377 1454 485 1488 sunt
504 1448 753 1499 distributi,
773 1460 891 1500 quos
913 1448 1144 1499 decurias,
1166 1448 1291 1500 quod
1312 1447 1474 1488 decem
1491 1447 1587 1486 fere
1609 1446 1814 1486 habeant

168 1519 442 1571 discipulos,
467 1531 711 1560 vocamus.
735 1520 860 1560 Inter
890 1520 976 1560 hos
997 1526 1067 1560 est
1088 1531 1222 1570 unus,
1256 1520 1333 1571 qui
1365 1519 1573 1559 omnium
1603 1517 1812 1558 decuria-

168 1602 271 1631 rum
292 1591 338 1631 in
359 1603 443 1631 suo
464 1592 715 1643 gymnasio
737 1603 901 1632 curam
923 1592 1078 1642 habet;
1104 1593 1273 1643 cuique
1295 1591 1436 1631 etiam
1459 1590 1679 1630 decuriae
1700 1602 1814 1630 suus

169 1668 356 1714 praeest
390 1663 596 1703 decurio.
630 1662 706 1704 Sic
740 1664 866 1703 nullo
896 1664 1057 1703 labore
1091 1663 1367 1714 intelligitur
1399 1663 1438 1702 si
1467 1662 1570 1714 quis
1599 1662 1739 1712 absit,
1774 1662 1813 1701 si

170 1745 335 1785 parum
356 1734 403 1774 in
424 1733 656 1775 audiendo
674 1740 894 1785 attentus,
914 1735 953 1775 si
970 1735 1215 1786 negligens
1237 1735 1283 1774 in
1299 1735 1525 1774 memoria
1548 1733 1814 1773 exercenda

169 1805 241 1846 sit.
266 1805 396 1846 Haec
418 1818 493 1846 res
514 1806 740 1846 maiorem
760 1813 922 1846 nostra
945 1806 1165 1858 opinione
1186 1806 1233 1846 in
1256 1806 1355 1846 dies
1383 1805 1587 1846 ostendit
1609 1817 1812 1845 commo-

169 1876 362 1917 ditatem
393 1877 451 1917 ad
487 1878 830 1917 multitudinem
864 1877 1238 1929 gubernandam.
1269 1876 1386 1918 Sunt
1414 1883 1569 1917 autem
1597 1876 1735 1928 positi
1765 1877 1811 1916 in

169 1947 369 1988 decuriis
404 1960 489 2000 pro
523 1949 891 2000 uniuscuiusque
923 1949 1152 2001 profectu.
1183 1949 1246 1988 In
1277 1949 1349 1988 3.0
1383 1948 1641 1999 gymnasio
1670 1953 1811 1999 paeri

168 2018 427 2070 diligenter
449 2031 498 2059 m
518 2019 761 2060 elementis
783 2020 1132 2070 grammaticae
1159 2020 1399 2060 discendis
1425 2023 1735 2060 exercentur:
1762 2019 1812 2058 iaz

168 2090 241 2129 20
260 2090 464 2130 audiant
492 2090 730 2131 Ciceronis
750 2091 1007 2142 epistolas,
1030 2103 1149 2142 quas
1166 2091 1448 2142 familiares
1469 2095 1664 2137 vocant,
1691 2091 1811 2130 eins-

168 2162 270 2201 dem
290 2161 464 2202 libram
486 2162 541 2202 cle
557 2162 779 2202 Aviicitia
801 2167 845 2203 et
868 2163 1151 2215 difficiliora
1173 2163 1523 2213 granmzaticae
1538 2166 1813 2214 praecepta:

168 2232 217 2272 in
232 2233 391 2284 primo
419 2245 532 2273 vero
562 2234 843 2274 rlzetoricem
873 2236 935 2274 ad
962 2235 1257 2275 Herennium
1287 2235 1543 2285 scriptam,
1570 2234 1814 2274 orationes

176 2303 432 2355 Ciceronis,
455 2305 724 2345 Salustium
745 2310 789 2346 et
811 2317 1038 2357 graecam
1061 2307 1432 2357 granmzaticam
1450 2339 1456 2351 ,
1477 2318 1618 2357 qnam
1646 2317 1812 2345 memo-

170 2374 286 2415 riter
307 2376 523 2416 ediscunt
545 2388 649 2416 cnm
671 2377 929 2417 rhetorices
944 2378 1231 2429 praeceptis.
1258 2378 1525 2417 Salustium
1547 2388 1658 2416 vero
1680 2380 1724 2416 et
1746 2376 1812 2416 Ci-

170 2457 382 2486 ceronem
416 2447 465 2487 in
494 2449 712 2499 patrium
748 2448 889 2488 ctiam
919 2441 1184 2489 sermonem
1212 2453 1431 2494 vertant,
1465 2449 1589 2499 qaod
1614 2448 1812 2498 faciant

162 2518 399 2568 permulti
415 2530 509 2559 non
530 2519 845 2570 ineleganter.
868 2519 965 2561 Nec
988 2520 1099 2561 illud
1120 2520 1308 2572 quidem
1336 2533 1362 2560 a
1394 2520 1527 2559 nobis
1556 2520 1814 2570 negligitur

168 2594 217 2628 ut
236 2590 353 2629 bene
375 2602 429 2629 ac
450 2591 675 2630 velociter
697 2592 919 2641 scribant,
945 2598 1197 2643 propterea
1219 2592 1344 2643 quod
1367 2602 1588 2631 curamus
1608 2597 1656 2630 ut
1678 2592 1813 2642 pueri

168 2660 291 2700 tertii
311 2662 550 2712 gymnasii
581 2669 679 2702 tum
700 2674 838 2703 mane
859 2669 958 2703 tum
980 2675 1179 2715 vespere
1201 2664 1427 2714 scriptam
1448 2662 1585 2702 domo
1614 2662 1813 2703 afferant

168 2731 442 2782 lectionem,
481 2744 622 2784 quam
659 2735 914 2774 memoriae
952 2735 1359 2774 commendarint:
1396 2733 1518 2773 idem
1545 2733 1593 2773 fit
1628 2734 1674 2773 in
1708 2734 1813 2774 aliis

169 2801 349 2842 duobus
375 2804 650 2854 gymnasiis.
689 2804 824 2855 Quod
856 2806 1021 2846 attinet
1049 2806 1109 2845 ad
1133 2805 1394 2857 juventutis
1416 2817 1586 2854 mores,
1612 2805 1689 2844 alii
1718 2806 1812 2845 iam

169 2883 270 2912 esse
290 2874 524 2926 videntur,
552 2881 691 2926 atque
713 2876 843 2916 initio
867 2883 1017 2927 erant3
1042 2877 1243 2928 plurima
1266 2876 1388 2915 enim
1410 2876 1615 2927 quotidie
1636 2875 1811 2916 defere-

168 2943 336 2984 bantur
354 2945 639 2995 iuramenta,
665 2949 838 2988 multae
859 2948 1079 2999 puerilies
1101 2947 1320 2997 iniuriae,
1353 2959 1472 2998 quae
1501 2960 1624 2987 nunc
1653 2948 1810 2988 omnia

171 3012 344 3055 Christi
363 3016 552 3057 Domini
574 3019 721 3058 nostri
752 3018 959 3059 bonitate
991 3027 1097 3059 sunt
1134 3018 1404 3069 emendata,
1435 3025 1485 3058 ut
1515 3031 1687 3069 magna
1714 3020 1809 3059 iam
