2080 3392
845 231 929 268 AN.
961 230 1053 268 1554
1697 232 1770 269 565

743 683 1050 736 OOLXXV
1058 683 1124 737 Π

187 913 387 960 jacobus
406 912 562 949 Duran

238 977 361 1015 Patri
378 977 548 1025 ignatio
568 976 622 1014 de
640 976 827 1024 Loyola.

284 1043 542 1090 Methymna
562 1041 729 1090 Campi,
749 1042 797 1078 25
814 1042 1015 1089 Januarii
1037 1042 1129 1080 1554
1149 1043 1176 1078 ¹.

899 1371 997 1413 IHS

199 1586 470 1626 Admodum
489 1585 590 1626 Rssle
617 1587 664 1626 in
686 1586 768 1627 X.⁰
790 1585 952 1626 Pater:

199 1657 366 1698 Gratia
397 1665 441 1697 et
475 1670 570 1709 pax
603 1657 777 1698 Christi
809 1657 921 1710 Jesu
954 1656 1145 1697 Domini
1180 1658 1330 1698 nostri
1356 1658 1591 1709 praesidio
1620 1664 1761 1711 atque

116 1729 295 1770 auxilio
317 1729 399 1769 tibi
421 1729 479 1769 sit
501 1741 699 1780 semper.

194 1801 325 1852 Quae
346 1800 421 1840 hic
443 1807 684 1851 gerantur,
705 1811 905 1852 quorum
925 1805 970 1839 te
993 1806 1174 1840 certum
1190 1799 1347 1840 facere
1369 1812 1542 1852 operae
1559 1801 1762 1852 pretium

108 1871 354 1922 duximus,
378 1884 437 1912 ex
457 1871 529 1911 his
550 1871 718 1921 literis,
740 1871 880 1911 Pater
902 1871 1257 1922 benignissime,
1283 1872 1501 1923 accipies.
1527 1872 1578 1912 id
1606 1878 1763 1912 autem

111 1944 264 1995 primo
292 1955 394 1983 sese
422 1942 557 1983 offert
586 1942 709 1994 quod
742 1942 788 1982 in
816 1941 1013 1993 Collegii
1044 1941 1180 1993 hujus
1208 1950 1307 1982 tum
1336 1943 1460 1982 vivis
1490 1949 1588 1983 tum
1620 1944 1763 1984 etiam

110 2015 312 2054 terrenis
342 2014 572 2066 lapidibus
599 2026 682 2065 per
709 2025 819 2053 suos
847 2014 933 2053 hos
965 2013 1183 2064 indignos
1212 2013 1399 2064 quidem
1426 2013 1544 2054 filios
1573 2015 1761 2066 operari

110 2085 333 2136 dignatus
355 2092 424 2125 est
445 2085 691 2135 Dominus,
716 2085 793 2136 qui
815 2085 854 2124 si
876 2084 1014 2124 modo
1037 2084 1203 2124 adesse
1225 2085 1353 2135 velit,
1379 2085 1438 2125 ad
1460 2097 1657 2137 annum,
1682 2086 1761 2138 qui

109 2157 323 2208 proxime
346 2157 504 2207 instat,
522 2157 696 2196 bonam
717 2167 1035 2208 magnamque
1051 2162 1236 2207 partem
1256 2156 1379 2196 illius
1397 2157 1755 2208 confecerimus,

108 2240 201 2281 quo
218 2228 522 2268 Paternitatis
539 2228 667 2268 Tuae
688 2228 766 2279 pia
786 2233 897 2267 vota
916 2227 1207 2268 commodius
1224 2239 1475 2279 capessere
1492 2229 1756 2280 valeamuS,

109 2301 190 2341 ubi
212 2300 398 2352 quidem
418 2300 671 2340 lectionum
700 2300 870 2339 seriem
893 2306 1030 2350 atque
1058 2299 1269 2348 modum,
1301 2311 1439 2351 quem
1469 2300 1592 2339 italis
1622 2300 1758 2340 colle-

110 2371 202 2423 giis
224 2371 323 2411 Tua
344 2370 610 2410 Paternitas
630 2370 859 2410 hactenus
880 2370 1206 2422 praescripsit,
1237 2370 1422 2411 facilius
1452 2382 1757 2422 exequamur.

109 2442 230 2483 Cum
263 2443 387 2482 enim
422 2442 620 2492 collegia
655 2441 836 2493 reliqua
872 2454 930 2481 ex
957 2441 1059 2492 ipsa
1087 2442 1381 2482 nascentium
1412 2441 1567 2482 indole
1597 2442 1759 2493 fruges

110 2514 206 2554 iam
226 2513 544 2565 suppeditent,
567 2512 689 2552 unde
712 2512 822 2564 quid
843 2519 1030 2552 matura
1053 2518 1207 2553 aetate
1229 2519 1274 2552 et
1305 2513 1491 2553 Christo
1520 2513 1637 2553 duce
1667 2514 1759 2554 sint

108 2585 322 2637 paritura
344 2585 390 2624 in
410 2590 631 2636 promptu
652 2589 723 2623 est
753 2595 967 2633 cernere,
999 2596 1057 2623 ex
1084 2584 1173 2624 hoc
1205 2584 1346 2624 etiam
1375 2585 1527 2634 agello
1558 2596 1758 2636 proven-

108 2662 208 2696 tum
233 2668 327 2696 non
358 2662 609 2706 utcumque
644 2655 857 2705 uberem,
894 2654 1011 2695 faxit
1038 2655 1294 2705 Dominus,
1324 2655 1534 2695 vicissim
1565 2666 1758 2706 sperare

109 2727 285 2777 licebit,
318 2734 414 2767 tam
449 2726 638 2766 assidua
672 2726 873 2766 lectione
910 2738 1051 2778 quam
1086 2738 1172 2777 ope
1210 2725 1419 2766 adhibita
1457 2726 1758 2768 conscientiis

106 2799 393 2839 exulceratis
412 2798 625 2837 Virorum
645 2797 737 2837 huc
759 2797 1112 2848 confluentium,
1138 2809 1362 2849 quorum,
1387 2803 1581 2849 propter
1602 2809 1756 2850 empo—

106 2870 228 2910 rium
251 2870 454 2920 celebre,
478 2880 590 2920 pars
611 2880 782 2920 magna
805 2874 892 2910 est.
925 2869 1014 2909 Hic
1037 2869 1161 2909 enim
1181 2869 1402 2921 populus,
1427 2869 1649 2920 quoniam
1675 2881 1756 2910 nu-

163 3008 172 3027 1
214 3007 463 3041 Autographae
480 3006 513 3033 in
529 3006 607 3033 folio
623 3005 758 3040 duplici.
773 3013 804 3032 n.
821 3005 993 3032 3‘21.—Eas
1010 3012 1130 3032 severe
1142 3004 1332 3039 castigavit
1345 3006 1480 3039 ignotus
1494 3006 1642 3039 quidam.
1655 3007 1755 3041 plura

105 3054 224 3081 delens
239 3059 273 3081 et
290 3055 480 3082 deletorum
495 3054 568 3080 loco
585 3054 752 3088 quaedam
774 3053 997 3085 substituens,
1014 3057 1050 3079 ut
1071 3052 1188 3079 videre
1201 3056 1254 3079 est
1269 3053 1370 3080 infra.
