2080 3392
834 263 917 298 AN.
949 261 1040 299 1552
1715 265 1765 302 291

120 363 247 398 certe
279 358 421 398 rebus
446 357 495 398 fit
521 363 592 408 ut,
621 358 791 398 mirum
819 358 865 398 in
895 358 1085 398 modum
1120 364 1398 410 occupatus,
1436 359 1516 398 vix
1552 371 1757 411 unquam

117 429 267 480 possit
288 429 544 481 quiescere.
567 428 643 469 Ad
664 429 757 469 alia
775 429 1009 469 calamum
1031 435 1380 469 convertamus.

198 499 287 540 Hic
322 505 476 540 autem
511 506 790 551 occurrunt,
827 500 1031 552 primum
1066 500 1144 551 qui
1174 510 1234 539 ex
1269 500 1469 540 inimicis
1503 500 1618 541 facti
1652 510 1759 543 sunt

117 571 276 621 amici,
311 582 369 610 ex
397 571 564 622 quibus
590 583 768 623 paucos
798 577 962 611 notare
990 570 1199 610 sufficiet.
1231 570 1350 611 Cum
1377 571 1521 622 igitur
1550 576 1757 613 nonnulli

117 642 321 693 quadam
355 642 428 682 die
457 643 626 682 armati
653 642 1063 682 convenissentut
1099 653 1201 682 sese
1232 648 1392 682 mutuo
1423 642 1754 694 interficerent,

115 714 181 753 ita
203 713 359 753 odium
382 713 503 753 inter
523 725 604 754 eos
625 719 891 764 exarserat,
916 713 1074 752 statim
1102 725 1222 753 unus
1253 725 1312 753 ex
1341 713 1558 753 Patribus
1585 716 1759 756 nostris

117 796 171 825 eo
194 783 424 824 adductus
445 784 545 834 fuit,
571 783 702 836 cujus
724 784 932 825 adventu
953 784 1017 824 ita
1036 790 1291 832 mutantur,
1316 791 1364 825 ut
1386 785 1444 825 ab
1468 786 1574 826 odio
1597 787 1657 826 ad
1686 787 1759 827 be-

115 856 453 907 nevolentiam,
491 868 518 896 a
553 855 740 896 feritate
773 855 833 896 ad
868 855 1304 907 mansuetudinem,
1341 856 1568 907 depositis
1597 858 1740 898 armis

115 938 218 967 sese
254 927 599 979 quamprimum
635 927 968 967 converterint.
1005 926 1167 978 Neque
1201 939 1316 967 Vero
1346 928 1546 968 alterum
1575 929 1756 979 tacebo,

115 998 193 1050 qui
214 999 370 1039 multis
392 998 528 1038 annis
548 1009 654 1038 cum
676 998 818 1038 alium
838 1004 1115 1049 persecutus
1141 998 1327 1050 fuisset,
1352 1011 1458 1039 eum
1492 1005 1617 1039 certe
1639 1001 1758 1040 occi-

114 1080 266 1120 surus,
290 1069 327 1109 si
348 1069 550 1109 facultas
571 1069 777 1119 daretur,
803 1068 924 1121 quod
941 1075 1161 1120 patruum
1178 1070 1253 1109 ille
1270 1081 1406 1110 suum
1426 1070 1754 1119 interemisset,

113 1140 303 1181 tandem
339 1140 497 1180 odium
534 1140 761 1190 evomuit,
793 1139 916 1192 quod
943 1140 1021 1180 diu
1051 1141 1098 1180 in
1133 1147 1324 1192 pectore
1359 1141 1602 1181 habuerat.
1638 1142 1758 1192 Quid

113 1219 270 1253 autem
292 1212 497 1252 scribam
528 1212 583 1252 de
605 1212 785 1252 duabus
807 1212 1079 1252 mulieribus
1108 1219 1153 1252 et
1183 1213 1274 1253 illis
1301 1213 1487 1264 quidem
1508 1214 1753 1264 nobilibus,

112 1296 312 1335 quarum
334 1285 506 1335 altera,
541 1295 647 1324 cum
675 1284 753 1324 diu
782 1284 830 1324 in
862 1284 1092 1324 adulterio
1119 1284 1338 1335 vixisset,
1369 1284 1535 1336 spiritu
1566 1285 1758 1325 Domini

112 1361 371 1406 commota,
396 1355 513 1395 adeo
536 1355 581 1395 in
603 1367 794 1395 carnem
817 1367 936 1407 quae
967 1362 1254 1407 peccaverat
1281 1357 1466 1396 saevire
1495 1357 1674 1407 coepit,
1707 1365 1756 1398 ut

110 1438 137 1466 a
164 1426 362 1478 flagellis
396 1438 492 1467 non
527 1433 734 1467 cessaret
769 1427 1045 1479 priusquam
1080 1427 1186 1468 inde
1219 1428 1500 1479 sanguinem
1528 1429 1758 1468 extraxis-

111 1504 204 1548 set;
236 1499 383 1538 altera
418 1509 548 1549 Vero,
573 1510 692 1550 quae
714 1499 927 1547 alterurn,
954 1510 1092 1550 quem
1113 1498 1239 1539 domi
1261 1499 1416 1539 alebat
1437 1499 1624 1539 nomine
1654 1512 1760 1551 pro·

111 1570 364 1620 curatoris,
402 1575 447 1610 et
481 1569 610 1610 illum
646 1570 834 1621 quidem
868 1570 1186 1621 sacerdotem,
1226 1571 1350 1622 quod
1385 1571 1524 1622 longe
1550 1572 1757 1622 >gravius

110 1648 201 1689 est,
227 1653 254 1681 a
276 1653 324 1681 se
347 1641 546 1692 expulit,
570 1641 697 1681 vitae
718 1641 1013 1682 honestatem
1042 1648 1141 1682 toto
1170 1642 1326 1682 animo
1355 1643 1593 1694 amplexa?
1621 1643 1756 1683 Utra-

109 1724 197 1764 que
236 1724 360 1753 nunc
400 1719 700 1753 sacramenta
739 1712 1033 1764 frequentat3
1075 1714 1293 1765 quamvis
1334 1714 1463 1765 prior
1502 1715 1756 1755 secundam

109 1784 275 1835 spiritu
297 1790 341 1824 et
363 1784 614 1824 devotione
635 1791 849 1836 superet,
882 1784 1000 1825 haec
1031 1797 1177 1835 nunc,
1202 1784 1293 1824 nisi
1323 1785 1546 1825 mandato
1579 1786 1756 1825 confes-

109 1855 222 1896 sarii
249 1855 591 1907 prohiberetur,
629 1855 900 1908 frequenter
934 1868 1082 1908 usque
1111 1857 1171 1896 ad
1207 1857 1488 1908 sanguinem
1524 1855 1754 1908 [flagellis]

106 1933 330 1967 uteretur.
354 1926 445 1967 Sed
467 1928 577 1979 quid
598 1926 654 1967 de
676 1927 909 1968 obsessis?
930 1927 1101 1968 Mirum
1123 1934 1250 1974 certe
1272 1935 1341 1968 est
1363 1927 1473 1980 quid
1494 1929 1540 1968 in
1563 1928 1628 1968 eis
1650 1940 1753 1968 con-

109 2000 284 2050 tingat,
310 1999 481 2039 etenim
503 2010 608 2039 cum
630 2000 747 2039 muti
771 1998 780 2017 ¹
804 1999 863 2039 ad
891 2006 1103 2040 nostram
1135 2000 1385 2040 ecclesiam
1416 2000 1634 2040 conducti
1664 2000 1755 2040 fue-

107 2070 223 2121 rint,
263 2070 466 2110 confessi
502 2071 661 2111 statim
688 2071 795 2111 inde
826 2071 1010 2111 liberati
1040 2071 1300 2111 discedunt.
1339 2071 1539 2122 Quidam
1576 2071 1643 2110 sic
1680 2072 1758 2110 diu

108 2147 399 2194 apostemate
421 2143 658 2182 laboravit
678 2148 748 2194 ut,
773 2143 945 2183 multos
977 2142 1025 2182 in
1055 2143 1263 2183 medicos
1290 2143 1502 2194 pecuniis
1530 2143 1750 2193 erogatis,

109 2213 359 2254 sanitatem
380 2219 538 2254 tamen
559 2226 801 2266 nunquam
823 2214 1088 2254 obtinuerit.
1121 2213 1406 2254 Persuasum
1427 2214 1569 2265 igitur
1601 2214 1663 2253 illi
1685 2220 1753 2253 est

108 2284 165 2324 ab
186 2285 352 2325 amicis
372 2292 422 2326 ut
443 2286 618 2326 nostris
647 2286 964 2337 confiteretur,
999 2285 1123 2338 quod
1153 2286 1217 2326 ita
1248 2286 1501 2327 sanitatem
1531 2297 1752 2325 consecu-

108 2362 239 2396 turus
261 2362 404 2405 esset3
431 2357 637 2397 obedivit
664 2357 815 2398 bonus
845 2357 934 2408 vir,
965 2368 1115 2409 neque
1147 2369 1228 2408 spe
1256 2369 1341 2397 sua
1371 2357 1623 2397 frustratus
1650 2357 1751 2407 fuit,

106 2428 241 2468 brevi
275 2439 477 2479 namque
507 2429 757 2473 sanitatem
786 2429 999 2480 corporis
1029 2435 1075 2468 et
1109 2428 1294 2468 animae
1323 2429 1481 2478 simul,
1519 2434 1567 2467 ut
1595 2439 1752 2478 spera-

107 2511 224 2550 mus,
250 2499 461 2539 obtinuit.
486 2499 602 2539 Cum
624 2506 780 2540 autem
802 2500 877 2539 hic
895 2498 1129 2550 jubilaeus
1159 2499 1421 2551 publicatus
1454 2498 1639 2549 fuisset,
1674 2499 1752 2551 qui

106 2583 192 2622 pro
225 2582 344 2622 pace
372 2571 494 2610 inter
523 2570 807 2611 christianos
840 2571 1080 2623 principes
1115 2571 1410 2611 concilianda
1442 2581 1697 2610 concessus
1726 2583 1752 2610 a

108 2654 290 2683 summo
318 2641 543 2682 Pontifice
575 2648 665 2693 est,
698 2653 916 2682 carceres
947 2653 1111 2682 omnes
1141 2642 1405 2691 visitamUS‚
1429 2641 1753 2682 incarceratos

108 2713 168 2754 ad
195 2714 323 2754 illum
360 2713 708 2765 suscipiendum
742 2714 1053 2754 cohortaturi.
1091 2713 1210 2753 Cum
1243 2720 1399 2752 autem
1427 2713 1559 2752 multi
1591 2725 1752 2753 eorum

106 2797 201 2825 non
238 2785 466 2825 haberent
511 2785 636 2836 quod
675 2785 722 2824 in
764 2786 1114 2837 eleemosynam
1155 2784 1490 2834 elargirentur,
1539 2783 1751 2824 dedimus

108 2863 536 2908 quantumcumque
558 2857 878 2896 necessarium
899 2862 1014 2896 erat.
1039 2855 1204 2895 Patres
1225 2866 1339 2894 vero
1358 2856 1507 2894 nostri
1528 2855 1592 2895 ita
1616 2867 1749 2895 occu-

105 2928 340 2979 pabantur
367 2934 416 2968 ut
443 2936 604 2968 eorum
626 2928 834 2968 omnium
861 2927 1206 2968 confessionem
1228 2926 1391 2966 audire
1421 2938 1517 2966 non
1539 2934 1746 2977 possent,

160 3085 171 3107 ¹
210 3085 323 3114 Multi?
