2080 3392
251 191 322 229 406
777 187 1003 224 LITTERAE
1028 196 1384 229 QUADRIMESTRES

255 289 467 336 dianum,
493 284 693 325 Gadium
713 282 1003 334 praefectum
1026 280 1057 333 ¹,
1086 293 1268 322 summa
1294 281 1382 322 fide
1411 282 1589 332 virum,
1622 293 1704 334 per
1733 282 1882 322 foene-

256 357 426 398 ratoris
448 356 770 408 syngrapham
790 354 946 394 mittas
966 354 1130 393 velim:
1156 353 1194 392 is
1216 358 1265 393 ut
1285 353 1331 393 id
1361 365 1497 393 omne
1536 353 1611 393 hic
1645 353 1757 393 mihi
1786 365 1885 404 per-

257 430 468 468 solvatur
496 426 678 466 curabit
708 425 966 475 diligenter.
999 423 1099 474 Ego
1127 424 1251 463 enim
1280 424 1500 474 promitto
1522 435 1578 463 ac
1609 424 1783 474 recipio
1812 435 1885 463 me

258 500 476 538 daturum
497 508 688 548 operam
708 502 757 536 ut
779 495 953 546 captivi
974 495 1198 535 sistantur
1218 506 1304 534 nec
1325 494 1430 534 fidei
1447 506 1578 534 meae
1595 494 1749 534 deero.
1771 493 1889 534 Nam

258 571 365 609 licet
386 568 476 609 duo
497 568 640 608 millia
661 578 910 607 aureorum
931 566 990 606 ad
1011 577 1083 605 me
1104 566 1330 616 mittas,id
1357 572 1513 605 tamen
1542 565 1617 605 fac
1646 576 1730 616 pro
1763 571 1890 605 certo

259 641 454 689 habeas,
483 638 769 689 negligentia
788 648 875 677 nec
906 647 1048 677 unum
1076 636 1284 687 quidem,
1316 635 1417 676 Deo
1448 636 1654 686 volente,
1689 636 1890 676 interitu-

259 722 376 751 rum.
409 710 510 750 Hoc
530 715 579 749 tu
607 709 729 749 idem
749 708 884 748 isthic
905 707 1147 759 pollicere,
1178 718 1367 758 quaeso,
1398 706 1696 747 satiusenim
1726 707 1893 747 ducam

260 783 409 822 vitam
429 781 657 830 amittere,
682 791 824 831 quam
845 778 1020 830 aliquid
1042 778 1089 818 in
1109 789 1165 817 ea
1185 789 1256 827 re,
1291 777 1415 829 quod
1436 789 1463 817 a
1489 789 1562 817 me
1592 777 1650 817 sit
1677 778 1893 828 alienum,

262 853 440 903 facere;
463 863 569 891 cum
591 850 868 902 praesertim
895 856 940 889 et
965 850 1053 889 hoc
1077 849 1367 902 aetatisssim,
1392 848 1706 900 quadraginta
1731 859 1896 899 nempe

263 930 463 976 quatuor
485 929 564 962 aut
585 922 786 973 quinque
818 932 967 961 annos
994 927 1158 971 natus,
1183 926 1227 960 et
1256 926 1323 960 tot
1359 920 1406 959 in
1433 919 1658 970 religione
1685 930 1897 959 consum-

264 995 450 1047 pserim.
466 993 578 1034 Erat
593 993 705 1032 mihi
721 993 767 1032 in
784 992 940 1032 animo
955 991 1013 1031 ad
1028 991 1208 1031 Ducem
1224 990 1494 1041 Brigantiae
1510 990 1524 1008 ²
1547 996 1591 1030 et
1607 990 1724 1030 alias
1740 1000 1897 1041 quam-

265 1066 490 1118 plurimas
505 1064 740 1116 principes
754 1063 998 1113 foeminas,
1014 1073 1132 1113 quae
1148 1062 1282 1101 nobis
1299 1060 1565 1112 adjumento
1582 1073 1684 1101 esse
1700 1061 1896 1112 possin-t,

266 1137 486 1177 scribere.
523 1134 613 1176 Sed
642 1135 832 1175 nuntius
863 1133 1069 1173 cras-tino
1102 1132 1174 1172 die
1205 1131 1409 1184 Abylam
1440 1132 1637 1182 (Ceitam
1666 1134 1854 1178 Vocant)
1887 1129 1900 1148 ³

268 1207 601 1260 proficiscitur,
626 1211 764 1257 atque
785 1205 898 1245 mihi
919 1210 984 1244 tot
1005 1203 1151 1243 literis
1172 1203 1548 1254 respondendum
1569 1202 1673 1252 fuit,
1698 1208 1747 1242 ut
1764 1202 1900 1242 inter—

269 1279 349 1319 diu
368 1284 602 1329 noctuque
623 1278 799 1316 nullum
820 1281 943 1315 esset
964 1274 1228 1326 respirandi
1247 1280 1442 1325 tempus.

350 1349 509 1400 Itaque
530 1348 616 1388 has
637 1354 681 1387 et
707 1359 812 1387 sero
840 1352 884 1387 et
910 1357 1224 1398 praepropere
1251 1345 1432 1396 scripsi.
1466 1345 1695 1385 Dominus
1724 1349 1900 1392 noster,

273 1426 462 1472 propter
484 1430 705 1469 magnam
727 1417 1022 1458 clementiam
1042 1428 1196 1466 suam,
1221 1427 1384 1456 eorum
1411 1415 1610 1465 animos,
1647 1415 1726 1466 qui
1757 1414 1803 1454 in
1834 1415 1906 1454 his

274 1491 609 1542 recuperandis
630 1490 819 1539 animis,
843 1501 900 1529 ne
929 1495 1122 1540 pereant
1150 1487 1358 1537 omnino,
1391 1498 1476 1527 nos
1500 1486 1666 1538 juvare
1693 1490 1904 1537 possunt,

274 1574 573 1603 commovere
613 1561 843 1612 dignetur.
884 1560 1017 1600 Nunc
1057 1571 1129 1599 me
1163 1558 1339 1610 hosque
1379 1558 1594 1609 captivos
1629 1568 1789 1598 omnes
1825 1556 1907 1596 tibi

278 1633 553 1674 commendo
575 1638 624 1672 ut
645 1632 793 1672 nostri
813 1631 859 1671 in
881 1631 971 1671 tuis
993 1630 1235 1670 sacrificiis
1257 1628 1533 1669 recorderis.

357 1704 441 1745 Est
461 1704 508 1744 in
528 1704 617 1743 hoc
641 1702 808 1754 oppido
830 1707 985 1742 mutus
1014 1701 1202 1753 quidam
1228 1700 1574 1752 Hispaniensis,
1604 1699 1681 1750 qui
1707 1698 1804 1750 jam
1831 1698 1905 1738 tri-

278 1777 410 1828 ginta
431 1777 533 1827 plus
554 1775 707 1815 minus
728 1786 877 1814 annos
897 1773 971 1813 hic
993 1773 1231 1813 retinetur.
1255 1770 1356 1811 Deo
1377 1771 1696 1822 gratissimum
1725 1770 1833 1819 erit,
1870 1769 1908 1808 si

281 1852 507 1898 quantum
527 1846 753 1897 pecuniae
774 1845 889 1885 satis
910 1844 968 1884 sit
989 1843 1048 1884 ad
1069 1854 1175 1882 eum
1195 1842 1531 1892 redimendum,
1555 1841 1708 1881 isthuc
1730 1839 1911 1892 perqui-

284 1923 413 1958 ratur
448 1917 550 1968 (erit
585 1923 740 1956 autem
775 1916 888 1956 satis
923 1914 1221 1966 septuaginta
1251 1912 1419 1962 aureis)
1455 1918 1504 1952 ut
1538 1911 1913 1952 Christianorum

283 1989 666 2029 consuetudinem
705 1987 944 2037 sacrisque
982 1985 1270 2036 perfruatur,
1308 1995 1394 2024 nec
1430 1984 1547 2023 inter
1588 1983 1674 2022 hos
1707 1980 1914 2021 infideles

286 2066 489 2100 aetatem
510 2070 695 2099 omnem
716 2058 889 2108 exigat.

343 2244 353 2264 ¹
392 2244 486 2271 Haec
500 2244 548 2270 ita
563 2243 595 2270 in
611 2242 763 2277 hispano:
782 2241 870 2268 Toa’o
883 2240 914 2267 el
925 2240 1049 2266 dinero
1064 2245 1129 2272 que
1141 2238 1320 2272 quisz'eren
1337 2237 1404 2264 dar
1417 2237 1436 2262 ά
1460 2236 1493 2262 V.
1508 2236 1562 2268 R„
1575 2243 1629 2263 me
1641 2239 1729 2270 pase
1744 2235 1917 2269 port-arta

289 2294 311 2319 ά
327 2292 503 2320 Clemente
522 2290 733 2322 Oclzaviano,
748 2288 905 2322 Regidor
918 2288 961 2314 de
975 2286 1092 2318 Cadiz,
1103 2290 1167 2313 ete.

343 2339 356 2358 2
394 2339 422 2366 A
437 2339 471 2365 la
487 2338 653 2372 Duquesa
669 2337 711 2363 de
726 2336 926 2369 Berganza.

344 2387 357 2407 ³
395 2386 512 2417 Ceuta.
526 2385 697 2417 Exilissa,
713 2384 832 2418 Septa,
847 2382 969 2418 Abyla,
981 2382 1027 2409 ad
1041 2383 1176 2416 septem
1194 2381 1353 2413 Fratres,
1369 2381 1447 2407 urbs
1463 2379 1688 2406 Mauritaniae
1704 2378 1918 2411 Tingitanae.

290 2432 464 2468 Famam,
482 2433 632 2460 Lexicon
647 2430 931 2466 geographz‘cum.
