2080 3392
268 176 339 213 3134
778 177 1006 213 LlrrssRAE
1033 187 1388 220 QUADmMESTREs

344 270 539 311 Solitum
568 278 637 311 est
672 271 746 311 hic
780 271 828 311 in
853 271 1071 323 profestis
1098 272 1329 323 Paschae,
1364 273 1577 313 omnibus
1605 274 1815 314 vicissim
1848 276 1895 316 in

262 341 532 381 cathedrale
564 343 785 393 templum
814 342 1052 394 parochiis
1080 343 1486 395 convenientibus,
1519 345 1666 393 orari;
1697 345 1893 385 absolvi-

262 418 429 462 turque
465 410 689 462 ejusmodi
723 413 932 464 precatio
967 418 1072 464 post
1101 413 1415 464 quadraginta
1445 415 1608 466 horas;
1639 415 1894 467 adesseque

263 493 446 533 semper
481 483 745 531 consuevit,
779 483 856 534 qui
883 484 1109 535 populum
1142 484 1354 524 hortetur
1382 490 1427 524 et
1456 485 1645 525 modum
1671 487 1894 537 precandi

260 553 565 604 praescribat.
589 553 719 593 Haec
740 554 986 605 provincia
1013 555 1097 595 fuit
1123 555 1259 595 nobis
1288 555 1528 607 delegata3
1560 556 1892 609 subieruntque

261 634 427 663 munus
458 635 482 663 e
508 624 682 664 nostris
709 624 821 675 duo,
853 637 1034 665 summo
1063 626 1269 666 omnium
1300 627 1527 678 applausu
1548 633 1592 667 et
1612 639 1706 667 non
1726 628 1894 668 minori

260 693 428 733 fructu.

338 763 496 815 Pergit
522 764 643 804 R.d1¹⁵
671 764 808 806 Pater
836 765 893 805 D.
925 766 1196 807 Everardus
1226 767 1272 806 in
1302 768 1608 819 psalmorum,
1633 774 1682 808 ut
1703 775 1891 818 vocant,

259 835 658 886 poenitentialium
674 837 989 887 praelectione
1005 848 1013 885 ;
1032 838 1185 889 pergit
1210 844 1255 877 et
1277 837 1326 877 Ρ.
1356 838 1561 891 Joannes
1586 839 1730 889 Niger
1752 840 1798 879 in
1818 851 1891 879 ex-

258 905 474 956 plicando
496 906 736 947 doctrinae
758 907 1043 948 christianae
1064 909 1239 959 libello,
1265 915 1459 960 uterque
1487 920 1661 960 magna
1688 910 1893 950 omnium

258 989 339 1028 spe
361 983 404 1017 et
424 976 592 1018 fructu.
617 976 822 1029 Singulis
843 979 965 1019 idem
992 979 1041 1019 P.
1072 979 1278 1032 joannes
1313 980 1568 1020 sabbatinis
1596 980 1757 1021 diebus
1779 981 1893 1021 solet

257 1048 529 1088 concionari
563 1049 638 1099 iis,
675 1049 752 1100 qui
779 1050 836 1090 ab
864 1050 982 1090 hora
1010 1056 1177 1102 quarta
1207 1056 1251 1090 et
1286 1051 1517 1102 vigesima
1544 1050 1557 1069 ‘²
1585 1052 1631 1091 in
1671 1052 1893 1103 templum

258 1125 490 1167 nostrum,
522 1120 759 1170 precaturi
788 1119 961 1172 Deum,
984 1121 1179 1161 veniunt
1212 1122 1422 1173 plurimi,
1454 1127 1504 1162 ut
1538 1134 1624 1162 nec
1654 1122 1713 1162 sit
1742 1134 1893 1174 capax

258 1190 403 1230 locus.

335 1261 440 1313 Jam
462 1267 728 1301 exstructus
749 1260 969 1302 Societati
996 1262 1141 1303 ferme
1168 1269 1238 1303 est
1268 1264 1419 1315 locus,
1454 1276 1591 1316 quem
1611 1263 1663 1303 T.
1686 1263 1735 1304 Ρ.
1761 1275 1890 1316 supe-

258 1331 481 1382 rioribus,
510 1332 558 1371 ni
587 1332 745 1383 fallor,
774 1333 1041 1385 incoeptum
1063 1340 1311 1386 acceperat
1335 1346 1451 1374 esse.
1475 1334 1711 1385 Quantum
1737 1341 1891 1375 autem

257 1402 425 1442 civitas
446 1401 638 1452 faverit,
663 1403 1011 1455 eleemosynae,
1037 1416 1154 1456 quas
1171 1405 1218 1444 in
1239 1405 1363 1445 hunc
1392 1417 1528 1445 usum
1556 1405 1743 1457 plurimi
1765 1406 1892 1446 cives

256 1479 536 1523 erogarunt‚
569 1479 676 1513 sunt
706 1480 999 1525 argumento.
1030 1476 1113 1516 Est
1141 1476 1187 1516 in
1215 1476 1390 1528 optimo
1420 1476 1547 1516 urbis
1577 1477 1690 1527 situ,
1721 1477 1891 1517 nullus-

257 1555 345 1595 que
384 1544 611 1595 potuisset
649 1544 873 1585 Societati
912 1558 1005 1586 non
1044 1546 1145 1586 dari
1186 1547 1268 1587 sed
1306 1559 1363 1587 ne
1409 1548 1669 1598 excogitari
1708 1547 1892 1599 quidem

256 1615 423 1665 aptior.
460 1615 510 1655 ld
546 1616 668 1656 enim
703 1617 897 1666 scimus,
934 1623 1267 1670 praeterquam
1299 1618 1425 1670 quod
1457 1618 1579 1659 RduS
1606 1618 1755 1659 Dnus.
1785 1619 1891 1659 Pro-

256 1686 522 1737 episcopus,
561 1697 698 1738 quem
732 1698 846 1727 sane
875 1699 1032 1728 rerum
1065 1694 1335 1729 nostrarum
1367 1690 1659 1740 continuum,
1694 1701 1891 1741 eumque

254 1756 483 1807 insignem
505 1756 691 1807 ducem,
715 1764 821 1808 post
850 1758 1003 1798 Deum
1032 1759 1206 1811 ipsum,
1240 1760 1317 1800 hic
1344 1760 1588 1811 habemus,
1622 1760 1712 1800 hoc
1740 1761 1892 1812 ipsum

253 1831 466 1866 testatur.
490 1827 555 1867 Ibi
573 1827 668 1878 jam
692 1829 908 1880 discipuli
935 1842 961 1869 a
988 1829 1211 1870 fratribus
1240 1831 1488 1882 docentur,
1518 1831 1725 1882 fiuntque
1753 1843 1889 1871 sacra

253 1897 300 1937 in
339 1899 509 1949 templo
549 1899 719 1939 ibidem
758 1901 1019 1951 plusculum
1054 1909 1276 1952 angusto,
1317 1902 1398 1941 sed
1433 1902 1627 1941 maioris
1661 1913 1768 1953 spes
1803 1909 1885 1950 est,

253 1968 515 2020 habentque
537 1969 700 2009 Patres
724 1970 896 2010 ibidem
917 1972 1141 2012 lectiones
1162 1978 1206 2012 et
1229 1973 1493 2012 conciones.
1526 1971 1622 2013 Nec
1643 1973 1887 2023 ignoratur

254 2045 456 2089 quantae
477 2040 690 2080 utilitatis
711 2041 800 2080 hoc
830 2042 889 2081 sit
917 2042 1096 2082 civitati
1123 2042 1344 2083 futurum.
1377 2043 1517 2083 Hisce
1550 2043 1709 2083 dicbus
1741 2043 1885 2083 adfuit

252 2109 629 2161 frequentissima
669 2112 818 2152 turba.
861 2112 1006 2152 Nemo
1045 2125 1138 2153 non
1171 2114 1389 2165 probavit
1415 2114 1675 2154 institutum
1705 2115 1885 2166 locique

254 2187 552 2221 structuram.

332 2252 477 2292 Multo
505 2253 829 2304 occupatiores
856 2253 1043 2294 fuerunt
1073 2253 1236 2295 Patres
1264 2256 1320 2295 ob
1347 2254 1623 2307 jubilaeum,
1658 2262 1706 2296 ut
1737 2255 1881 2307 ajunt,

255 2324 303 2362 in
329 2323 549 2362 basilicae
576 2323 805 2375 Principis
834 2323 1170 2375 Apostolorum
1196 2326 1364 2366 molem
1394 2327 1756 2378 persolvendam
1781 2338 1884 2366 con-

255 2404 452 2432 cessum.
476 2392 595 2433 Nam
617 2405 723 2433 cum
743 2393 865 2434 RQS
892 2394 1040 2434 Dnus.
1072 2394 1436 2448 Proepiscopus,
1469 2408 1612 2448 penes
1644 2409 1780 2448 quem
1810 2409 1884 2437 res

254 2469 376 2513 erat,
400 2464 623 2514 templum
643 2470 856 2504 nostrum
877 2465 936 2505 ad
964 2465 1053 2505 hoc
1084 2466 1356 2517 delegisset,
1392 2467 1696 2507 confessionis
1728 2479 1884 2508 sacra-

254 2540 461 2573 mentum
482 2534 688 2585 assidue,
714 2535 1026 2576 eucharistiae
1047 2535 1315 2588 frequenter
1342 2538 1694 2589 ministrabant3
1727 2539 1884 2590 sicque

255 2604 401 2644 Dnus.
439 2604 566 2644 Deus
595 2606 749 2645 omnia
775 2606 822 2646 in
849 2606 919 2646 sui
948 2608 1148 2647 nominis
1169 2608 1368 2658 gloriam
1391 2609 1551 2659 vertit,
1588 2616 1637 2649 ut
1672 2616 1884 2649 asserant

255 2675 385 2715 multi
406 2686 455 2714 se
476 2687 731 2727 numquam
758 2683 924 2716 nactos
953 2688 1075 2728 esse,
1107 2678 1185 2729 qui
1212 2679 1447 2719 hominem
1476 2680 1541 2719 ita
1569 2686 1720 2720 totum
1749 2692 1883 2731 pene-

253 2751 452 2786 trarent:
476 2754 735 2798 rogentque
756 2759 868 2787 num
889 2747 1040 2787 aditus
1061 2749 1227 2799 quovis
1257 2755 1485 2801 tempore,
1520 2762 1629 2790 nam
1656 2752 1786 2790 locus
1814 2757 1882 2790 est

253 2816 440 2865 editior,
465 2817 735 2857 mulieribus
756 2824 929 2869 pateat.
952 2818 1011 2858 Et
1031 2820 1217 2860 tametsi
1237 2821 1305 2860 rei
1333 2821 1518 2861 novitas
1549 2820 1720 2872 aliquid
1743 2821 1883 2861 admi-

311 2973 324 2991 2
362 2973 414 3000 Ad
431 2975 510 3002 solis
526 2982 694 3002 occasum.
