2080 3392
332 166 399 202 130
838 165 1066 202 LITTERAE
1093 175 1450 207 QUADmMESTREs

331 263 498 313 spiritu
519 262 782 313 pietateque
804 273 945 312 quam
966 273 1122 301 rerum
1143 261 1311 312 peritia
1327 261 1647 312 industriaque
1664 261 1867 301 munitus
1884 262 1962 301 de-

332 338 612 384 coratusque
633 345 735 372 esse
757 332 905 381 debet,
931 343 1048 383 quae
1070 343 1144 371 res
1160 331 1198 371 si
1215 332 1350 371 simul
1367 343 1608 371 connexae
1625 332 1671 371 in
1689 332 1874 372 homine
1891 344 1961 371 re·

333 403 585 455 perimitur,
612 414 717 442 eum
744 401 1001 452 perfectum
1028 408 1337 453 terretemque
1365 401 1471 451 (sic)
1491 402 1706 442 reddunt.
1738 402 1961 442 Attamen

335 486 440 514 cum
460 475 577 514 haec
599 473 710 513 mihi
732 484 846 512 cura
868 472 926 512 ab
948 473 1210 513 obedientia
1231 472 1512 512 demandata
1534 478 1676 523 esset,
1701 472 1743 512 ei
1762 484 1856 512 non
1883 484 1961 524 pa-

333 556 437 585 rere
457 545 609 584 scelus
640 555 741 584 esse
774 544 949 595 putavi.
975 543 1127 594 Magis
1147 543 1289 593 igitur
1315 543 1486 583 virtute
1515 543 1716 583 confisus
1746 554 1886 595 quam
1916 544 1964 583 vi

334 616 524 666 propria
546 614 603 654 ad
625 614 924 654 scribendum
944 627 1017 655 me
1039 615 1294 666 composui.

414 685 620 725 Primum
642 686 784 735 igitur
806 697 960 736 agam,
980 685 1033 725 R.
1054 685 1121 734 R,
1141 685 1196 725 de
1213 685 1351 725 rebus
1374 696 1491 736 quae
1512 685 1572 724 ad
1587 685 1849 736 profectum
1870 684 1963 724 ani-

336 768 517 797 marum
540 757 737 796 attinent
759 762 803 796 et
823 757 958 796 nobis
974 757 1091 796 scitu
1114 756 1381 807 pulchriora
1399 761 1661 805 occurrent,
1680 755 1844 806 paucis
1859 760 1970 794 tuae-

337 828 385 868 P.
406 828 784 878 significabimus.
806 827 1040 879 Deinceps
1056 827 1214 868 P.Nri.
1233 834 1382 877 gesta,
1403 827 1559 867 addito
1577 827 1969 866 scholasticorum

340 911 521 939 necnon
543 904 587 938 et
607 898 805 938 fratrum
832 899 879 938 in
905 904 1103 949 utroque
1129 899 1281 938 studio
1310 898 1549 949 profectu,
1581 897 1785 937 breviter
1814 908 1967 948 perse-

341 981 471 1022 quar.

420 1041 566 1091 Igitur
587 1041 710 1092 quod
731 1040 791 1080 ad
811 1052 971 1080 eorum
988 1040 1249 1091 profectum
1266 1046 1461 1091 spectat,
1481 1039 1645 1090 quibus
1663 1038 1710 1078 P.
1730 1038 1784 1078 N.
1806 1044 1969 1078 sancta

340 1117 636 1151 sacramenta
671 1112 797 1151 solus
825 1111 976 1151 adhuc
1007 1111 1232 1150 hactenus
1260 1110 1607 1150 administravit
1642 1109 1772 1159 (vera
1802 1109 1972 1149 etenim

339 1184 534 1234 loquor),
559 1188 716 1222 tantus
738 1188 806 1222 est
827 1182 874 1222 in
895 1183 961 1222 eis
983 1182 1124 1221 animi
1144 1182 1282 1233 vigor
1304 1188 1441 1232 atque
1463 1181 1608 1221 divini
1631 1180 1803 1220 amoris
1831 1180 1973 1220 ardor

340 1253 631 1304 studiumque
652 1253 862 1304 pietatis,
896 1258 945 1292 ut
972 1253 1088 1292 haec
1116 1252 1172 1292 de
1199 1252 1288 1292 illis
1316 1252 1470 1292 dicere
1497 1264 1590 1291 non
1619 1263 1809 1291 verear:
1831 1254 1973 1291 erunt

341 1324 595 1365 novissimi
605 1323 760 1375 primi
776 1327 819 1362 et
834 1323 987 1374 primi
1004 1322 1268 1389 novz'ssimgi.
1293 1323 1350 1363 Et
1371 1330 1497 1362 certe
1518 1322 1627 1362 duni
1648 1322 1764 1362 haec
1786 1321 1973 1372 saepius

342 1401 518 1435 attenta
540 1395 824 1445 cogitatione
845 1394 1145 1445 complector,
1170 1406 1197 1433 a
1218 1405 1290 1433 me
1312 1394 1412 1445 ipso
1435 1393 1665 1433 abhorreo
1684 1404 1692 1442 ;
1726 1392 1896 1432 etenim
1928 1392 1975 1432 in

342 1467 525 1518 pietatis
547 1466 698 1506 studio
718 1465 1069 1516 relligionisque
1092 1465 1415 1514 observantia,
1440 1464 1689 1515 relligiosis
1711 1463 1822 1514 ipsis
1844 1475 1974 1514 prae-

341 1536 479 1586 stant,
502 1538 733 1588 longeque
757 1548 836 1576 eos
858 1536 1156 1585 antecellunt,
1182 1535 1307 1587 quod
1324 1541 1449 1575 certe
1467 1547 1627 1574 omnes
1648 1534 1694 1574 in
1710 1534 1976 1574 admiratio-

340 1620 447 1649 nem
468 1608 607 1648 ducit.
631 1608 811 1647 Horum
833 1618 1053 1646 numerus
1074 1607 1129 1646 de
1152 1606 1315 1658 quibus
1336 1618 1459 1646 nunc
1481 1606 1694 1657 agebam,
1726 1605 1804 1656 qui
1820 1605 1974 1654 singu—

342 1681 396 1719 lis
417 1680 580 1719 diebus
601 1678 734 1718 festis
756 1683 1054 1717 sacramenta
1071 1677 1370 1728 frequentare
1387 1678 1607 1727 assolent,
1629 1682 1698 1716 est
1716 1677 1854 1727 paulo
1872 1677 1979 1727 plus

343 1756 528 1790 centum
550 1749 831 1789 animarum.
855 1747 945 1788 Sed
963 1760 1069 1788 cum
1085 1747 1162 1788 hic
1179 1748 1474 1787 assueverint
1491 1747 1589 1787 fieri
1608 1747 1976 1799 supplicationes

342 1822 389 1861 in
410 1821 694 1861 sanctissimi
723 1819 1017 1860 Sacramenti
1047 1820 1272 1859 honorem
1300 1819 1498 1869 singulis
1525 1819 1783 1870 quibusque
1810 1817 1974 1858 mensi—

344 1894 443 1942 bus,
469 1903 690 1932 numerus
712 1891 823 1931 item
845 1890 1163 1930 confitentium
1185 1890 1718 1940 communicantiumque
1740 1889 1977 1940 condupli-

345 1969 491 2003 catur.
517 1963 567 2003 In
589 1962 854 2014 praecipuis
875 1973 988 2001 vero
1013 1961 1384 2001 solemnitatibus
1410 1960 1727 2000 confitentium
1756 1971 1976 2000 numerus

346 2034 461 2074 adeo
479 2034 630 2085 magis
648 2040 733 2083 est,
753 2039 802 2073 ut
818 2034 901 2072 vix
917 2032 966 2072 P.
985 2031 1058 2082 N.,
1074 2032 1247 2083 absque
1264 2032 1480 2071 maximis
1497 2031 1817 2080 incommodis,
1834 2031 1976 2071 omni-

344 2106 430 2145 bus
452 2104 727 2145 satisfacere
756 2104 923 2155 possit3
955 2109 997 2143 et
1030 2103 1077 2142 in
1105 2103 1178 2142 die
1204 2102 1374 2142 natalis
1396 2102 1502 2141 Dni.
1535 2103 1709 2153 elapsO,
1742 2102 1789 2141 in
1817 2107 1977 2141 nostro

346 2177 521 2227 templo
544 2174 992 2215 communicantium
1014 2184 1235 2213 numerus
1257 2172 1340 2212 fuit
1369 2173 1554 2212 circiter
1576 2172 1978 2223 septingentarum

349 2248 627 2287 animarum.
652 2246 742 2286 Sed
764 2246 819 2285 de
841 2245 913 2285 his
935 2245 1048 2284 satis
1071 2245 1246 2284 dictum
1267 2244 1340 2283 sit.
1366 2243 1440 2283 Ad
1462 2244 1553 2283 alia
1577 2243 1730 2282 venio.

426 2318 567 2358 Hisce
589 2305 751 2357 diebus
773 2316 832 2356 ad
853 2316 900 2355 P.
924 2327 1075 2355 nrum.
1108 2314 1334 2354 deductus
1363 2314 1447 2353 fuit
1474 2314 1661 2365 quidam
1687 2314 1899 2363 iudaeus,
1930 2318 1980 2352 ut

349 2401 452 2429 eum
484 2389 531 2428 in
564 2399 692 2428 nrae.
730 2386 836 2426 fidei
870 2385 1142 2426 rudimentis
1169 2385 1437 2435 instrueret3
1469 2385 1685 2436 cupiebat
1712 2385 1833 2424 enim
1860 2384 1978 2423 chri-

348 2460 526 2500 stianus
548 2458 671 2509 fieri3
695 2469 785 2509 qua
812 2458 859 2496 in
886 2468 937 2496 re
964 2455 1012 2495 P.
1042 2454 1096 2495 N.
1130 2455 1337 2495 sedulam
1365 2467 1555 2507 operam
1585 2455 1731 2505 dedit,
1761 2455 1980 2506 illumque

350 2530 501 2581 magis
522 2529 581 2569 ad
603 2529 774 2569 Christi
796 2527 933 2568 fidem
955 2526 1325 2578 amplectendam
1346 2526 1671 2575 inflammavit,
1696 2531 1834 2576 atque
1855 2525 1902 2564 in
1923 2525 1984 2564 iis

349 2602 574 2650 omnibus,
599 2612 718 2651 quae
740 2598 799 2639 ad
819 2598 1122 2639 christianam
1143 2597 1415 2648 religionem
1436 2596 1633 2647 faciunt,
1658 2597 1829 2648 optime
1851 2607 1979 2635 exer-

351 2673 465 2721 cuit;
485 2672 663 2721 deinde,
683 2669 1009 2722 paratissimus
1026 2668 1085 2707 ad
1102 2668 1257 2707 omnia
1279 2668 1510 2717 inventus,
1534 2668 1883 2712 sacrolavacro
1905 2666 1979 2705 ab·

350 2744 472 2783 lutus
501 2748 569 2782 est
599 2742 646 2781 in
677 2741 790 2781 aede
821 2751 956 2780 sacra
979 2739 1075 2779 divi
1095 2737 1242 2788 Petri,
1266 2739 1344 2778 ubi
1374 2739 1536 2778 aderat
1565 2749 1737 2788 magna
1765 2749 1875 2788 pars
1902 2748 1982 2788 po-

353 2814 459 2866 puli.
483 2813 572 2853 Hic
594 2824 706 2852 vero
728 2812 792 2851 ita
813 2812 887 2862 pie
908 2811 1046 2858 vivit,
1075 2816 1124 2850 ut
1155 2810 1403 2861 unicuique
1432 2810 1687 2849 christiano
1717 2809 1776 2848 sit
1806 2808 1982 2859 optimo

353 2884 586 2934 exemp103
611 2882 882 2933 saepissime
903 2881 1044 2920 etiam
1072 2880 1372 2930 gymnasium
1402 2886 1613 2919 nostrum
1645 2879 1908 2930 frequentat
1937 2882 1983 2917 et

353 2954 549 3005 singulis
570 2953 730 2993 diebus
752 2951 933 2992 sabbati
955 2950 1082 2991 audit
1103 2951 1363 2990 doctrinam
1380 2950 1684 2990 christianam
1705 2961 1811 2989 cum
1826 2948 1984 3000 pueris
