2080 3392
850 196 933 234 AN.
965 196 1056 234 1553
1394 176 1396 179 ’
1699 192 1770 230 423

121 296 322 348 denique
355 295 531 336 fratres
560 295 642 335 vix
677 300 871 347 possent
903 305 1016 346 prae
1048 292 1221 345 gaudio
1248 293 1485 344 lacrymas
1513 291 1768 340 continere,

125 366 299 407 nedum
321 367 379 407 ab
401 367 502 407 eius
523 366 815 418 amplexibus
836 365 1009 406 divelli.

204 436 296 478 Sed
315 450 467 490 pauca
488 438 544 479 de
565 438 686 490 ipSO,
712 449 802 489 quo
824 437 1041 477 videlicet
1060 443 1198 488 pacto
1221 447 1270 476 se
1292 442 1397 487 post
1427 434 1662 486 baptisma
1692 445 1764 474 su-

122 516 337 561 sceptum
358 510 542 550 studeat
563 509 758 560 habere,
781 509 932 549 solum
952 507 1258 559 proferemus.
1288 507 1472 548 Etenim
1504 506 1561 546 ab
1593 518 1648 546 ea
1678 505 1766 556 die,

123 579 172 619 in
198 592 291 632 qua
322 581 407 620 fuit
442 580 530 620 Dei
564 580 864 620 miseratione
891 584 1051 619 tantae
1078 579 1263 629 gratiae
1294 578 1530 630 particeps
1560 577 1766 627 effectUS,

124 650 253 692 dedit
274 663 459 703 semper
484 662 691 703 operam,
711 662 804 691 non
826 662 910 691 sua
926 650 1073 690 fretus
1094 650 1357 701 prudentia,
1379 661 1461 689 seu
1477 649 1671 697 viribus,
1692 647 1774 689 sed

126 722 201 764 Χ.ί
236 728 423 763 tantum
452 722 627 773 gratia,
663 727 712 762 ut
750 721 1133 761 candidissimam
1168 721 1296 760 illam
1334 726 1378 760 et
1417 720 1774 760 mundissimam

123 805 318 846 prorsus
354 794 654 834 innocentiae
687 800 868 833 vestem
905 793 952 833 in
987 804 1071 832 suo
1107 791 1314 832 candore
1348 797 1667 832 conservaret.
1700 791 1774 832 Ab

122 865 251 906 omni
287 865 521 917 siquidem
555 870 751 916 peccato
788 870 832 905 et
866 864 923 904 ab
959 863 1088 903 omni
1121 863 1237 903 vitio
1267 863 1489 913 abstinet,
1520 862 1774 903 aedificans

124 937 333 989 quotidie
356 949 495 988 super
526 936 592 986 id,
621 935 745 988 quod
764 936 941 976 iactum
962 941 1052 985 est,
1077 933 1433 975 fundamentum
1463 940 1621 975 rectae
1651 934 1772 985 fidei,

122 1009 351 1049 virtutum
390 1008 740 1060 operationem,
778 1019 873 1047 non
914 1007 1109 1058 ignarus
1143 1006 1398 1047 verborum
1433 1005 1557 1057 Apli.
1593 1006 1772 1059 Jacobi:

120 1079 285 1120 Fidem
306 1080 405 1120 sine
428 1079 647 1132 operibus
668 1084 903 1119 mortuam
923 1089 1039 1118 esse.
1064 1078 1115 1118 In
1136 1077 1372 1127 omnibus,
1407 1089 1526 1129 quae
1559 1083 1639 1117 aut
1674 1077 1772 1128 agit

124 1157 205 1191 aut
242 1151 448 1203 loquitur
491 1150 740 1191 aedificare
780 1162 944 1190 omnes
984 1150 1195 1200 enititur,
1246 1149 1543 1189 humiliorem
1591 1160 1776 1201 semper

125 1223 280 1262 locum
302 1222 480 1274 deligit,
506 1222 699 1262 minima
721 1233 937 1273 quaeque
956 1226 1155 1272 peccata
1176 1220 1296 1260 vitat
1317 1227 1447 1260 tanto
1471 1220 1642 1271 studio,
1666 1226 1716 1260 ut
1737 1220 1775 1259 si

124 1292 264 1344 (quod
298 1293 509 1333 humana
548 1292 781 1344 fragilitas
816 1292 900 1342 est)
935 1292 983 1332 in
1016 1291 1203 1343 aliquod
1234 1291 1470 1342 inciderit,
1501 1291 1775 1343 priusquam

125 1364 237 1405 illud
272 1364 476 1416 explicet
517 1363 830 1415 confessario,
860 1362 1042 1415 pondus
1075 1363 1231 1403 Aetna
1266 1365 1331 1411 (ut
1365 1363 1548 1411 dicitur)
1578 1362 1775 1413 gravius

123 1442 257 1488 putat
287 1437 535 1476 sustinere.
568 1436 626 1476 Et
654 1435 777 1488 quod
811 1441 881 1476 est
911 1435 1038 1475 dictu
1066 1435 1258 1486 mirum,
1291 1441 1492 1487 quatuor
1523 1434 1774 1486 aliquando

125 1513 205 1548 aut
230 1507 433 1559 quinque
456 1508 554 1548 dies
578 1507 789 1558 effluunt,
814 1507 862 1547 in
883 1507 1049 1559 quibus
1070 1507 1247 1547 nullam
1273 1507 1321 1546 in
1352 1519 1401 1546 se
1430 1507 1622 1547 noxiam
1650 1507 1774 1557 cogi-

122 1579 354 1620 tationem
376 1579 695 1631 deprehendit.
720 1579 856 1620 Adde
878 1579 1002 1631 quod
1022 1579 1069 1619 in
1089 1578 1178 1619 fide
1200 1579 1263 1618 ita
1285 1584 1523 1629 constans,
1547 1579 1612 1618 ita
1639 1578 1771 1618 robu-

124 1657 226 1691 stus
254 1656 344 1702 est,
374 1657 423 1691 ut
454 1663 550 1691 non
579 1651 744 1691 mirari
770 1649 980 1691 divinam
1010 1650 1057 1690 in
1087 1662 1141 1690 eo
1170 1650 1375 1702 gratiam
1401 1662 1495 1690 non
1523 1650 1769 1702 possimus

132 1721 394 1763 Asseverat
415 1723 539 1762 enim
560 1722 684 1773 quod
704 1722 744 1762 si
930 1720 939 1740 ¹
963 1722 1215 1774 aliquando
1243 1722 1415 1773 prioris
1442 1734 1548 1762 eum
1575 1734 1668 1762 non
1696 1721 1771 1762 ad-

130 1800 341 1834 moneret
361 1795 513 1845 vitae,
546 1794 679 1835 cuius
707 1794 846 1834 valde
877 1794 1107 1846 poenitet,
1141 1806 1382 1845 nunquam
1414 1794 1501 1834 sibi
1529 1801 1663 1835 turca
1691 1795 1773 1835 sed

129 1866 347 1917 xpianus.
381 1865 525 1906 fuisse
556 1877 740 1918 semper
771 1865 1026 1906 videretur.
1056 1865 1223 1906 Merito
1254 1877 1368 1917 ergo
1396 1866 1774 1918 potentissimum

129 1937 242 1977 illud
263 1937 452 1977 divinae
473 1937 735 1978 Maiestatis
755 1937 1001 1977 brachium
1021 1937 1324 1988 admirantes,
1347 1949 1516 1977 canere
1537 1949 1644 1978 cum
1663 1937 1772 1977 Pro-

132 2008 275 2060 pheta
296 2020 562 2060 possumus:
582 2008 713 2048 Haec
733 2014 802 2049 est
823 2008 1022 2049 mutatio
1045 2009 1272 2049 dexterae
1288 2008 1772 2061 E.t⁴celsz·⁰q212·facz·t

134 2079 373 2120 mirabilia
392 2079 528 2120 solus
554 2080 600 2120 in
622 2081 752 2120 coelo
781 2086 827 2120 et
855 2080 902 2120 in
923 2087 1050 2121 terra
1076 2079 1104 2121 ⁵.
1134 2080 1315 2121 Verum
1342 2081 1398 2121 de
1428 2081 1500 2121 his
1527 2081 1768 2121 hactenus.

131 2150 336 2203 Tempus
357 2152 480 2192 enim
500 2164 586 2192 nos
612 2153 832 2192 admonet
847 2158 896 2192 ut
916 2152 987 2204 iis,
1009 2164 1128 2204 quae
1148 2165 1243 2193 non
1264 2152 1458 2204 indigna
1480 2153 1600 2193 scitu
1620 2152 1771 2193 adhuc

131 2223 319 2262 narrari
356 2229 573 2275 possent,
610 2224 980 2275 praetermissiS‚
1013 2224 1073 2264 ad
1099 2235 1153 2264 ea
1183 2235 1301 2276 quae
1329 2230 1580 2276 supersunt
1607 2236 1770 2276 prope-

130 2304 302 2334 remus.

210 2364 291 2405 Nr.
316 2364 456 2405 Pater
476 2363 492 2383 ‘²
511 2365 639 2406 hisce
668 2366 830 2407 diebus
862 2367 992 2407 iussu
1019 2366 1067 2406 P.
1097 2366 1431 2418 Provincialis,
1461 2367 1692 2407 Bivonam
1721 2378 1771 2407 se

129 2437 342 2487 contulit,
363 2437 488 2488 quod
508 2444 579 2477 est
601 2438 822 2489 oppidum
839 2437 1035 2478 Comitis
1051 2438 1283 2478 Lunensis
1302 2437 1330 2489 ⁵,
1352 2439 1516 2489 generi
1533 2437 1768 2489 Proregis,

127 2513 178 2548 ut
199 2507 312 2548 inibi
333 2508 510 2560 aliquot
531 2508 630 2548 dies
651 2520 831 2549 moram
851 2509 1048 2560 faceret,
1072 2510 1149 2550 ubi
1169 2521 1253 2561 per
1274 2510 1377 2549 illos
1400 2510 1498 2550 dies
1520 2516 1564 2550 et
1588 2510 1770 2550 concio-

128 2584 267 2619 natus
298 2585 388 2628 est‚
421 2586 466 2619 et
500 2580 808 2620 christianam
839 2580 1104 2621 doctrinam
1138 2582 1368 2633 exposuit.
1402 2581 1553 2632 Quam
1584 2582 1771 2633 quidem

184 2741 193 2760 ¹
234 2740 452 2768 Vocabulum
467 2744 517 2768 est
533 2741 588 2768 hic
604 2740 773 2776 quoddam
794 2741 1028 2775 emendatum,
1052 2741 1112 2769 sed
1132 2742 1182 2769 ita
1202 2743 1419 2770 emendatum
1439 2746 1476 2770 ut
1498 2747 1591 2771 certo
1613 2744 1685 2771 erui
1707 2751 1771 2771 non

130 2789 236 2823 possit
251 2796 293 2816 an
310 2789 478 2822 scriptum
491 2789 537 2816 sit
555 2789 719 2822 daemon,
733 2796 777 2816 an
791 2796 921 2822 sermo,
932 2797 975 2817 an
991 2791 1178 2822 memoria,
1192 2794 1251 2817 aut
1266 2790 1345 2824 quid
1359 2791 1479 2818 simile.

183 2836 196 2855 2
234 2836 289 2863 Ps.
305 2843 420 2870 Lxxv1‚
438 2837 480 2864 11.

183 2884 198 2904 5
234 2884 289 2911 Ps.
305 2892 397 2918 Lxm,
415 2885 457 2911 18.

182 2933 197 2953 4
234 2931 271 2959 Ρ.
288 2932 416 2960 Paulus
432 2932 460 2959 d'
479 2932 638 2964 Achillis,
654 2932 895 2960 Panormitano
912 2932 1062 2968 Collegio
1078 2934 1305 2969 praepositus.

183 2980 197 3000 5
234 2980 357 3008 Petrus
372 2981 412 3007 de
427 2980 542 3015 Luna,
560 2980 681 3008 Comes
697 2981 736 3008 de
752 2980 849 3008 Luna
865 2985 898 3009 et
913 2981 991 3009 Dux
1010 2982 1049 3009 de
1068 2982 1216 3017 Bibona‚
1232 2983 1287 3017 qui
1303 2983 1404 3018 paulo
1420 2987 1499 3010 ante
1515 2991 1655 3011 uxorem
1671 2983 1770 3010 duxe-

130 3030 187 3056 rat
201 3027 393 3063 Elisabeth,
409 3027 549 3061 Joannis
564 3028 603 3055 de
619 3027 730 3062 Vega,
746 3028 882 3057 Siciliae
898 3029 1071 3064 Pro-regis
1082 3052 1088 3064 ,
1101 3030 1216 3059 filiam.
