2080 3392
289 197 359 236 552
798 197 1024 234 LITTERAE
1050 206 1408 239 QUADRIMESTRES

290 305 315 332 a
347 305 483 333 mane
514 304 659 344 usque
693 291 751 332 ad
781 297 967 332 noctem
994 303 1135 343 quam
1163 291 1276 332 facit
1304 292 1577 333 concionem
1597 294 1910 346 protraheret,

284 362 426 414 jejuni
447 374 630 414 quoque
653 362 955 402 libentissime
977 362 1268 402 audiremus:
1292 369 1424 403 tanta
1445 374 1551 403 eum
1568 363 1799 404 audiendo
1820 365 1911 405 affi-

288 435 435 474 cimur
453 433 774 473 delectatione.
794 433 932 473 Pueri
951 433 1058 484 ipsi,
1078 438 1178 472 tum
1193 433 1239 472 in
1256 432 1390 473 bonis
1408 433 1634 484 moribus,
1659 441 1757 474 tum
1773 435 1913 475 etiam

287 505 333 544 in
354 504 498 543 literis
520 503 890 554 humanioribus,
916 503 1089 544 Christi
1109 503 1265 554 gratia
1286 503 1548 555 proficiunt.

367 574 437 614 De
459 573 696 614 Antistitis
723 574 871 614 nostri
896 574 943 614 in
971 586 1056 614 nos
1087 574 1317 614 charitate
1343 574 1671 627 -immensaque
1703 576 1912 627 benigni-

285 652 379 685 tate
399 646 502 696 plus
524 652 663 697 atque
684 652 823 685 antea
842 656 1086 696 possemus
1107 645 1472 696 deberemusque
1488 646 1605 686 bene
1622 646 1791 687 dicere.
1811 646 1912 688 Ser-

286 716 383 756 vuli
421 717 562 756 etiam
602 717 748 768 ipsius
787 715 1025 757 Antistitis
1063 716 1208 756 multa
1249 728 1354 756 cum
1395 717 1639 758 alacritate
1678 729 1791 769 erga
1827 730 1914 758 nos

287 787 566 827 charitatem
587 794 833 838 exercent;
856 788 1183 839 quamobrem,
1208 787 1295 828 etsi
1312 800 1406 828 non
1421 800 1590 828 vereor
1618 789 1727 840 quin
1755 801 1911 841 super-

284 870 488 898 vacuum
504 859 563 899 sit
581 865 629 899 ut
646 870 726 899 eos
743 859 833 898 tuis
845 859 1063 910 precibus
1080 859 1478 909 commendemus,
1497 870 1721 910 rogamus
1739 866 1910 910 tamen,

286 941 343 969 ne
382 929 556 980 ingrati
590 929 735 970 simus
775 930 822 969 in
862 941 937 980 eo,
980 929 1103 981 quod
1137 935 1380 981 praestare
1414 941 1683 981 possumus,
1724 937 1774 971 ut
1808 942 1914 971 cum

284 999 456 1040 Rev.di⁵
476 1000 692 1041 Patribus
714 1007 758 1041 et
779 1000 826 1040 in
847 1000 1032 1041 Christo
1055 1001 1346 1041 charissimis
1365 1001 1538 1041 nostris
1565 1001 1789 1042 fratribus
1815 1009 1913 1043 tum

283 1070 520 1111 Antistitis
541 1077 586 1111 et
606 1072 903 1112 servulorum
925 1070 1045 1122 ejus,
1080 1083 1244 1111 verum
1276 1071 1414 1112 etiam
1443 1078 1656 1112 nostrum
1684 1073 1904 1124 omnium,

285 1142 361 1193 qui
383 1142 457 1182 hic
480 1142 561 1182 tibi
583 1154 743 1182 sumus
765 1142 1064 1192 deditissimi‚
1089 1153 1266 1182 memor
1287 1142 1333 1182 in
1355 1143 1445 1182 tuis
1468 1143 1756 1183 orationibus
1778 1150 1821 1184 et
1839 1156 1908 1184 sa-

284 1212 473 1253 crificiis
489 1225 591 1253 esse
607 1214 738 1254 velis.
758 1213 878 1254 Vale
895 1213 941 1253 in
960 1212 1098 1254 Chro.
1117 1212 1217 1253 ΗΛΘ
1234 1220 1372 1265 atque
1394 1213 1721 1254 colendissime
1739 1214 1811 1254 Rs
1832 1215 1909 1255 mi.

364 1283 576 1329 Venetiis
597 1295 677 1324 XIII
699 1285 785 1324 cal.
809 1284 1053 1324 Februarii
1074 1283 1133 1324 M.
1159 1283 1217 1323 D.
1241 1285 1293 1324 L.
1317 1283 1411 1324 IIII.

363 1354 491 1394 Tuae
512 1353 696 1394 Rev.dae
723 1354 773 1394 P.

364 1424 590 1476 Indig.mus
611 1426 657 1465 in
679 1425 819 1466 Chro.
843 1437 1029 1475 servus,

1265 1567 1457 1609 CAESAR
1482 1568 1691 1609 HELMUS.

362 1781 794 1832 Superscmptz'onis
816 1780 915 1820 loco
942 1780 991 1819 in
1022 1784 1195 1831 quarta
1223 1780 1439 1831 pagiua:
1473 1781 1609 1821 Lrae.
1640 1781 1910 1832 Quadrime-

286 1858 406 1892 stres
427 1852 583 1891 veneti
604 1852 803 1903 collegii.
832 1851 878 1890 13
901 1852 986 1890 cal.
1011 1851 1270 1891 Februarii.

366 1923 479 1962 1554.

360 1992 470 2033 Alsa
493 2005 661 2033 manet:
682 1993 886 2033 Vinetia.
