2080 3392
314 220 384 256 594
826 216 1053 253 LITTERAE
1079 227 1436 259 QUADRIMESTRES

311 326 427 354 mus.
466 312 776 353 Nihilominus
812 313 968 363 plures
1004 312 1049 351 in
1084 311 1206 352 Dno.
1247 312 1400 353 adhuc
1435 313 1632 354 latentes
1662 315 1886 356 habemus
1914 316 1941 358 ¹.

311 385 364 424 R.
388 384 437 424 P.
461 383 727 424 Bernardus
750 382 1057 432 OliveriuS„a
1079 394 1170 434 quo
1199 389 1432 434 quartana
1459 396 1564 424 eum
1593 385 1799 436 reliquit,
1833 393 1944 426 stre-

265 476 267 479 ν
310 466 399 495 nue
434 455 522 494 hac
559 453 921 505 quadragesima
957 453 1153 503 singulis
1186 454 1431 494 dominicis
1463 454 1737 506 festivisque
1765 456 1942 508 diebus,

310 525 613 565 concionibus
649 532 756 564 ante
792 524 1052 574 meridiem,
1088 530 1193 575 post
1228 525 1488 565 catholicae
1518 525 1624 566 fidei
1652 527 1944 577 explicandis

310 596 530 645 articulis,
555 595 782 642 incubuit;
808 606 1032 645 magnum
1052 595 1213 634 habuit
1232 595 1392 647 populi
1414 596 1469 636 de
1491 596 1691 636 diversis
1721 597 1857 648 pagis
1888 609 1944 637 ac

308 667 422 706 locis
444 666 724 706 confluxum.
749 665 798 705 P.
822 665 970 706 Dnus.
995 665 1158 717 Spiga,
1182 666 1406 717 hispanus
1428 666 1457 715 ⁶²,
1486 667 1533 707 in
1550 667 1752 718 quadam
1781 668 1943 708 civita-

307 743 372 787 te,
404 738 451 778 in
477 737 643 776 finibus
679 736 861 776 Galliae
893 737 982 776 sita
1003 735 1031 787 ⁵,
1068 737 1186 787 egit,
1217 737 1295 776 ubi
1324 749 1351 777 a
1378 738 1534 777 multis
1564 738 1870 789 hispanorum
1898 744 1944 779 et

307 809 507 848 aliorum
533 809 741 847 locorum
770 807 990 847 militibus
1018 813 1176 847 castra
1203 807 1507 858 Imperatoris
1534 809 1623 848 hac
1654 809 1820 860 hyeme
1851 821 1944 849 ser-

307 885 417 919 vata
438 879 624 919 fuerunt
645 885 808 918 contra
829 879 1062 927 gallorum
1083 879 1297 929 insultus3
1317 879 1372 918 iis
1395 890 1421 918 a
1443 878 1817 920 confessionibus
1839 880 1940 930 fuit;

306 951 515 991 nonnulli
544 950 685 989 etiam
711 955 860 989 totum
890 949 1014 989 vitae
1042 961 1154 989 suae
1184 956 1367 989 reatum
1395 936 1722 1000 deposuerunt.
1754 950 1941 1001 Quanta

307 1028 463 1062 autem
493 1021 722 1060 charitate
753 1032 779 1059 a
807 1032 988 1060 summo
1018 1026 1226 1071 pastore,
1259 1021 1338 1071 qui
1369 1032 1474 1060 eum
1502 1021 1703 1072 hospitio
1738 1022 1938 1073 excepit,

307 1098 495 1143 totoque
516 1091 809 1131 subditorum
832 1097 990 1141 coetu,
1015 1103 1197 1130 necnon
1225 1103 1251 1131 a
1282 1091 1413 1131 ven.1i
1444 1091 1627 1131 Abbate
1656 1092 1896 1132 Laetiensi
1925 1091 1941 1110 ⁴

308 1164 406 1204 eius
428 1168 671 1214 susceptus
692 1162 832 1201 fuerit
854 1162 1099 1212 adventus,
1122 1162 1368 1202 brevitatis
1389 1173 1503 1213 ergo
1526 1163 1753 1203 omittam.

389 1234 442 1274 R.
466 1233 513 1273 P.
538 1233 777 1273 Adrianus
800 1231 814 1250 ⁵
835 1239 878 1273 et
900 1233 1021 1284 ipse,
1045 1233 1124 1284 qui
1145 1232 1348 1273 Lovanii
1369 1234 1640 1297 mansimus,
1665 1246 1752 1274 nec
1773 1246 1858 1274 nos
1879 1235 1941 1274 la-

308 1306 436 1346 boris
458 1305 614 1345 fructu
633 1316 728 1344 non
750 1304 1028 1355 poenitendo
1051 1304 1259 1344 destituti
1282 1303 1467 1344 fuimus.
1490 1304 1670 1344 Tantus
1697 1305 1820 1344 enim
1846 1310 1944 1345 tota

310 1378 398 1417 hac
432 1375 815 1427 quadragesima,
846 1382 942 1414 tam
973 1375 1029 1414 ob
1059 1375 1319 1426 plenarium
1346 1375 1597 1415 iubilaeum
1626 1387 1766 1427 quam
1796 1375 1851 1415 ob
1879 1376 1943 1415 in—

311 1453 512 1487 stantem
534 1446 802 1498 paschalem
824 1445 1187 1496 solemnitatem,
1212 1445 1530 1486 confitentium
1550 1446 1635 1485 fuit
1667 1457 1942 1494 concursus,

310 1525 359 1558 ut
379 1518 461 1557 vix
483 1517 611 1557 oneri
632 1528 769 1568 pares
786 1523 942 1556 essent
962 1516 1101 1567 vires,
1122 1528 1148 1556 a
1169 1528 1348 1556 summo
1366 1516 1567 1556 diluculo
1584 1528 1729 1568 usque
1751 1517 1799 1556 in
1820 1529 1945 1557 sum-

312 1600 440 1629 mum
461 1588 613 1628 noctis
640 1599 865 1639 persaepe
892 1588 950 1626 ab
981 1587 1224 1627 audiendis
1252 1587 1622 1627 confessionibus
1650 1599 1740 1627 non
1771 1588 1944 1639 quievi-

312 1672 429 1700 mus.
452 1659 687 1710 Quantum
709 1664 863 1698 autem
884 1658 993 1697 hinc
1009 1657 1189 1698 fructus
1208 1658 1435 1709 pullulare
1454 1659 1702 1708 cernimus,
1721 1658 1768 1698 in
1789 1659 1944 1710 specie

314 1742 536 1771 enarrare
563 1742 649 1769 nec
681 1729 843 1769 charta
873 1740 959 1768 nec
986 1734 1167 1780 tempus
1194 1728 1456 1780 patiuntur3
1491 1729 1686 1779 ideoque
1713 1741 1805 1769 uno
1835 1730 1944 1769 alte-

314 1814 426 1842 rove
448 1801 631 1841 adiecto
655 1801 893 1850 exemplO‚
926 1800 1104 1850 reliqua
1134 1800 1307 1850 legenti
1338 1800 1493 1839 animo
1522 1800 1776 1840 scrutanda
1810 1801 1944 1840 relin-

314 1884 466 1924 quam.
491 1872 697 1911 Primum
719 1879 786 1910 est
810 1871 1126 1910 studiosorum
1149 1871 1446 1910 sacerdotum
1469 1871 1752 1921 aedificatio,
1777 1871 1945 1922 quibus

313 1942 366 1983 R.
391 1942 438 1983 P.
465 1942 702 1982 Adrianus
724 1953 751 1981 a
773 1941 1059 1981 conscientia
1082 1947 1165 1991 est,
1191 1941 1267 1992 qui
1289 1941 1497 1992 quidem,
1521 1953 1547 1980 a
1570 1953 1658 1992 quo
1682 1941 1811 1981 Patri
1839 1954 1946 1981 con-

312 2014 430 2054 fiteri
450 2018 716 2064 coeperunt,
740 2024 833 2051 non
855 2012 1006 2051 minus
1029 2012 1343 2062 exemplarem
1364 2011 1484 2051 inter
1504 2023 1628 2059 suos,
1650 2012 1800 2051 maior
1821 2012 1944 2052 enim

312 2096 421 2136 pars
442 2096 500 2124 ex
521 2083 728 2133 Collegio
749 2083 1075 2132 theologorum
1096 2080 1110 2099 ⁶
1132 2088 1223 2133 est,
1249 2088 1395 2132 agunt
1414 2083 1583 2132 Vitam,
1619 2094 1757 2134 quam
1784 2083 1823 2122 si
1853 2082 1944 2123 fra-

311 2162 404 2195 tres
430 2154 679 2195 Societatis
713 2160 886 2199 essent;
919 2164 1033 2204 quos
1062 2153 1109 2192 in
1134 2152 1467 2193 festivitatibus
1495 2153 1774 2204 specialibus
1801 2153 1940 2194 Pater

309 2226 368 2266 ad
389 2225 643 2265 audiendas
665 2224 983 2263 confessiones
1004 2235 1086 2274 per
1108 2223 1320 2263 dlversas
1342 2224 1567 2263 ecclesias
1589 2224 1812 2275 disponit,
1850 2236 1941 2275 quo

308 2296 543 2346 eumdem,
568 2307 704 2347 quem
725 2295 980 2334 hauserunt
1008 2294 1242 2348 spiri-tum,
1274 2294 1321 2334 in
1349 2294 1547 2334 aliorum
1577 2306 1759 2346 quoque
1788 2300 1936 2334 trans-

364 2408 373 2427 ¹
412 2408 580 2435 Latentes
595 2408 657 2434 hos
673 2407 907 2433 existimamus
923 2406 1035 2438 fuisse,
1053 2406 1107 2440 qui
1123 2406 1203 2433 licet
1218 2410 1336 2433 votum
1352 2405 1534 2433 Societatis
1555 2407 1795 2440 ingrediendae
1810 2407 1940 2434 emisis-

307 2460 390 2489 sent,
402 2455 435 2482 in
447 2456 516 2482 suis
529 2455 750 2489 paedagogiis
763 2454 941 2487 degebant.
955 2454 1076 2487 quique
1088 2457 1158 2480 toto
1167 2454 1230 2480 hoc
1244 2461 1330 2480 anno
1343 2458 1375 2480 et
1391 2454 1544 2488 sequenti
1558 2453 1699 2481 Romam
1711 2454 1777 2481 aP.
1790 2455 1941 2481 Adriano

307 2503 399 2530 missi
414 2503 521 2530 fuere.
542 2502 590 2529 De
606 2502 646 2529 iis
662 2502 693 2528 in
709 2502 952 2535 posterioribus
975 2501 1280 2534 quadrimestribus
1302 2505 1335 2528 et
1358 2501 1390 2528 in
1412 2501 1561 2527 POLANCI
1579 2501 1753 2534 Chronico,
1769 2505 1792 2528 t.
1808 2509 1852 2535 lv,
1875 2509 1942 2528 ser-

307 2557 359 2576 mo
375 2550 444 2577 fiet.
460 2549 590 2576 Verum
606 2556 648 2575 an
664 2549 721 2575 alii
737 2554 875 2582 praeter
892 2549 952 2574 hos
966 2548 1091 2574 suerint
1105 2548 1354 2582 inexploratum
1370 2548 1465 2574 nobis
1481 2548 1591 2574 adhuc
1608 2552 1668 2575 est.

361 2596 375 2615 2
413 2596 541 2623 Sardus
557 2599 631 2622 erat
648 2595 684 2621 P.
698 2594 801 2628 Spiga
814 2603 819 2626 ;
834 2595 892 2621 scd
905 2594 1061 2621 Sardinia
1078 2598 1156 2621 tunc
1173 2594 1335 2628 hispanae
1351 2595 1467 2622 ditioni
1484 2595 1691 2629 subjacebat.

361 2643 374 2662 5
411 2642 682 2669 Valenciennes?
697 2641 780 2667 “Les
801 2641 950 2667 ennemis
965 2641 1199 2674 (Imperatoris
1221 2640 1336 2668 Caroli
1360 2641 1500 2671 milites>
1519 2645 1624 2676 ayant
1646 2641 1833 2668 rassemble
1848 2642 1940 2668 leurs

306 2694 455 2724 troupes,
472 2690 496 2716 s*
511 2690 637 2716 etoient
652 2689 855 2715 retranchez
871 2689 955 2714 dans
970 2696 1013 2714 un
1028 2689 1139 2715 vallee
1155 2688 1318 2715 audessus
1334 2689 1373 2715 de
1389 2688 1672 2715 Valenciennes...
1694 2688 1744 2715 La
1761 2689 1935 2715 cavalerie

305 2738 417 2770 legere
440 2736 659 2770 (Gallorum),
685 2736 738 2769 qui
764 2736 846 2762 e'toit
875 2735 1045 2769 dispersee
1071 2743 1106 2762 se
1131 2736 1261 2762 reunit:
1286 2736 1377 2762 alors
1401 2736 1464 2762 elle
1489 2736 1598 2762 donna
1621 2743 1678 2762 sur
1705 2737 1738 2762 la
1763 2736 1940 2762 cavalerie

305 2784 363 2810 des
378 2783 540 2817 ennemis,
555 2787 588 2810 et
603 2783 636 2809 la
651 2789 774 2816 poussa
787 2782 907 2816 jusque
924 2782 1007 2809 dans
1022 2783 1096 2809 leur
1111 2789 1237 2816 camp„
1252 2782 1306 2809 Ita
1320 2782 1373 2809 DE
1387 2782 1582 2813 T1101J‚dum
1594 2787 1803 2816 postremum
1819 2782 1938 2809 Gallos

305 2831 393 2857 inter
409 2834 442 2857 et
457 2830 679 2864 Imperatoris
695 2829 818 2856 milites
834 2837 920 2856 anno
937 2829 1006 2856 1553
1020 2834 1154 2863 gestum
1169 2829 1335 2863 praelium
1351 2834 1502 2862 enarrat,
1519 2830 1574 2857 lib.
1588 2837 1646 2856 ΧΠ.

357 2878 371 2897 4
407 2877 600 2904 Ludovicus
620 2876 762 2907 Blosius,
780 2877 839 2909 qni
852 2880 962 2910 prope
977 2877 1050 2903 loca
1066 2883 1169 2903 suam
1186 2876 1373 2903 Abbatiam
1391 2877 1543 2910 regebat.
1559 2876 1745 2910 POLANCUS,
1763 2876 1939 2911 Chronico,

306 2928 330 2951 t.
345 2932 392 2951 IV.

358 2971 371 2989 5³
413 2970 445 2997 Ρ.
463 2971 634 2998 Adi-ianus
648 2970 908 2997 Adriaenssens.

356 3016 370 3036 G
409 3016 570 3044 Liliensi?
