2080 3392
842 241 926 278 AN.
958 241 1049 278 1554
1700 241 1771 278 579

114 351 148 379 :a
184 339 415 379 sententia
442 338 597 379 Patris
632 339 880 391 discrepet.
911 338 1046 378 Illum
1074 339 1227 390 ipsum
1257 338 1314 378 de
1342 338 1481 378 rebus
1515 337 1610 378 suis
1638 349 1770 378 acce-

117 410 237 450 -dunt
259 411 518 451 consulturi
539 410 741 462 plurimi,
766 410 869 450 aliis
890 410 983 450 alia
1004 409 1391 461 proponentibus.

204 481 331 522 Solet
361 481 484 522 Rdus
503 482 782 533 Prolegatus
813 481 906 521 reis
929 481 1019 521 hoc
1040 481 1244 533 primum
1271 480 1479 521 omnium
1507 479 1768 532 injungere,

124 559 175 593 ut
200 552 366 594 Patres
393 559 581 594 nostros
610 553 926 593 confessarios
954 552 1179 602 habeant,
1209 564 1265 592 ac
1292 558 1404 592 tunc
1432 551 1620 592 demum
1648 562 1771 591 sum-

125 635 252 665 mam
272 625 452 676 negotii
473 625 520 664 in
542 624 732 665 eosdem
752 624 918 664 reiicit.

206 695 297 736 Sed
314 701 359 736 et
376 707 510 736 suam
525 707 709 748 quoque
726 695 866 735 habet
883 695 937 735 R.
952 694 1001 735 P.
1018 682 1259 748 Johannes
1277 695 1578 746 palaestram:
1599 694 1638 734 is
1654 694 1775 734 inter

118 774 335 815 caetera,
360 779 480 819 quae
504 767 614 807 huic
634 766 817 807 civitati
837 766 1065 806 beneficia
1087 765 1289 816 confert,
1314 766 1403 806 hoc
1424 776 1569 805 unum
1601 771 1690 815 est,
1725 771 1776 805 ut

126 838 306 889 opinor,
326 850 420 878 non
437 838 848 890 praetereundum,
868 844 917 877 ut
933 838 1105 888 vulgus
1124 837 1419 887 histrionum,
1439 836 1777 876 circulatorum

125 921 181 949 ac
221 921 470 961 magorum
508 915 559 950 ut
598 909 703 950 fidei
744 909 1037 949 orthodoxae
1076 920 1323 948 eversores
1361 908 1640 959 insectetur,
1684 908 1776 948 imo

125 992 289 1021 eorum
311 981 587 1033 apothecas,
617 981 823 1031 theatra,
853 980 1058 1032 pixides,
1083 979 1400 1030 unguentaria
1422 985 1467 1019 et
1486 985 1707 1031 portenta
1727 979 1775 1019 in

129 1052 283 1092 medio
306 1052 408 1092 foro
430 1053 649 1093 exturbat
669 1051 952 1103 evertitque,
986 1037 1275 1102 concitisque
1306 1063 1559 1102 procerum
1587 1050 1772 1101 animis,

130 1123 243 1163 urbe
265 1123 499 1163 exturbat.
522 1123 608 1163 His
628 1123 728 1175 ipse
749 1129 794 1163 et
816 1123 918 1163 aliis
939 1122 1174 1174 plurimis,
1200 1134 1310 1162 nam
1332 1127 1376 1162 et
1404 1122 1700 1162 xenodochia
1732 1128 1776 1162 et

129 1206 348 1235 carceres
371 1195 545 1245 invisit,
567 1195 715 1235 divini
735 1194 936 1235 nominis
956 1194 1107 1234 zelum
1128 1200 1342 1233 testatur.
1368 1193 1593 1245 Superest
1616 1200 1665 1233 ut
1687 1194 1777 1234 col-

130 1267 306 1317 legium
326 1266 439 1307 illud
460 1278 637 1307 novum
659 1267 941 1307 clericorum
969 1277 1115 1318 prope
1148 1265 1310 1305 urbem
1339 1277 1366 1304 a
1394 1265 1505 1305 R.s¹10
1537 1264 1778 1305 Cardinali

131 1337 357 1378 Perusino
385 1344 594 1378 erectum
624 1338 854 1378 foeliciter
880 1348 1080 1389 pergere
1109 1337 1368 1387 intelligas:
1402 1337 1477 1376 hic
1513 1336 1604 1376 duo
1640 1342 1684 1376 et
1713 1348 1780 1385 ,ex

132 1410 369 1451 Societate
388 1410 579 1461 degunt,
603 1410 720 1450 alter
740 1410 978 1460 sacerdos,
998 1420 1136 1461 quem
1157 1409 1281 1449 idern
1303 1408 1569 1449 Cardinalis
1591 1419 1775 1448 summo

132 1481 288 1522 studio
311 1489 355 1522 et
377 1481 638 1532 diligentia,
662 1481 782 1522 citra
802 1488 987 1531 tempus
1009 1486 1302 1531 consuetum,
1327 1480 1476 1519 sacris
1498 1480 1675 1520 initiari
1704 1491 1778 1520 cu-

133 1553 279 1604 ravit,
302 1565 389 1593 nec
410 1553 558 1604 ipsius
580 1553 767 1592 demum
787 1564 900 1592 sane
923 1551 1052 1591 fallet
1079 1551 1235 1603 opinio
1268 1558 1312 1591 et
1343 1563 1470 1603 spes,
1503 1563 1623 1602 quae
1651 1551 1781 1591 illum

133 1623 191 1664 ad
214 1625 306 1664 tale
329 1635 445 1676 opus
466 1624 662 1675 impulit;
678 1623 776 1675 jam
794 1623 917 1663 enim
939 1629 1045 1663 sunt
1067 1623 1244 1674 aliquot
1266 1634 1469 1673 magnae
1493 1622 1779 1674 expectatio-

133 1696 205 1735 nis
221 1694 434 1746 juvenes,
455 1696 534 1747 qui
555 1695 615 1735 ad
635 1702 783 1736 totam
799 1694 1053 1735 dioecesim
1075 1701 1118 1735 et
1140 1695 1306 1734 litteris
1328 1701 1373 1734 et
1395 1694 1520 1735 vitae
1543 1694 1776 1745 probitate

133 1767 387 1818 aliquando
407 1767 737 1807 illustrandam
758 1767 854 1818 apti
877 1766 1108 1806 videntur.
1133 1766 1353 1806 Pluribus
1374 1766 1494 1806 inest
1516 1766 1702 1806 animus
1724 1778 1778 1806 eo

133 1849 182 1877 se
205 1838 494 1889 conferendi,
518 1849 635 1889 quos
658 1837 947 1890 experientia
969 1837 1154 1878 docebit
1176 1849 1317 1889 quam
1338 1837 1430 1877 sint
1451 1837 1622 1878 idonei:
1646 1844 1783 1889 urget

135 1909 377 1959 negotium
412 1908 677 1950 Cardinalis
705 1910 805 1960 ipse
831 1916 875 1949 et
904 1909 1220 1961 praepositus,
1251 1909 1460 1961 nihilque
1487 1910 1649 1960 gregis
1683 1910 1781 1950 uni-

134 1980 262 2020 versi
282 1980 628 2021 restauratione
655 1981 785 2032 prius
814 1980 968 2021 habet.
1003 1980 1144 2021 Faxit
1171 1992 1381 2021 summus
1414 1981 1515 2031 ipse
1542 1988 1704 2032 pastor
1735 1987 1785 2021 ut

129 2063 222 2091 ‘nos
263 2058 307 2091 et
345 2051 574 2092 Perusina
617 2063 735 2104 quas
769 2052 910 2093 vinea
955 2052 1254 2103 amplectitur
1285 2064 1421 2102 oves,
1453 2052 1606 2103 ipsum
1635 2053 1785 2092 solum

135 2129 377 2174 pastorem
397 2123 650 2175 aliquando
668 2134 983 2174 agnoscamus
1005 2135 1060 2163 ac
1081 2123 1416 2163 desideremus.
1435 2123 1566 2163 Haec
1584 2129 1632 2163 ut
1652 2135 1784 2175 prae—

135 2201 329 2245 stemus,
348 2193 449 2234 Rde
471 2195 519 2234 in
541 2193 633 2234 C.t0
647 2194 802 2245 Pater,
821 2201 951 2235 tuam
969 2207 1105 2246 opem
1121 2206 1386 2246 precamur,
1408 2206 1549 2246 quam
1566 2195 1786 2246 precibus

134 2270 302 2305 nostro
322 2265 511 2306 nomine
531 2266 592 2306 ad
610 2265 765 2306 Deum
786 2266 900 2306 fusis
921 2266 1044 2306 feres
1066 2266 1515 2317 praesentissimam.
1543 2265 1676 2306 Vale.

220 2335 273 2376 T.
299 2336 353 2376 R.
377 2336 426 2378 P.

221 2406 315 2448 Rdi
335 2408 382 2447 in
404 2408 592 2449 Christo
610 2407 660 2448 P.
683 2409 914 2450 Everardi
931 2409 1082 2461 jussu,

221 2478 399 2520 Servus
420 2480 596 2520 inutilis
618 2480 666 2520 in
686 2480 888 2532 Christo,

1005 2625 1262 2666 EDMUNDUs
1295 2625 1551 2666 AUGERIUs.
