2080 3392
286 186 359 224 608
796 177 1023 223 LITTERAE
1050 196 1407 229 QUADRIMESTRES

288 283 429 322 etiam
450 280 626 320 nobiles
643 280 943 331 juvenculas,
976 281 1140 321 eodem
1160 281 1208 320 in
1228 292 1387 321 errore
1408 287 1645 333 versatas,
1677 284 1735 323 ad
1762 285 1916 325 melio-

288 364 387 392 rem
420 351 603 401 frugem
632 351 764 390 brevi
789 351 982 391 rediisse
1010 352 1406 403 conspexerimus.
1438 352 1613 392 Eodem
1641 354 1841 404 pertinet
1873 361 1918 395 et

287 422 381 462 alia
403 421 633 472 quaedam
654 421 817 471 vidua,
841 422 1009 461 nobilis
1030 422 1109 462 illa
1131 422 1316 473 quidem
1337 428 1381 462 et
1401 423 1638 473 perdives,
1664 436 1782 475 quae
1813 437 1917 465 cum

288 502 463 542 genero
485 491 671 542 filiaque
693 492 864 532 mutuis
882 492 1159 543 quibusdam
1176 492 1379 532 dissidiis
1396 493 1662 533 conflictata
1679 494 1773 545 diu,
1792 496 1918 535 nulla

289 567 472 612 poterat
493 562 674 601 ratione
695 562 868 612 sedari3
895 563 976 602 sed
998 574 1104 603 cum
1131 563 1178 602 in
1205 563 1495 603 confessione
1526 576 1581 604 ac
1612 570 1746 604 extra
1773 567 1918 616 preci—

288 633 372 672 bus
394 638 437 672 et
459 633 851 672 admonitionibus
872 644 1013 683 saepe
1045 633 1223 684 agitata
1244 633 1430 684 fuisset,
1465 635 1699 674 obstinata
1730 635 1919 675 tandem

289 702 444 742 animo
477 714 578 742 esse
621 703 777 754 desiit,
815 703 873 742 ad
904 704 1235 755 melioremque
1265 710 1466 744 mentem
1501 716 1717 755 reversa,
1756 717 1920 757 pacem

288 785 396 813 cum
416 773 508 813 filia
529 784 798 825 generoque
819 775 966 814 inivit.
991 774 1142 825 Virgo
1164 775 1393 825 quaedam
1413 776 1559 815 variis
1581 788 1686 816 cum
1708 777 1920 828 corporis

289 850 387 884 tum
416 844 557 884 animi
588 844 771 884 dotibus
805 845 1022 895 insignis,
1061 851 1110 885 ut
1146 857 1285 896 quae,
1323 851 1509 896 praeter
1544 846 1659 886 alias
1695 847 1921 897 quasdam

289 922 414 954 artes
435 915 542 955 huic
564 915 697 955 sexui
718 917 1114 966 accommodatas,
1133 916 1293 956 literas
1314 928 1497 968 quoque
1518 917 1758 968 politiores
1778 918 1922 969 probe

290 985 548 1036 didicisset,
580 998 686 1025 cum
711 986 764 1026 20
791 999 938 1027 annos
965 987 1167 1039 quadam
1198 987 1244 1026 in
1273 987 1500 1038 religione
1526 988 1828 1038 perstitisset,
1864 988 1923 1028 ad

291 1056 589 1108 ejusdemque
618 1057 956 1108 professionem
987 1057 1169 1097 admitti
1198 1058 1324 1097 nullo
1353 1064 1492 1109 pacto
1520 1059 1766 1109 valuisset,
1799 1059 1922 1109 quod

290 1128 408 1167 aliae
430 1128 642 1168 coenobii
663 1127 884 1179 ejusdem,
903 1129 1010 1168 licet
1032 1129 1187 1168 multis
1209 1129 1419 1180 partibus
1440 1129 1699 1177 inferiores,
1719 1130 1808 1169 hoc
1829 1141 1922 1169 non

292 1205 445 1238 essent
466 1210 654 1250 passae,
678 1211 736 1239 ne
757 1205 949 1251 propter
970 1211 1104 1239 suam
1126 1200 1272 1251 ipsius
1302 1200 1526 1240 virtutem
1553 1199 1790 1250 praefecta
1821 1200 1920 1240 reli-

289 1281 488 1320 quarum
511 1271 885 1319 constitueretur,
905 1277 1035 1310 tanta
1056 1270 1141 1310 fuit
1164 1271 1284 1310 mole
1303 1271 1606 1310 tentationem
1629 1282 1852 1322 oppressa
1874 1276 1922 1310 ut

291 1340 478 1379 omnino
501 1341 803 1391 egrederetur
826 1347 869 1381 et
890 1341 937 1381 in
956 1341 1242 1392 gravissima
1264 1347 1458 1392 peccata
1480 1341 1720 1381 incideret.
1745 1341 1924 1382 Verum

291 1411 370 1461 qui
390 1411 505 1451 dixit
532 1423 621 1462 ego
649 1423 756 1451 snm
784 1412 967 1452 Pastor
997 1413 1168 1461 bonus,
1196 1412 1538 1452 semilaniatam
1564 1424 1701 1452 ovem
1731 1424 1824 1451 non
1855 1418 1925 1452 est

289 1482 479 1521 omnino
507 1494 674 1533 passus
705 1483 890 1533 confici,
921 1483 1030 1534 quin
1064 1483 1218 1533 potius
1253 1493 1357 1522 eam
1391 1494 1475 1522 sua
1509 1483 1656 1534 ipsius
1692 1483 1925 1522 dementia

291 1553 683 1603 comprehensam
718 1554 887 1605 diuque
920 1560 1157 1605 raptatam
1183 1554 1303 1593 eruit
1336 1553 1392 1592 ab
1421 1564 1501 1593 ore
1529 1554 1624 1604 lupi
1662 1552 1922 1604 cujusdam,

293 1623 370 1674 qui
392 1623 653 1663 affirmabat
681 1625 857 1664 nullum
885 1636 987 1664 esse
1014 1630 1259 1675 peccatum
1287 1624 1410 1675 quod
1438 1635 1544 1664 cum
1571 1625 1672 1675 ipso
1703 1635 1925 1664 commer-

293 1693 417 1733 cium
437 1694 644 1746 haberet,
672 1696 885 1746 exemplo
906 1695 1105 1735 filiarum
1126 1695 1261 1745 Loth,
1288 1695 1347 1735 ad
1368 1695 1580 1746 ovileque
1601 1695 1793 1746 remisit,
1817 1707 1923 1747 quo,

293 1776 376 1816 per
404 1766 630 1805 ecclesiae
658 1766 965 1806 saluberrima
994 1766 1335 1806 medicamenta
1365 1766 1411 1805 in
1439 1767 1685 1817 pristinam
1711 1766 1926 1806 restituta

293 1836 559 1886 sanitatem,
584 1837 630 1875 in
651 1848 846 1876 numero
868 1837 1118 1877 haberetur
1140 1843 1449 1877 caeterarum.

374 1906 652 1946 Haereticus
674 1907 878 1958 quidam,
904 1908 981 1959 qui
996 1907 1094 1959 jam
1116 1908 1193 1947 diu
1215 1919 1348 1947 sacra
1368 1906 1541 1959 jejunia
1565 1913 1922 1959 contempserat,

293 1975 497 2017 Sanctos
532 1990 625 2017 non
662 1978 864 2018 orandos
899 1984 1135 2028 tenuerat,
1173 1980 1395 2030 templum
1429 1978 1692 2035 adeundum
1722 1989 1924 2018 sacrum-

294 2060 383 2099 que
405 2048 687 2089 audiendum
708 2056 992 2100 negaverat,
1017 2049 1379 2099 confessionem,
1416 2054 1575 2100 utpote
1596 2061 1688 2088 non
1714 2060 1926 2088 necessa-

294 2119 435 2169 riam,
459 2120 706 2171 reiecerat,
731 2132 825 2160 non
856 2132 958 2160 esse
988 2120 1035 2159 in
1064 2120 1217 2160 hostia
1249 2120 1422 2160 Christi
1450 2131 1620 2171 corpus
1648 2132 1797 2171 neque
1825 2131 1927 2160 san-

292 2190 482 2240 guinem
518 2191 806 2241 crediderat,
845 2203 953 2230 ecce
989 2190 1077 2230 Dei
1110 2191 1263 2242 gratia
1304 2197 1609 2242 praeventus,
1644 2191 1927 2241 poenitentia

295 2260 558 2300 admirabili
580 2268 747 2312 tactus,
771 2261 934 2301 Patres
954 2268 1140 2301 nostros
1163 2261 1290 2312 adiit,
1324 2263 1381 2301 ab
1405 2262 1552 2313 iisque
1574 2262 1809 2313 perversis
1835 2262 1926 2313 opi-

294 2331 512 2371 nionibus
542 2332 717 2372 destitit
748 2344 803 2372 ac
833 2332 1073 2372 Romanae
1107 2333 1334 2372 ecclesiae
1362 2333 1547 2384 penitus
1577 2332 1802 2372 adhaesit.
1836 2331 1927 2373 Sed

294 2401 383 2441 hoc
405 2402 460 2441 de
482 2413 653 2452 genere
676 2403 804 2443 satis.
830 2402 1147 2454 Progrederer
1163 2415 1363 2454 namque
1381 2404 1428 2443 in
1445 2404 1735 2453 immensum,
1757 2403 1925 2454 sigilla-

296 2472 377 2512 tim
400 2473 437 2511 si
459 2474 625 2512 vellem
649 2474 805 2513 omnia
826 2485 1087 2514 recensere.

374 2542 444 2582 De
467 2544 788 2584 confitentium
809 2551 963 2584 autem
984 2556 1179 2584 numero
1210 2557 1302 2584 non
1334 2551 1402 2584 est
1430 2544 1551 2596 quod
1580 2546 1725 2584 multa
1753 2545 1922 2593 dicam,

270 2601 273 2604 ’
297 2614 375 2664 qui
396 2615 581 2654 tametsi
603 2626 803 2665 magnus
824 2627 1007 2666 semper
1022 2615 1173 2655 videri
1194 2616 1355 2667 potuit,
1377 2616 1448 2655 die
1466 2621 1622 2655 tamen
1638 2614 1819 2655 Natalis
1836 2614 1925 2655 Do-

296 2684 410 2723 mini
440 2690 596 2724 tantus
624 2685 796 2735 extitit,
828 2692 875 2725 ut
910 2698 936 2725 a
971 2685 1121 2725 media
1150 2693 1286 2726 nocte
1316 2686 1579 2736 incipiendo
1612 2686 1666 2725 ad
1698 2685 1927 2726 decimam

297 2753 394 2794 fere
421 2766 595 2795 nonam
626 2767 771 2807 usque
800 2756 971 2796 fuerint
1005 2756 1293 2796 confitentes.
1322 2757 1502 2796 Verum
1530 2756 1652 2808 quod
1680 2757 1835 2807 plures
1867 2756 1927 2796 ad

299 2824 638 2865 confessionem
662 2827 1126 2878 communionemque
1148 2827 1335 2878 pellexit
1355 2827 1654 2878 attraxitque,
1676 2826 1762 2866 fuit
1784 2826 1926 2877 quod-

301 2894 408 2933 dam
428 2907 454 2934 a
477 2895 691 2936 Patribus
714 2897 1031 2937 introductum
1053 2897 1329 2947 institutum,
1347 2909 1528 2948 nempe,
1549 2904 1598 2936 ut
1619 2898 1697 2948 qui
1719 2897 1927 2937 crebrius

299 2965 496 3015 nollent,
521 2966 714 3016 singulis
737 2968 901 3007 saltem
922 2967 1158 3007 mensibus
1179 2967 1367 3007 Domini
1395 2979 1604 3007 mensam
1631 2967 1923 3018 accederent,
