2080 3392
309 201 381 238 310
821 199 1046 235 LITTERAE
1074 209 1430 241 QUADRmEsTREs

311 297 522 345 odorem,
552 301 600 334 ut
622 294 762 334 etiam
782 294 996 345 patritios
1017 294 1308 333 colonienses
1329 293 1387 333 ad
1417 292 1697 333 evolandum
1725 293 1941 345 ipsosque

310 366 597 417 sequendum
624 370 939 416 provocarent
968 363 1100 415 filios,
1133 375 1249 415 quos
1279 363 1548 404 iamdudum
1577 376 1604 403 a
1624 363 1683 403 V.
1706 363 1755 403 P.
1781 365 1940 404 osculo

312 443 475 476 sancto
499 441 718 486 exceptos
739 446 998 486 speramus.
1022 435 1201 475 Verum
1229 440 1451 485 quantam
1480 434 1614 474 nobis
1643 435 1941 475 minabantur

312 508 619 547 obventuram
641 505 935 556 tragoediam
956 506 1038 545 vix
1059 505 1149 544 dici
1171 510 1336 555 potest,
1358 505 1434 556 qui
1456 503 1563 544 hinc
1584 505 1659 544 vel
1680 505 1940 546 subversio-

310 590 417 618 nem
437 578 580 617 totius
601 576 846 617 Societatis
868 575 1182 626 hollandicae,
1205 588 1262 615 ne
1284 575 1437 616 dicam
1457 575 1684 626 regionis,
1709 587 1758 615 se
1779 576 1941 616 timere

311 648 608 699 iactitabant,
631 659 716 687 nos
743 648 883 687 talem
910 647 1150 696 iuvenem,
1180 646 1240 686 M.
1271 645 1613 686 Theodoricum
1641 652 1773 697 puto,
1806 647 1942 687 huius

309 720 497 760 Artium
530 718 786 759 Facultatis
820 718 1044 769 primaria
1072 717 1344 757 decoratum
1373 717 1527 768 lauro,
1557 717 1784 765 moribus,
1817 717 1943 758 vitae

309 790 598 841 integritate,
623 789 891 830 divitiarum
915 787 1223 838 abundantia,
1246 799 1429 827 necnon
1450 793 1641 827 caterva
1673 787 1807 839 quasi
1834 788 1943 828 ami-

309 872 471 901 corum
508 860 646 900 valde
681 859 996 910 nobilitatum,
1034 858 1208 898 furtive
1243 858 1491 908 seducere,
1528 858 1741 898 omnibus
1785 858 1944 898 insciis

310 931 681 982 praesumpsisse
703 930 885 981 amicis,
909 940 1108 981 quorum
1128 928 1357 979 furorem,
1381 929 1603 980 quoniam
1633 929 1802 980 ubique
1831 930 1943 969 mul-

308 1009 408 1042 tum
428 1009 623 1053 possunt
645 1012 909 1052 magnaque
930 1001 1161 1040 habentur
1183 999 1487 1046 authoritate,
1512 1005 1609 1039 tam
1629 1000 1784 1039 aulam
1805 1011 1945 1051 quam

308 1073 584 1125 quorumvis
604 1073 741 1112 huius
761 1072 941 1123 patriae
970 1077 1243 1121 magnatum
1264 1076 1427 1110 contra
1448 1081 1534 1109 nos
1561 1069 1835 1110 excitandos
1866 1082 1943 1110 ve-

310 1145 534 1184 rebantur
569 1144 769 1194 animos;
802 1143 883 1183 sed
913 1154 1036 1182 nunc
1067 1142 1280 1182 videntes
1309 1141 1461 1181 Deum
1489 1140 1593 1192 Opt.
1630 1141 1782 1192 Max,
1812 1142 1944 1181 cuius

309 1215 440 1256 nutui
461 1215 704 1255 subiacent
726 1214 904 1263 omnia,
929 1213 1054 1253 haud
1075 1213 1208 1252 aliter
1229 1218 1474 1264 parentum
1499 1212 1707 1252 linivisse
1737 1213 1945 1252 dolorem

310 1298 587 1337 omnemque
608 1291 933 1336 tempestatem
958 1284 1005 1323 in
1033 1283 1298 1323 serenitatis
1326 1290 1531 1323 mutasse
1560 1283 1945 1334 tranquillitatem

310 1368 367 1397 ac
389 1357 427 1396 si
448 1356 643 1396 lethaeis
665 1362 834 1395 cuncta
855 1355 1051 1394 fuissent
1068 1354 1220 1405 sopita
1237 1354 1392 1404 undis,
1414 1353 1546 1405 quasi
1563 1354 1609 1393 in
1628 1354 1849 1393 barathro
1867 1354 1942 1394 ad-

310 1428 571 1468 mirationis
593 1427 786 1476 detrusi,
811 1426 921 1477 quid
941 1425 1151 1477 cogitare
1173 1425 1344 1476 quidve
1366 1424 1520 1464 dicere
1541 1425 1685 1465 velint
1712 1425 1940 1465 nesciunt.

391 1499 518 1539 Deus
538 1498 669 1550 pacis
690 1504 733 1537 et
756 1497 1016 1537 dilectionis
1039 1501 1225 1536 maneat
1247 1507 1426 1547 semper
1444 1507 1548 1535 cum
1566 1495 1777 1536 omnibus
1794 1496 1940 1547 nobis,

311 1577 360 1609 ut
381 1571 500 1620 eius,
523 1581 616 1608 non
632 1569 807 1619 lingua,
829 1567 909 1607 sed
927 1578 1066 1618 opere
1089 1573 1132 1606 et
1153 1567 1372 1617 veritate,
1392 1566 1735 1618 beneplacitum
1756 1567 1942 1617 implea-

311 1652 435 1691 mus,
467 1640 597 1680 cuius
624 1651 716 1679 non
743 1638 972 1678 immerito
999 1638 1153 1688 gratia
1188 1648 1369 1687 omneS,
1399 1637 1660 1688 provolutis
1691 1648 1849 1677 coram
1881 1643 1938 1689 te,

312 1711 465 1761 Pater,
486 1711 667 1760 animis,
686 1721 771 1750 nos
789 1708 847 1749 V.
871 1708 919 1748 P.
945 1708 1241 1759 omniumque
1263 1707 1455 1748 Patrum
1477 1719 1532 1748 ac
1553 1707 1752 1748 fratrum
1773 1709 1942 1749 oratio-

312 1784 448 1824 nibus
470 1781 788 1822 commendari
808 1791 1071 1832 precamur.

392 1853 590 1894 Lovanii
616 1852 662 1892 16
684 1852 903 1892 calendas
924 1850 1049 1902 Junii
1072 1862 1146 1890 an.
1173 1850 1289 1890 1553.

394 1926 452 1966 V.
477 1925 526 1965 Ρ.
547 1935 713 1964 servus
734 1923 967 1974 indignus,

1253 2063 1507 2105 ARNOLDUS
1537 2065 1727 2106 Hsszms.

394 2279 746 2331 stipem-emptio
766 2279 817 2318 in
837 2282 1004 2318 octava
1018 2278 1231 2329 pagina:
1258 2279 1311 2319 R.
1337 2278 1383 2318 in
1404 2277 1485 2317 X.0
1506 2277 1634 2317 Patri
1654 2276 1741 2317 Μ.ο
1760 2277 1941 2328 Ignatio

313 2351 372 2391 de
391 2351 566 2401 Loiola,
591 2349 801 2401 generali
821 2349 1087 2401 praeposito
1110 2348 1358 2389 Societatis
1377 2348 1501 2400 Jesu.

394 2422 585 2462 Romae.
891 2418 893 2420 ’

395 2493 457 2533 Et
479 2492 575 2533 alia
597 2505 760 2533 manu:
782 2492 835 2543 Q.
854 2492 1054 2532 Lovanii
1079 2492 1123 2531 17
1146 2491 1256 2541 (sic)
1277 2489 1498 2531 calendas
1518 2489 1644 2542 Junii
1668 2489 1780 2528 1553.
