2080 3392
855 191 940 229 AN.
971 191 1063 229 1553
1711 191 1782 228 483

136 305 213 334 res
234 304 337 333 esse
358 291 627 332 dialectices
647 295 849 341 nostros,
873 289 950 341 qui
972 300 1115 329 unum
1136 294 1317 328 tantum
1339 299 1513 328 annum
1534 287 1581 327 in
1603 298 1658 326 ea
1679 297 1780 326 ver-

138 364 229 405 sati
248 363 449 413 fuerunt,
475 373 616 415 quam
637 372 708 412 se,
733 361 813 413 qui
835 359 933 412 jam
953 360 1071 400 duos
1099 359 1489 410 consumpserint.
1513 358 1612 399 Nec
1632 357 1784 398 minor

139 441 210 477 est
231 436 429 475 aliorum
455 434 656 474 fratrum
677 432 724 473 in
744 432 891 472 literis
911 430 1173 484 profectus,
1201 431 1298 483 qui,
1324 430 1486 471 ordine
1508 441 1535 469 a
1554 429 1604 470 P.
1628 428 1785 470 Natali

140 506 411 556 constitutO,
436 505 532 545 suis
554 504 728 555 singuli
749 503 915 543 studiis
936 503 1146 542 sedulam
1165 513 1360 553 operam
1377 507 1569 542 navant.

221 577 493 618 Domestica
515 575 860 616 administratio
883 575 948 614 ita
970 585 1019 614 se
1041 573 1180 613 habet
1201 580 1251 613 ut
1272 573 1423 613 eidem
1443 573 1574 613 Patri
1594 571 1785 624 placuit.

142 649 298 690 Tonos
330 647 710 689 concionatorios
742 645 754 664 ¹
782 646 985 697 primum
1021 644 1219 696 singulis
1251 644 1413 684 diebus
1451 645 1498 684 in
1533 643 1788 684 coenaculo

142 721 313 762 fratres
342 720 557 760 recitant.
595 717 858 758 Dominicis
888 728 1003 756 vero
1027 716 1194 756 concio
1216 715 1339 767 apud
1360 715 1532 756 fratres
1553 715 1611 755 ab
1635 715 1789 766 aliquo

144 804 322 842 eorum,
346 792 424 843 qui
446 791 493 831 in
514 790 652 830 domo
674 788 966 841 probationis
988 794 1110 838 sunt,
1136 787 1300 827 haberi
1327 788 1458 827 solet.
1488 783 1599 839 Jam'
1621 798 1789 827 censor

146 870 217 904 est
237 863 535 912 constitutus,
555 862 630 901 cui
647 860 913 900 defectuum
932 859 1148 899 omnibus
1166 859 1214 898 in
1230 858 1370 898 rebus
1387 857 1791 898 observandorum

145 947 260 976 cura
280 933 489 986 injuncta
511 939 595 973 est.
620 932 798 972 Diebus
819 931 1082 971 Dominicis
1104 930 1152 970 in
1172 937 1336 970 nostra
1359 929 1474 970 aede
1496 941 1635 970 sacra
1655 928 1793 969 Pater

147 1006 464 1047 Maximianus
484 1004 498 1023 Ξ
520 1011 628 1045 ante
650 1003 900 1056 prandium
927 1001 1155 1043 mediocri
1175 1000 1189 1019 ⁵
1212 1013 1319 1041 cum
1341 1000 1629 1041 audientium
1651 1006 1696 1040 et
1715 1012 1794 1040 nu—

150 1090 278 1118 mero
301 1084 345 1117 et
368 1077 695 1117 aedificatione
717 1075 1039 1125 concionatur;
1064 1073 1386 1125 pomeridiano
1406 1084 1521 1112 vero
1539 1079 1748 1123 tempore
1771 1084 1797 1111 a

149 1149 199 1190 P.
231 1149 409 1190 Correa
436 1147 452 1166 ‘⁶
481 1147 555 1188 X.i
592 1147 807 1188 doctrina
842 1145 1145 1198 praelegitur,
1174 1145 1252 1196 qui
1287 1150 1332 1184 et
1367 1144 1489 1184 idem
1527 1143 1690 1197 diebus
1719 1143 1796 1182 ali-

150 1221 338 1274 quando
360 1220 542 1260 festivis
564 1231 658 1259 non
678 1218 850 1260 minori
870 1229 977 1258 cum
1000 1216 1326 1257 aedificatione
1343 1215 1620 1256 concionem
1642 1214 1795 1254 habet.

229 1292 336 1333 Alia
358 1297 604 1344 praeterea
627 1303 653 1330 a
674 1289 723 1330 P.
748 1289 905 1331 Natali
926 1288 1179 1328 constituta
1204 1293 1326 1338 sunt,
1351 1298 1470 1338 quae
1490 1298 1614 1326 nunc
1637 1297 1794 1326 recen-

151 1376 255 1405 sere
275 1363 598 1404 necessarium
618 1373 713 1402 non
733 1361 860 1402 duxi.
893 1361 1050 1401 Ebura
1072 1358 1086 1378 ⁵
1107 1359 1403 1411 praesbyteri
1425 1358 1515 1398 duo
1545 1357 1698 1398 Patris
1719 1357 1800 1397 Mi-

152 1436 280 1476 ronis
297 1435 429 1488 jussu
450 1435 540 1475 huc
562 1439 813 1483 venerunt,
843 1438 1006 1473 nostro
1035 1432 1246 1472 instituto
1277 1430 1391 1470 satis
1419 1430 1537 1482 apti,
1570 1429 1649 1481 qui
1670 1435 1714 1469 et
1735 1440 1800 1469 re-

155 1507 278 1559 cepti
298 1512 424 1557 sunt,
451 1516 718 1557 magnaque
745 1516 851 1545 cum
870 1504 1071 1544 fratrum
1093 1502 1417 1543 aedificatione
1446 1513 1625 1553 suoque
1652 1500 1802 1552 profe-

157 1586 236 1620 ctu
257 1579 303 1619 in
324 1578 565 1630 proposito
595 1581 918 1628 perseverant.
949 1574 1145 1615 Necnon
1174 1579 1219 1614 et
1248 1574 1366 1613 alius
1394 1573 1536 1614 etiam
1564 1571 1801 1621 sacerdos,

157 1651 236 1702 qui
257 1649 544 1691 Salmantica
568 1659 715 1700 nuper
738 1647 1010 1697 adveniens,
1034 1651 1254 1697 receptus
1276 1651 1360 1685 est.

236 1722 454 1763 Excessit
472 1726 628 1760 autem
649 1732 673 1759 e
694 1720 817 1768 vita,
842 1718 1014 1770 elapsis
1035 1729 1181 1769 prope
1204 1717 1391 1767 diebUS,
1424 1716 1569 1756 frater
1597 1715 1801 1768 quidam,

158 1794 233 1833 cui
263 1793 507 1844 Alphonso
529 1790 542 1810 ‘³
563 1802 734 1831 nomen
762 1796 877 1831 erat.
909 1788 1059 1841 Hujus
1093 1789 1246 1829 exitus
1281 1789 1407 1829 vitae
1435 1794 1630 1828 sanctae
1666 1794 1804 1839 atque

158 1866 383 1905 honestae
403 1868 675 1904 transactae
695 1873 923 1914 perquam
944 1861 1108 1901 similis
1124 1860 1224 1900 fuit.
1246 1859 1364 1900 Cum
1381 1858 1480 1911 jam
1503 1859 1558 1900 de
1586 1858 1685 1910 ejus
1707 1859 1804 1899 vita

159 1935 324 1978 medici
348 1935 695 1987 desperassent,
715 1939 854 1985 atque
870 1932 1297 1973 vehementissimis
1314 1931 1519 1971 febribus
1541 1936 1803 1982 urgeretur,

159 2007 461 2048 nihilominus
487 2013 646 2047 tamen
679 2004 861 2045 duabus
894 2004 1089 2055 integris
1118 2004 1248 2043 horis
1276 2003 1473 2054 singulis
1502 2002 1664 2042 diebus
1699 2013 1803 2042 con-

160 2078 451 2131 templationi
472 2078 696 2127 vacabat;
722 2077 799 2128 qui
819 2075 1011 2116 tandem
1032 2075 1220 2127 placida
1251 2081 1294 2115 et
1321 2074 1414 2114 leni
1441 2079 1591 2114 morte
1612 2074 1712 2114 vita
1734 2073 1807 2113 de-

165 2151 353 2191 functus
375 2156 459 2190 est.

242 2222 294 2262 In
311 2221 401 2261 hac
415 2232 529 2260 vero
546 2226 708 2261 nostra
726 2218 1040 2269 Conimbrica,
1061 2229 1152 2270 qua
1174 2223 1328 2257 mente
1349 2228 1532 2269 quaque
1549 2217 1721 2269 pietate
1742 2227 1809 2256 re·

162 2294 384 2344 ligionem
405 2292 537 2332 multi
559 2292 730 2341 colant,
755 2296 1074 2342 quantumque
1091 2289 1224 2329 nobis
1245 2289 1467 2339 tribuant,
1492 2288 1662 2329 mirum
1685 2294 1811 2328 certe

165 2365 293 2405 dictu
314 2363 469 2413 fuerit;
494 2363 617 2415 quod
638 2374 697 2403 ex
717 2362 895 2402 crebris
912 2361 1191 2413 praesertim
1213 2359 1587 2400 confessionibus
1608 2359 1813 2411 perspici

165 2437 288 2477 licet.
313 2435 382 2475 Ita
405 2435 529 2474 enim
552 2434 840 2474 consuetudo
862 2433 980 2473 haec
1001 2433 1230 2484 paulatim
1252 2432 1423 2484 serpsit
1446 2444 1501 2472 ac
1522 2431 1711 2483 prodiit,
1736 2430 1812 2471 ad-

168 2507 464 2549 hortantibus
486 2505 545 2546 ad
566 2506 613 2546 id
633 2505 822 2553 nostris,
846 2511 896 2545 ut
917 2504 1113 2555 singulis
1131 2504 1294 2544 diebus
1312 2504 1444 2543 multi
1462 2503 1569 2553 sint,
1594 2503 1671 2554 qui
1691 2502 1814 2554 apud

167 2591 253 2620 nos
284 2584 327 2619 et
355 2584 552 2630 peccata
590 2577 828 2617 fateantur
863 2582 908 2616 et
941 2575 1271 2616 Eucharistiae
1307 2574 1667 2615 Sacramentum
1702 2574 1815 2614 reci-

225 2742 235 2761 ¹
277 2741 572 2771 Concionatorz'os,
588 2738 845 2773 perspicuitatis
856 2737 972 2772 gratia
987 2737 1142 2764 additum
1160 2737 1192 2764 in
1208 2736 1419 2771 apographo.

226 2790 240 2809 2
276 2788 364 2816 Vide
381 2788 548 2821 PoLANco,
568 2787 772 2818 Clzronicon,
788 2791 812 2813 t.
828 2793 875 2819 111,
891 2793 971 2820 pag.
986 2785 1047 2812 419.

229 2838 243 2857 ⁵
282 2844 349 2863 non
366 2838 502 2869 exiguo.
519 2836 650 2870 Apogr.

231 2885 246 2906 4
284 2884 320 2911 Ρ.
336 2884 507 2911 Antonius
524 2883 666 2910 Correa.

233 2932 247 2952 ⁵
286 2932 351 2965 Sic3
369 2932 486 2958 Evora
503 2932 558 2958 vel
574 2930 702 2958 Ebora.

227 2979 241 3000 6
282 2981 475 3014 Alphonsus
487 2979 645 3006 Vasaeus
661 2977 775 3011 (Vae).
797 2977 885 3004 Vide
902 2976 1051 3010 FRAxco,
1070 2977 1240 3011 Synopsis
1256 2976 1445 3003 annalium
1459 2975 1532 3004 Soc.
1555 2975 1642 3010 Jesu
1659 2976 1695 3002 in
1713 2975 1821 3002 Lusi-

178 3030 292 3060 tanta,
309 3029 394 3056 Ann.
409 3028 492 3060 1553.
510 3036 540 3054 n.
554 3026 785 3060 S.—-·Alphonsi
803 3026 962 3052 decessus
977 3025 1040 3052 fuit
1055 3025 1071 3051 9
1087 3024 1301 3052 Novembris.
