2080 3392
264 173 335 210 402
773 170 999 208 LITTERAE
1026 180 1384 213 QUADRIMESTRES

942 631 1228 686 COLXIV

337 866 383 903 P.
406 865 662 913 Alphonsus
682 863 918 912 Cypriano,

380 930 450 968 Ex
468 929 790 967 commissione
809 930 952 967 Patris
972 929 1127 976 Jacobi
1146 929 1307 976 Miron,

430 995 552 1032 Patri
569 995 739 1042 Ignatio
759 995 812 1032 de
831 995 1016 1042 Loyola.

475 1060 754 1107 Ulyssipone‚
774 1059 818 1097 31
839 1059 1098 1097 Decembris
1119 1059 1210 1096 1553
1229 1060 1254 1096 ¹.

1040 1337 1137 1379 IHS

343 1552 441 1592 Pax
467 1551 656 1592 Domini
683 1551 768 1591 nri.
801 1552 912 1605 Jesu
950 1552 1075 1592 Chri.
1115 1552 1173 1591 sit
1212 1563 1394 1603 semper
1422 1552 1469 1592 in
1506 1552 1672 1592 animis
1706 1551 1893 1591 nostris.

263 1622 430 1662 Amen.

341 1693 574 1734 Calendae
603 1693 813 1746 Januarii
840 1694 1110 1743 hortantur,
1141 1693 1194 1732 R.
1225 1692 1298 1743 P.,
1332 1699 1381 1733 ut
1412 1693 1467 1733 de
1497 1698 1595 1733 toto
1626 1698 1896 1733 nostrarum

261 1777 417 1805 rerum
434 1771 558 1804 statu
579 1765 784 1804 breviter
801 1765 1017 1804 scribam.
1038 1764 1214 1815 Quibus
1239 1764 1362 1804 enim
1384 1764 1529 1804 literis
1553 1770 1649 1804 tam
1675 1768 1895 1803 accurate

260 1835 446 1886 scriptis
469 1836 653 1886 assequi
680 1847 868 1886 possem
895 1835 1084 1875 omnino
1113 1841 1162 1874 ut
1190 1835 1419 1886 explicem
1442 1835 1598 1875 omnia
1625 1834 1713 1874 Dei
1736 1833 1898 1885 optimi

259 1905 453 1946 maximi
472 1906 695 1945 beneficia
718 1906 764 1945 in
786 1917 871 1945 nos
893 1905 1007 1945 nihil
1028 1906 1120 1945 tale
1141 1905 1441 1956 promeritos?

341 1977 393 2016 R.
430 1977 478 2017 Ρ.
513 1977 830 2028 Hieronymus
873 1976 1051 2016 Natalis
1090 1982 1219 2016 recta
1256 1976 1346 2016 huc
1382 1976 1511 2016 venit
1546 1976 1838 2015 Barchinone
1866 1974 1897 2025 2;

261 2047 392 2098 cujus
413 2048 656 2095 adventus,
682 2047 873 2098 perinde
896 2059 951 2087 ac
972 2047 1142 2098 debuit,
1167 2046 1252 2086 fuit
1281 2047 1493 2086 omnibus
1517 2046 1894 2098 Jucundissimus.

261 2119 499 2170 Exceptus
534 2124 602 2158 est
638 2130 664 2157 a
699 2129 811 2168 rege
848 2124 986 2169 atque
1021 2117 1119 2169 ejus
1154 2117 1376 2157 fratribus
1407 2116 1420 2135 ³
1450 2118 1554 2168 pari
1588 2117 1893 2157 humanitate.

260 2189 491 2230 Videntur
513 2189 636 2229 enim
658 2189 704 2228 hi
725 2188 872 2228 nostri
902 2188 1137 2239 principes
1159 2188 1214 2228 de
1246 2187 1462 2239 augenda
1485 2188 1789 2239 ornandaque
1812 2186 1892 2227 So·

264 2260 445 2310 cietate,
472 2272 578 2300 cum
597 2270 771 2309 magna
793 2259 939 2299 divini
960 2258 1160 2298 nominis
1180 2259 1346 2309 gloria,
1371 2259 1491 2298 inter
1513 2270 1562 2298 se
1585 2264 1779 2298 certare.

343 2331 454 2371 Post
489 2331 664 2381 aliquot
700 2329 798 2370 dies
832 2329 1081 2370 Societatis
1121 2329 1492 2379 constitutiones,
1536 2340 1654 2380 quae
1689 2335 1785 2368 tam
1819 2328 1896 2368 diu

262 2409 451 2453 tamque
478 2401 779 2441 vehementer
809 2401 866 2440 ab
894 2401 1108 2440 omnibus
1132 2401 1520 2452 expectabantur,
1551 2400 1775 2440 fratribus
1796 2410 1895 2439 coe-

262 2473 328 2525 pit
349 2472 471 2512 idem
498 2481 753 2523 exponere3
778 2472 825 2511 in
852 2483 943 2523 qua
969 2483 1019 2511 re
1047 2470 1238 2522 duplex,
1269 2477 1408 2522 atque
1438 2477 1630 2522 uterque
1655 2483 1772 2522 pene
1793 2481 1894 2521 par,

262 2544 413 2583 inerat
432 2543 634 2593 fructus,
659 2549 757 2582 tum
778 2542 902 2594 quod
928 2541 1098 2582 fratres
1126 2553 1301 2592 omnes,
1332 2541 1454 2593 quod
1486 2542 1671 2592 quidem
1704 2552 1896 2581 cernere

262 2614 398 2654 facile
420 2620 541 2665 erat,
566 2626 623 2654 ex
646 2625 807 2653 eorum
828 2613 1068 2664 diligentia
1091 2619 1228 2665 atque
1248 2613 1435 2653 fervore
1456 2624 1626 2663 novos,
1655 2611 1898 2652 audiendis

318 2749 327 2768 ¹
368 2749 596 2783 Autographa
611 2749 766 2783 exempla
782 2748 862 2775 bina
877 2751 954 2775 sunt
969 2748 1092 2775 harum
1107 2748 1313 2781 litterarum;
1329 2755 1431 2774 unum
1446 2747 1478 2774 in
1493 2747 1571 2774 folio
1587 2746 1710 2781 duplici
1725 2746 1825 2773 nullis
1838 2753 1895 2772 nu-

264 2796 366 2822 meris
382 2796 552 2828 distincto,
574 2795 632 2822 sed
657 2795 705 2822 ita
730 2795 887 2822 attritum
910 2799 946 2822 ut
967 2802 1092 2829 magna
1117 2798 1216 2828 parte
1239 2794 1451 2821 desideretur
1472 2794 1594 2821 charta
1618 2798 1651 2821 et
1673 2801 1758 2828 quae
1779 2793 1811 2820 in
1827 2793 1899 2827 eJ‘us

264 2844 427 2870 extremis
443 2843 510 2870 oris
526 2843 657 2877 scripta
673 2846 782 2876 erant;
798 2843 946 2870 alterum
961 2843 1131 2876 integrum
1146 2842 1179 2869 in
1195 2842 1274 2869 folio
1288 2841 1369 2869 item
1384 2841 1520 2875 duplici,
1535 2849 1589 2868 nn.
1603 2841 1657 2869 538
1670 2845 1704 2868 ct
1717 2840 1779 2868 539.

322 2890 335 2908 2
373 2890 460 2916 Vide
479 2894 592 2917 tamen
608 2897 693 2924 quae
709 2890 748 2916 de
765 2890 836 2924 ejus
861 2890 982 2917 itinere
1005 2889 1252 2923 Portugalliam
1273 2896 1394 2916 versus
1414 2893 1535 2916 narrat
1557 2889 1731 2915 POLANCUS
1746 2888 1779 2915 in
1798 2887 1898 2914 Chro-

266 2937 354 2968 nico,
369 2940 391 2964 t,
409 2944 457 2965 111.

319 2984 332 3003 ⁵
369 2983 516 3016 Joannes
530 2984 577 3011 III
593 2987 626 3011 et
642 2984 713 3018 ejus
729 2984 856 3011 fratres
871 2983 1038 3011 Henricus
1053 2987 1087 3011 et
1100 2983 1304 3010 Ludovicus.
