2080 3392
868 178 948 214 Ax.
980 176 1071 213 1553
1712 168 1777 205 251

136 279 232 320 trix
255 278 520 318 animarum
539 282 679 328 atque
702 275 929 328 plurimas
950 279 1194 313 matronas
1212 271 1338 323 capit
1356 282 1410 310 ac
1428 270 1474 310 in
1492 270 1666 311 Christi
1690 267 1781 307 Do-

136 350 250 391 mini
275 355 374 389 rete
401 348 591 389 inducit.
621 347 743 388 Huic
771 354 872 387 erat
899 345 1090 395 ancilla,
1122 344 1197 383 cui
1225 343 1412 394 quidem
1446 342 1559 382 nihil
1586 349 1682 382 tam
1710 354 1782 382 ai·-

139 422 282 462 duum
298 426 343 460 et
360 421 608 460 molestum
625 426 725 458 erat
742 429 883 469 quam
900 417 1249 467 eleemosynam
1267 414 1460 464 elargiri
1477 414 1777 465 pauperibus,

139 492 354 545 quamvis
375 492 421 531 id
443 502 584 542 agere
606 490 693 530 sibi
713 489 834 529 foret
859 487 1219 539 praescriptum.
1249 486 1313 526 At
1340 484 1478 525 modo
1507 492 1633 526 certe
1664 485 1783 526 adeo

137 569 318 604 mutata
335 570 419 613 est,
441 568 485 602 et
502 561 628 601 omni
645 560 789 600 animi
805 559 1042 611 pravitate
1059 564 1214 608 exuta,
1230 564 1279 597 ut
1297 557 1409 597 illud
1426 568 1570 597 unum
1593 562 1783 608 expetat

138 642 182 676 et
202 634 495 687 propositum
515 633 635 672 inter
656 637 844 671 caetera
865 630 1056 678 habeat,
1080 629 1198 668 bene
1216 629 1386 668 mereri
1404 628 1459 668 de
1477 628 1778 679 pauperibus,

138 707 296 758 eisque
318 705 444 745 omni
466 704 696 744 charitate
718 702 963 742 inservire.
988 700 1182 740 Necnon
1203 700 1393 739 assidua
1413 699 1710 739 confessione
1727 711 1784 739 ac

140 789 254 817 vero
273 777 550 828 angelorum
567 786 688 826 pane
700 773 1017 814 inflammatur
1030 770 1089 811 ad
1102 771 1290 822 pietatis
1304 770 1474 810 studia.
1492 770 1782 811 Commemo-

140 856 270 889 ratus
292 849 404 888 item
424 846 761 899 paterfamilias
782 843 1122 884 studiosissime
1144 842 1342 882 inservit
1364 842 1687 892 proximorum
1711 854 1783 882 sa-

139 921 235 960 luti.
259 918 379 960 Nam
401 925 530 959 arcet
551 917 763 957 homines
785 916 1011 967 cuiusque
1033 913 1210 954 ordinis
1232 913 1289 953 ab
1312 913 1437 952 omni
1468 913 1786 964 improbitate,

138 991 364 1042 nobisque
388 989 577 1030 adducit
598 987 658 1028 ad
679 987 989 1028 confessionis
1011 986 1197 1036 asylum
1217 990 1263 1024 et
1286 984 1432 1024 vitam
1454 984 1783 1024 christianam.

138 1063 214 1103 Ad
236 1064 352 1102 haec
379 1072 466 1101 nos
496 1067 740 1111 tantopere
770 1058 921 1109 diligit
953 1057 1215 1107 charosque
1243 1056 1404 1101 habet,
1436 1062 1485 1094 ut
1513 1067 1675 1107 parem
1707 1062 1788 1095 aut

141 1134 261 1174 forte
296 1133 525 1173 maiorem
560 1131 794 1171 rationem
828 1141 987 1169 rerum
1021 1134 1291 1168 nostrarum
1327 1127 1498 1166 habeat
1535 1138 1676 1177 quam
1705 1138 1791 1166 nos

143 1206 246 1257 ipsi.
270 1204 321 1245 In
342 1216 430 1244 nos
453 1204 594 1243 etiam
614 1213 789 1253 magna
821 1201 1003 1241 confert
1029 1199 1278 1249 beneficia,
1312 1205 1355 1239 et
1383 1199 1430 1238 in
1462 1199 1624 1249 primis
1654 1198 1791 1238 vehe-

143 1282 322 1317 menter
343 1274 581 1316 contendit
603 1274 737 1314 nobis
759 1285 928 1325 parare
951 1273 1107 1312 locum
1128 1278 1288 1322 aptum
1311 1271 1500 1318 scholis,
1526 1269 1664 1322 idque
1684 1282 1790 1321 pro-

142 1348 264 1388 fecto
287 1348 413 1387 omni
434 1359 518 1386 sua
541 1358 628 1397 ope
650 1351 848 1385 conatus
869 1350 953 1383 est.
977 1342 1104 1382 Idem
1119 1342 1205 1382 fuit
1223 1342 1408 1387 author,
1432 1348 1480 1381 ut
1497 1341 1608 1381 Dux
1624 1341 1789 1381 Ferra-

142 1420 239 1460 riae
261 1419 485 1459 adiiceret
508 1417 849 1469 quinquaginta
873 1426 1043 1455 aureos
1073 1413 1324 1465 quotannis
1352 1413 1460 1453 huic
1489 1413 1712 1464 collegi03
1747 1420 1792 1452 et

144 1492 251 1532 licet
272 1490 319 1531 id
340 1491 592 1542 impetratu
614 1488 751 1528 facile
773 1493 911 1537 esset,
936 1486 1106 1538 quippe
1129 1497 1235 1525 cum
1255 1484 1387 1525 Duce
1408 1484 1656 1524 Ferrariae
1675 1484 1794 1524 bene

146 1562 341 1602 affectus
363 1568 485 1601 esset
507 1571 621 1611 erga
652 1559 959 1609 Societatem,
984 1564 1142 1598 tamen
1164 1557 1210 1596 in
1238 1557 1328 1596 hac
1352 1568 1400 1596 re
1422 1556 1628 1596 cernitur
1651 1567 1792 1595 verus

143 1645 275 1674 amor
292 1639 335 1673 et
352 1632 580 1673 industria
597 1631 734 1671 huius
754 1629 857 1681 viri,
878 1629 1144 1669 cuisumme
1162 1639 1322 1668 sumus
1341 1627 1563 1667 devincti.
1584 1626 1641 1666 D.
1664 1626 1793 1666 Deus

145 1717 230 1757 pro
252 1711 319 1745 tot
343 1696 577 1755 tantisque
600 1703 647 1743 in
667 1714 754 1742 nos
777 1700 955 1741 meritis
976 1700 1181 1750 gratiam
1204 1699 1391 1739 referat.

224 1776 492 1817 Cernuntur
519 1781 563 1814 et
590 1773 817 1814 beneficia
845 1772 992 1813 divini
1020 1771 1212 1823 spiritus
1240 1770 1288 1810 in
1319 1770 1614 1810 multitudine
1645 1769 1793 1808 cuius-

145 1859 232 1898 que
254 1853 419 1897 status‚
444 1847 524 1898 qui
539 1846 678 1886 modo
700 1844 943 1885 salutifera
966 1841 1276 1883 confessionis
1298 1848 1343 1881 et
1371 1840 1698 1880 Eucharistiae
1722 1851 1792 1879 sa-

146 1924 388 1958 cramenta
411 1918 663 1967 celebrant,
688 1915 812 1968 quod
833 1915 1020 1967 quidem
1037 1913 1263 1965 incipere.
1290 1913 1348 1952 ob
1370 1912 1529 1952 mundi
1550 1911 1793 1963 pudorem.

145 1989 283 2030 valde
299 1989 384 2029 fuit
406 1989 604 2029 arduum
622 1994 665 2028 et
682 1986 880 2027 difficile.
900 1986 965 2026 At
983 1984 1206 2037 quicquid
1222 1984 1410 2024 divinus
1433 1983 1623 2034 spiritus
1647 1981 1790 2027 afflat,

145 2062 252 2101 inde
276 2068 466 2112 repente
488 2060 616 2111 pellit
642 2070 829 2099 omnem
857 2058 1071 2098 timorem
1099 2057 1314 2096 inanem:
1345 2066 1604 2094 concursus
1635 2054 1793 2105 itaque

149 2133 402 2182 hominum,
428 2131 597 2183 quibus
626 2130 853 2181 quotidie,
888 2128 1060 2169 nedum
1089 2127 1251 2167 diebus
1282 2126 1434 2176 festis,
1468 2132 1633 2165 sancta
1663 2125 1794 2165 mini-

153 2210 365 2244 strantur
386 2209 698 2251 sacramenta,
720 2207 879 2241 tantus
897 2207 982 2252 est,
1002 2206 1052 2240 ut
1070 2200 1125 2240 iis
1144 2198 1419 2239 satisfacere
1435 2209 1528 2237 non
1544 2197 1792 2249 possimus.

153 2275 307 2326 Atque
348 2275 386 2315 si
421 2274 467 2314 in
505 2273 871 2325 quadragesima
908 2273 1173 2323 complures
1208 2270 1405 2310 fuissent
1426 2302 1433 2319 ,
1472 2276 1658 2320 praeter
1693 2280 1795 2318 nos,

151 2346 443 2396 sacerdotes,
468 2345 545 2397 qui
566 2345 655 2384 hoc
684 2344 995 2384 confessionis
1012 2353 1187 2383 munus
1208 2342 1433 2390 subirent,
1458 2352 1512 2380 eo
1542 2351 1656 2379 sane
1686 2338 1794 2378 fuis-

152 2424 255 2458 sent
278 2416 476 2468 singulis
498 2416 661 2456 diebus
683 2416 797 2455 satis
826 2414 1060 2466 occupati.
1090 2413 1211 2454 Nam
1241 2418 1373 2452 tanta
1401 2418 1502 2451 erat
1531 2410 1796 2462 frequentia

152 2499 329 2538 eorum,
354 2487 433 2539 qui
453 2487 513 2527 ad
534 2486 880 2526 confessionem
906 2485 1198 2535 advenirent,
1223 2492 1272 2524 ut
1301 2484 1383 2523 vix
1411 2482 1630 2522 Patribus
1656 2493 1795 2521 vaca-

150 2566 220 2600 ret
241 2571 425 2599 sumere
446 2559 715 2598 necessaria
737 2558 939 2610 corpori,
965 2569 1020 2597 ac
1037 2557 1169 2597 multi
1191 2562 1474 2606 cogerentur
1491 2553 1668 2594 reverti
1690 2565 1796 2593 cum

151 2645 177 2672 a
201 2631 416 2672 Patribus
438 2630 589 2670 audiri
615 2641 711 2669 non
737 2636 942 2681 possent.
974 2628 1129 2680 Atque
1157 2640 1215 2668 ex
1240 2628 1334 2677 his,
1365 2626 1443 2677 qui
1471 2638 1498 2665 a
1525 2625 1658 2665 nobis
1689 2632 1799 2665 sunt

151 2703 311 2754 auditi,
348 2702 536 2742 fuerunt
572 2701 785 2741 homines
819 2701 1037 2741 honorati
1073 2712 1127 2740 ac
1164 2700 1210 2739 in
1240 2698 1412 2739 mundo
1449 2697 1642 2747 nobiles,
1676 2697 1800 2737 inter

153 2786 269 2826 quos
291 2773 513 2814 Vicarius
533 2773 770 2824 Episcopi,
790 2772 869 2823 qui
886 2771 945 2812 ad
960 2784 1046 2812 nos
1063 2783 1203 2823 saepe
1220 2770 1375 2822 gratia
1393 2768 1703 2809 confessionis
1721 2780 1797 2807 ve-

152 2846 234 2886 nit.
251 2845 458 2896 Plurimi,
476 2856 592 2896 quos
605 2844 792 2896 quidem
810 2843 1126 2883 conscientiae
1140 2841 1381 2882 maleficiis
1398 2840 1600 2880 refertae
1618 2840 1798 2880 crucia-

153 2918 280 2963 bant,
319 2927 531 2967 quaeque
565 2915 712 2955 hostis
740 2913 906 2954 fraude
928 2926 1021 2954 non
1043 2919 1327 2953 exoneratae
1356 2911 1542 2951 fuerant
1573 2922 1798 2962 unquam,

155 2988 279 3039 apud
300 2999 386 3027 nos
406 2987 616 3038 generali
638 2985 932 3026 confessione
955 2985 1190 3035 confecta,
1216 2995 1271 3024 ac
1294 2983 1450 3023 multis
1473 2982 1645 3023 doloris
1669 2989 1712 3022 et
1735 2982 1800 3021 lu-
