2080 3392
326 241 377 278 30
840 241 1065 278 LITTERAE
1091 251 1449 284 QUADRIMESTRES

328 338 545 388 quamvis
574 337 823 377 multorum
859 337 1135 377 audiverint.
1170 336 1279 387 Egit
1309 335 1447 377 Pater
1478 343 1527 377 ut
1555 349 1614 378 ex
1641 338 1743 378 aliis
1774 351 1959 391 quoque

329 407 630 458 religionibus
651 408 824 459 aliquot
854 407 1122 447 sacerdotes
1151 407 1462 458 mitterentur,
1493 408 1616 458 quod
1646 420 1753 449 cum
1780 409 1958 450 factum

300 506 303 508 -
328 477 513 527 fuisset,
534 477 630 517 fere
651 489 811 518 omnes
833 478 1082 528 carcerati,
1117 478 1194 529 qui
1225 489 1337 517 sane
1362 478 1495 518 multi
1524 485 1677 530 erant,
1705 479 1957 531 jubilaeum

329 555 624 599 acceperunt.

407 619 510 659 Non
540 619 913 659 commemorabo
943 619 1177 670 virgines,
1216 630 1335 670 quae
1368 618 1440 659 his
1475 619 1636 659 diebus
1666 620 1767 660 Deo
1803 633 1852 661 se
1881 622 1954 662 de-

327 695 573 729 voverunt.
615 690 767 729 Taceo
808 696 919 741 quot
958 689 1163 730 confessi
1204 689 1395 741 fuerint,
1437 690 1516 741 qui
1561 702 1588 730 a
1625 692 1783 732 multis
1822 693 1956 732 annis

319 759 418 810 jam
444 772 536 799 non
563 760 913 800 confitebantur.
950 760 1083 800 Multi
1112 772 1294 812 quoque
1327 761 1557 801 accedunt
1587 767 1637 801 ut
1669 762 1717 801 in
1745 769 1955 803 nostram

326 831 598 881 religionem
618 831 918 883 recipiantur,
955 842 1071 882 quos
1093 837 1141 871 ut
1162 843 1256 871 non
1284 831 1540 883 rejicimus,
1566 832 1628 871 ita
1650 843 1737 872 nec
1758 833 1954 873 admitti-

327 912 452 951 mus;
493 901 574 941 sed
608 902 715 952 quid
749 902 942 953 quisque
978 902 1134 942 valeat
1170 902 1542 953 considerantes,
1585 914 1700 954 quos
1742 904 1956 944 meliores

316 970 708 1023 judicaverimus,
733 984 838 1012 cum
866 972 1073 1022 licuerit,
1109 973 1371 1023 cogitamus
1401 973 1631 1024 recipere,
1662 974 1808 1014 satius
1838 975 1956 1015 arbi-

326 1043 435 1082 trati
460 1043 592 1082 bonis
624 1055 762 1093 quam
791 1044 945 1083 multis
973 1043 1235 1083 abundare:
1266 1055 1356 1095 qua
1386 1044 1433 1084 in
1467 1056 1516 1084 re
1545 1044 1786 1096 hucusque
1817 1046 1954 1097 pluri-

326 1124 452 1152 mum
472 1114 605 1153 nobis
626 1114 753 1153 Deus
773 1114 948 1154 favisse
976 1114 1174 1165 videtur,
1210 1120 1259 1154 ut
1288 1115 1520 1155 neminem
1547 1115 1699 1155 adhuc
1729 1118 1953 1168 receperi-

326 1195 449 1233 mus,
496 1196 632 1235 quem
671 1185 905 1236 recepisse
952 1196 1232 1236 quemquam
1273 1192 1485 1227 nostrum
1530 1194 1655 1226 certe
1700 1189 1950 1238 poeniteat.

326 1253 497 1294 Omnes
527 1256 672 1306 enim,
703 1256 778 1306 qui
806 1256 1012 1306 student,
1044 1256 1091 1295 in
1118 1256 1283 1307 spiritu
1314 1263 1358 1296 et
1387 1257 1552 1297 litteris
1580 1258 1852 1310 proficiunt;
1886 1272 1954 1299 re-

324 1325 436 1376 liqui
473 1337 557 1365 suo
604 1326 775 1377 quique
817 1326 1020 1376 muneri,
1063 1325 1263 1377 Spiritus
1297 1325 1456 1367 Sancti
1490 1328 1665 1378 gratia,
1707 1329 1954 1379 diligenter

325 1395 630 1437 satisfaciunt.
662 1396 764 1436 Non
789 1397 992 1436 scribam
1026 1396 1074 1436 P.
1110 1397 1161 1436 T.
1196 1408 1336 1449 quam
1370 1398 1444 1438 hic
1478 1398 1745 1450 frequentes
1772 1401 1864 1440 sint
1893 1401 1952 1441 ad

322 1466 586 1516 conciones,
610 1479 727 1517 quae
749 1467 909 1506 diebus
930 1467 1059 1507 festis
1080 1474 1124 1507 et
1146 1468 1406 1519 dominicis,
1430 1477 1475 1508 et
1495 1470 1718 1510 lectiones
1737 1471 1949 1522 Evange-

324 1537 371 1576 lii
400 1536 510 1577 Divi
537 1537 781 1587 Matthaei,
806 1550 924 1589 quae
946 1539 1143 1589 singulis
1166 1539 1328 1578 diebus
1350 1540 1536 1580 veneris
1566 1541 1614 1580 in
1640 1548 1801 1581 nostro
1826 1541 1952 1593 [tem-

324 1606 415 1659 plo]
438 1608 599 1648 haberi
621 1610 784 1648 solent.
811 1608 1002 1659 Quoties
1024 1615 1179 1649 autem
1202 1610 1330 1649 viros
1351 1616 1395 1650 et
1416 1611 1634 1651 mulieres
1654 1611 1817 1652 videas
1845 1613 1951 1653 effu—

322 1678 386 1717 sis
407 1679 662 1730 lachrymis
692 1691 872 1719 summa
901 1691 1006 1719 cum
1034 1679 1282 1720 devotione
1311 1681 1550 1732 suscipere
1577 1681 1951 1724 Sacramentum!

322 1748 424 1798 Qua
456 1749 503 1788 in
529 1761 578 1789 re
608 1750 710 1800 quis
740 1761 834 1790 non
861 1750 1065 1800 gaudeat
1102 1756 1145 1790 et
1176 1751 1394 1792 laetetur?
1423 1751 1612 1793 Vacant
1646 1754 1949 1806 orationibus,

320 1819 590 1859 incumbunt
607 1819 814 1871 jejuniis,
837 1832 1068 1872 pauperes
1100 1821 1467 1862 misericorditer
1488 1823 1704 1874 visitant,
1729 1831 1774 1865 et
1795 1837 1888 1877 eos,
1913 1827 1952 1866 si

321 1891 690 1941 aegrotaverint‚
724 1892 1042 1931 amantissime
1079 1898 1305 1943 tractant,
1338 1894 1649 1946 eleemosynis
1686 1896 1949 1948 sublevant3

320 1961 433 2000 nihil
453 1961 649 2012 denique
669 1962 926 2013 refugiunt,
952 1963 1075 2013 quod
1096 1974 1177 2014 per
1200 1975 1280 2003 eos
1300 1963 1401 2004 fieri
1422 1965 1585 2015 possit.

396 2031 465 2071 De
500 2032 664 2071 studiis
698 2032 813 2072 nihil
854 2033 925 2072 his
965 2033 1130 2072 litteris
1171 2044 1337 2085 agam,
1383 2046 1502 2086 quae
1536 2035 1744 2076 nondum
1784 2044 1949 2088 coepta

320 2107 447 2152 sunt,
473 2102 686 2153 quamvis
709 2114 891 2153 semper
913 2103 1085 2154 aliquid
1107 2104 1153 2143 in
1174 2104 1371 2155 singulis
1401 2106 1629 2146 classibus
1657 2108 1826 2148 lectum
1856 2109 1948 2149 fue-

320 2172 392 2211 rit.
429 2172 530 2212 Hoc
565 2179 719 2212 autem
749 2185 870 2213 anno
902 2173 1087 2224 quando
1122 2174 1346 2214 lectiones
1378 2182 1572 2227 coeptae
1601 2177 1791 2229 fuerint,
1825 2181 1950 2231 quod

319 2242 450 2282 brevi
470 2243 565 2292 fiet,
590 2244 686 2283 fore
709 2256 950 2296 speramus
971 2250 1020 2284 ut
1041 2245 1172 2284 multi
1192 2245 1239 2285 in
1259 2245 1496 2297 hebraeis,
1520 2249 1707 2297 graecis
1728 2256 1772 2289 et
1794 2251 1949 2291 latinis

319 2313 484 2353 litteris
505 2315 629 2354 docti
651 2315 867 2354 evadant.
906 2316 1113 2366 Cumque
1142 2316 1229 2355 hoc
1259 2316 1315 2355 de
1343 2317 1445 2356 aliis
1470 2319 1758 2371 pollicemur,
1791 2321 1829 2360 si
1857 2328 1948 2362 stu-

320 2383 521 2435 duerint,
554 2386 754 2425 maxime
790 2387 846 2425 de
874 2386 1142 2426 domesticis
1176 2387 1525 2439 promittemus,
1558 2401 1673 2440 quos
1701 2391 1948 2443 diligenter

320 2455 484 2494 studiis
506 2456 836 2506 invigilaturos
858 2463 986 2496 certo
1009 2458 1197 2497 scimus.

401 2524 490 2565 Sed
516 2527 650 2577 quid?
684 2539 872 2567 mauros
900 2529 1022 2568 enim
1051 2529 1166 2568 duos
1199 2530 1441 2580 praeterii,
1479 2531 1557 2582 qui
1590 2544 1617 2572 a
1647 2532 1852 2584 Prorege
1887 2534 1946 2573 ad

319 2606 404 2634 nos
425 2597 573 2644 missi,
599 2609 703 2637 cum
724 2599 771 2637 in
800 2598 888 2638 fide
917 2604 1140 2650 quantum
1162 2601 1367 2650 oportuit
1398 2602 1595 2642 instituti
1625 2603 1844 2655 fuissent,
1869 2604 1945 2643 ba-

320 2665 479 2715 ptizati
501 2675 626 2707 sunt:
651 2669 706 2708 de
725 2669 889 2720 quibus
911 2670 968 2708 ob
989 2680 1093 2709 eam
1115 2681 1307 2710 causam
1327 2672 1530 2712 maxime
1550 2673 1666 2713 bene
1685 2685 1942 2726 speramuS,

320 2736 442 2785 quod
471 2749 496 2775 a
527 2737 713 2789 Turcis,
746 2751 771 2778 a
802 2740 964 2790 quibus
992 2740 1116 2791 capti
1147 2747 1300 2791 erant,
1326 2742 1385 2782 ad
1412 2754 1497 2782 nos
1526 2750 1574 2783 ut
1596 2744 1946 2794 baptizarentur

314 2805 642 2856 confugerunt.
672 2809 811 2860 idque
840 2810 904 2849 ita
931 2821 1054 2860 esse,
1085 2811 1281 2861 laetitia,
1320 2824 1459 2863 quam
1496 2825 1609 2864 prae
1637 2826 1687 2854 se
1715 2814 1940 2866 ferebant,

320 2878 539 2927 quamdiu
560 2880 681 2929 apud
711 2892 795 2920 nos
816 2881 1022 2931 suerunt,
1047 2888 1205 2932 aperte
1227 2883 1601 2925 demonstrabat:
1625 2892 1669 2925 et
1690 2896 1814 2925 nunc
1835 2898 1942 2938 quo·

320 2958 407 2998 que
428 2947 474 2986 in
500 2948 678 2988 Palatio
700 2962 791 2989 non
812 2952 964 2991 minus
985 2952 1093 2992 laeti
1120 2953 1342 2993 serviunt.
1375 2954 1463 3004 Qui
1492 2954 1600 2995 fecit
1631 2962 1680 2995 ut
1701 2963 1940 2997 converte-

320 3023 498 3068 rentur,
522 3019 585 3057 ita
608 3031 685 3058 eos
707 3022 980 3061 corroboret
1000 3028 1049 3062 ut
1068 3034 1214 3074 usque
1236 3024 1282 3063 in
1304 3023 1440 3064 finem
1462 3033 1778 3075 perseverent.
