2080 3392
854 192 938 230 Ax.
969 194 1059 231 1554
1709 197 1776 234 561

220 287 656 340 Superscmptz‘om‘s
676 289 776 329 loco
797 289 846 329 in
868 294 1042 341 quarta
1057 291 1266 341 pagina:
1294 291 1325 343 †
1351 292 1560 333 Litterae
1592 293 1777 345 quadri·

139 363 350 398 mestres.
376 359 616 400 Florentia
637 360 702 401 20.

220 429 331 469 Alta
353 442 516 470 manet:
537 431 749 484 Januarii
774 433 890 473 15:34.

219 501 282 540 Et
303 501 417 549 alia,
439 503 582 553 qnasi
597 503 833 544 calamum
855 509 1085 545 tentante:
1110 507 1225 546 1554.

222 572 326 612 Glo.

219 643 283 683 Et
303 644 400 683 alia
421 645 618 696 dentque
633 657 648 685 .·
672 647 788 697 1554,
812 647 1055 688 Fiorenza.
1083 648 1137 699 Q.
1161 649 1206 689 S.
1232 649 1459 691 Gennaio.

786 1077 1135 1132 GOLXXVI

210 1302 440 1343 Gerardus
461 1305 676 1353 Lapidius

255 1369 378 1407 Patri
397 1371 567 1419 Ignatio
588 1371 641 1409 de
661 1371 845 1420 Loyola.

300 1436 539 1484 Panormo,
562 1437 609 1474 23
626 1438 827 1484 Januarii
848 1439 940 1477 1554
960 1439 985 1477 ¹.

904 1649 1002 1703 Jhs.

214 1859 379 1900 Gratia
400 1866 445 1901 et
465 1873 574 1913 pax,
600 1868 688 1903 etc.

210 1932 272 1973 Ut
292 1932 530 1973 reddendo
552 1934 784 1975 rationem
806 1942 1020 1977 actorum
1041 1938 1455 1989 quadrimestrium
1477 1939 1528 1980 R.
1554 1940 1602 1980 P.
1626 1940 1678 1981 T.
1703 1953 1773 1981 sa-

130 2003 436 2055 tisfaciamus,
460 2004 682 2046 brevibus
703 2018 940 2058 cognosce
961 2015 1186 2060 quantam
1206 2010 1545 2061 benignitatem
1568 2012 1773 2063 omnipo-

129 2081 232 2115 tens
252 2075 382 2116 Deus
403 2076 499 2116 suis
520 2077 672 2117 servis
694 2084 738 2118 et
760 2090 842 2130 per
865 2079 1051 2120 illorum
1071 2080 1384 2122 ministerium
1413 2084 1614 2123 caeteris
1642 2095 1771 2135 prae-

129 2147 312 2198 stiterit,
337 2159 456 2198 quae
478 2148 666 2199 quidem
687 2161 742 2189 ea
763 2156 834 2190 est
861 2156 910 2190 ut
937 2151 1072 2191 nobis
1102 2152 1290 2203 quidem
1319 2154 1642 2204 congratulari
1671 2167 1772 2206 pos-

127 2218 205 2268 sis,
229 2218 312 2259 sed
331 2219 396 2258 illi
417 2220 605 2259 omnino
628 2219 913 2273 adscribere,
946 2223 1026 2274 qui
1054 2222 1323 2274 hujusmodi
1350 2236 1431 2276 per
1453 2237 1563 2265 suos
1586 2227 1772 2277 operari

128 2289 365 2340 dignatur.

206 2361 336 2400 Haec
357 2367 407 2401 ut
428 2362 590 2402 ordine
612 2375 890 2416 cognoscaS,
915 2377 942 2405 a
959 2365 1228 2407 domesticis
1247 2368 1384 2407 rebus
1402 2368 1638 2419 incipiam,
1659 2379 1769 2420 qua-

125 2443 229 2472 rum
250 2438 295 2472 et
314 2439 478 2473 nostra
500 2440 544 2474 et
564 2440 645 2474 tua
672 2436 878 2477 maxime
904 2437 1114 2478 interest.
1140 2438 1258 2479 Cum
1285 2445 1468 2490 tempus
1489 2439 1772 2479 inchoando-

125 2515 228 2543 rum
245 2504 507 2545 studiorum
523 2512 779 2559 appeteret,
800 2514 1015 2549 curatum
1036 2515 1106 2549 est
1123 2510 1373 2560 diligenter
1389 2517 1439 2550 ut
1457 2511 1607 2551 oratio
1624 2511 1769 2551 latina

124 2575 172 2614 in
192 2582 354 2615 nostro
375 2577 549 2628 templo
570 2577 836 2630 haberetur,
860 2592 952 2631 qua
984 2581 1169 2621 initium
1196 2582 1476 2622 lectionibus
1502 2583 1694 2623 daretur
1727 2589 1771 2623 et

127 2646 186 2686 ad
206 2645 396 2687 easdem
417 2646 676 2688 audiendas
696 2651 829 2690 multi
850 2651 1173 2693 incitarentur.
1204 2652 1338 2704 Quod
1359 2653 1555 2705 factum,
1579 2653 1682 2694 Deo
1702 2653 1768 2694 fa-

124 2723 276 2769 vente,
301 2717 530 2759 foeliciter
551 2721 795 2761 successit.
821 2721 1036 2763 Aderant
1057 2724 1296 2764 auditores
1319 2724 1531 2776 (praeter
1556 2723 1769 2778 frequen-

123 2794 216 2828 tem
255 2789 608 2841 magistratum)
644 2792 776 2832 multi
814 2793 906 2833 Viri
945 2799 990 2833 et
1027 2806 1202 2845 genere
1243 2801 1287 2835 et
1333 2795 1594 2837 eruditione
1635 2809 1768 2849 prae·

123 2860 413 2911 stantissimi,
437 2861 604 2913 quibus
625 2863 840 2903 omnibus
861 2864 1045 2905 abunde
1073 2866 1368 2907 satisfactum
1399 2874 1484 2907 est.
1513 2867 1766 2909 Enimvero

176 2971 187 2990 1
226 2971 313 2999 Bina
328 2977 406 3000 sunt
430 2973 551 3000 harum
574 2974 773 3002 litterarum
794 2976 1015 3010 apographa;
1037 2984 1141 3004 unum
1156 2977 1189 3004 in
1217 2978 1307 3013 folio,
1328 2978 1408 3006 olim
1428 2987 1459 3007 n.
1485 2979 1545 3014 186,
1574 2988 1660 3008 nunc
1685 2988 1768 3008 vero

123 3025 155 3045 n.
173 3018 239 3053 167;
255 3020 404 3048 alterum
418 3021 451 3048 in
467 3021 546 3049 folio
563 3021 623 3050 172.

314 3079 363 3115 Τ.
390 3091 433 3116 11.
1488 3091 1532 3134 36
