2080 3392
246 175 318 212 394
761 173 988 210 LITTERAE
1014 183 1095 215 QUA
1103 182 1369 209 DRIMESTRES

916 621 1203 676 GOXLVI

317 849 367 886 N.

365 914 485 951 Patri
504 914 672 961 Ignatio
694 914 747 951 de
766 914 952 962 Loyola‚

411 979 695 1024 Salmantica,
711 979 734 1015 8
752 977 1024 1026 Septembris
1045 979 1136 1016 1553
1155 978 1180 1014 ¹.

1007 1184 1104 1226 IHS

328 1398 492 1438 Gratia
515 1404 558 1438 et
579 1409 674 1449 pax
694 1397 767 1438 X.i
794 1399 904 1452 Jesu
926 1399 982 1438 sit
1005 1409 1188 1449 semper
1208 1397 1465 1437 nobiscum.
1488 1396 1654 1436 Amen.

324 1468 549 1508 Omnibus
571 1480 687 1520 quae
709 1469 809 1520 hic,
833 1468 882 1509 P.
906 1468 1029 1519 ΚΜ,
1052 1480 1135 1520 per
1156 1468 1396 1520 operarios
1424 1478 1534 1507 suos
1561 1466 1697 1516 (vilia
1727 1465 1871 1506 Colle-

238 1538 305 1589 gii
327 1537 462 1589 hujus
483 1539 817 1590 instrumenta)
847 1539 1003 1579 facere
1034 1539 1268 1589 dignatur,
1302 1539 1638 1578 incrementum
1665 1537 1743 1577 dat
1774 1536 1873 1588 ipse

240 1609 382 1649 Deus.
407 1608 602 1660 Saepius
624 1609 852 1660 siquidem
872 1615 916 1650 et
936 1621 1048 1649 mox
1068 1609 1307 1649 morituris
1327 1614 1514 1660 praesto
1536 1619 1695 1648 sumus
1723 1613 1791 1658 et,
1826 1613 1875 1647 ut

238 1680 426 1719 Christo
465 1680 746 1730 moriantur,
793 1692 887 1720 non
926 1681 1025 1720 sine
1064 1680 1218 1720 fructu
1265 1679 1574 1719 elaboramus.
1624 1678 1873 1729 Nunquam

239 1757 484 1801 praeterea
506 1751 634 1790 deest
656 1751 842 1791 occasio
864 1751 997 1791 nobis
1020 1751 1280 1791 animorum
1308 1750 1522 1790 miserias
1553 1748 1873 1800 spiritualibus

236 1821 514 1861 sublevandi
551 1822 808 1873 colloquiis.
844 1822 902 1862 Et
929 1823 1099 1861 multus
1134 1828 1281 1872 certe,
1318 1827 1414 1861 tam
1443 1820 1577 1860 nobis
1605 1831 1745 1871 quam
1778 1818 1872 1859 Sal-

240 1892 471 1931 manticae
494 1892 692 1942 civitati,
718 1904 843 1932 mere
865 1893 1120 1944 spiritualis
1140 1891 1319 1932 fructus
1340 1899 1425 1940 est,
1449 1902 1554 1931 cum
1575 1891 1622 1930 in
1644 1890 1870 1941 quotidia-

237 1963 309 2002 nis
330 1974 385 2002 ac
406 1963 776 2012 generalioribus
803 1963 1171 2003 confessionibus
1202 1962 1465 2013 audiendis,
1500 1968 1597 2001 tum
1618 1961 1665 2001 in
1686 1973 1871 2001 sacram

235 2033 447 2073 fidelibus
485 2034 830 2074 Eucharistiam
868 2034 1259 2084 administrando,
1296 2034 1524 2084 simulque
1564 2032 1869 2072 christianam

236 2104 500 2144 doctrinam
522 2105 765 2145 dominicis
788 2105 948 2145 diebus
969 2116 996 2144 a
1018 2105 1214 2156 prandio
1235 2103 1570 2156 praelegendo,
1603 2102 1735 2154 cujus
1763 2114 1870 2154 gra—

236 2175 300 2215 tia
329 2182 423 2215 tam
451 2176 581 2215 multi
612 2176 670 2216 ad
698 2187 783 2216 nos
805 2176 1065 2226 confluunt,
1091 2182 1139 2215 ut
1160 2175 1357 2215 ecclesia
1385 2187 1479 2214 non
1509 2185 1671 2214 omnes
1702 2185 1871 2224 capere

238 2246 404 2296 possit;
431 2258 520 2297 quo
542 2246 717 2286 factum
746 2253 834 2297 est,
859 2252 908 2286 ut
930 2258 1034 2286 eam
1066 2245 1351 2297 amplificare
1380 2245 1532 2285 coacti
1559 2245 1718 2284 simus.
1749 2244 1867 2284 Nun-

238 2328 377 2367 quam
414 2317 548 2356 nobis
586 2330 612 2357 a
652 2316 899 2357 Dominica
944 2317 1320 2357 Resurrectionis
1360 2316 1420 2356 ad
1460 2316 1545 2356 hos
1589 2327 1734 2367 usque
1773 2315 1871 2355 dies
1915 2315 1917 2318 '

234 2387 623 2427 scholasticorum
648 2389 806 2439 plures
832 2387 1097 2438 defuerunt,
1128 2388 1225 2439 qui,
1260 2399 1436 2427 novum
1466 2398 1520 2426 ac
1556 2393 1770 2427 sanctum
1804 2386 1866 2426 vi-

237 2458 375 2497 vendi
395 2468 543 2508 genus
565 2459 782 2510 amplecti
815 2459 1076 2510 cupientes,
1108 2458 1424 2510 spiritualibus
1452 2458 1689 2497 exercitiis
1720 2458 1867 2497 multo

235 2539 342 2568 cum
375 2527 528 2568 fructu
569 2535 913 2569 exercerentur.
956 2528 1327 2569 Presbiterorum
1368 2534 1522 2568 autem
1555 2540 1611 2568 ac
1646 2528 1869 2568 nobilium

234 2599 444 2649 quidam,
474 2600 648 2640 sanctis
677 2600 919 2651 colloquiis
949 2600 1159 2650 excitati,
1196 2600 1471 2650 religionem
1507 2605 1613 2639 sunt
1647 2599 1863 2649 ingressi:

236 2669 425 2720 quidam
446 2681 572 2719 vero,
599 2682 653 2710 ac
675 2671 967 2721 potissimum
988 2670 1253 2721 presbiteri,
1278 2676 1457 2710 tantum
1480 2669 1638 2709 divina
1660 2669 1867 2709 bonitate

235 2740 360 2790 apud
394 2752 479 2779 nos
514 2740 834 2791 profecerunt,
871 2747 940 2791 ut,
978 2741 1094 2781 alios
1130 2741 1189 2781 ad
1221 2741 1348 2780 viam
1386 2739 1575 2779 Domini
1609 2739 1864 2779 allicientes

235 2810 470 2861 multoque
504 2811 668 2861 spiritu
702 2811 964 2861 trahentes,
1002 2818 1097 2851 tam
1132 2811 1388 2863 prophanis
1423 2809 1688 2850 hominibus
1727 2821 1866 2861 quam

292 2971 302 2990 ¹
344 2970 607 3004 Apographum,
625 2971 721 2998 unico
737 2971 948 3002 f0110,n.448.
