2080 3392
244 153 318 191 368
763 151 988 188 LITTERAE
1015 161 1373 194 QUADRIMESTRES

327 249 559 290 Antonius
581 248 773 298 Cousin,
798 247 871 287 vir
893 258 1123 287 annorum
1143 247 1311 297 viginti
1332 258 1437 298 sex,
1462 253 1541 287 aut
1562 246 1682 287 forte
1708 247 1879 297 viginti

246 326 445 371 septem,
470 318 524 358 de
547 330 637 370 quo
659 318 801 357 semel
823 317 963 358 etiam
984 317 1043 358 ad
1068 316 1208 357 R.dam
1233 316 1283 357 P.
1314 324 1441 358 tuam
1471 317 1768 369 scripsimus,
1802 318 1881 369 qui

246 401 370 430 anno
393 389 622 440 superiori
649 388 883 428 exercitiis
912 386 1161 428 Societatis
1190 388 1451 437 institutus,
1483 393 1672 428 nostrae
1703 387 1879 439 profes-

244 460 389 500 sionis
410 461 536 510 leges
564 459 694 510 sequi
721 458 1016 509 decreverat,
1048 459 1095 498 in
1125 464 1290 498 sancto
1317 459 1555 510 proposito
1586 464 1878 509 perseverat,

244 531 325 583 qui
347 530 405 570 ad
426 529 760 570 paternitatem
786 536 915 570 tuam
940 529 1203 570 Romanum
1232 530 1319 569 iter
1350 529 1649 580 ingressurus
1676 534 1771 579 est,
1805 513 1880 569 ex-

242 602 364 641 actis
394 601 607 640 omnibus
642 600 861 652 negotiis;
899 611 1009 640 nam
1042 599 1256 640 Lutetiae
1290 600 1533 640 nobiscum
1567 611 1782 650 manere,
1822 600 1879 639 ob

245 672 479 724 legitimas
500 672 730 723 rationes,
757 683 925 723 parum
946 672 1209 711 consultum
1229 671 1316 711 sibi
1336 671 1587 722 persuadet
1609 669 1638 708 ¹.

325 743 561 794 Quantum
581 754 695 782 vero
717 742 777 782 ad
799 742 1123 793 evangelicam
1144 753 1344 782 messem
1371 741 1555 792 attinet,
1585 741 1725 782 Pater
1754 740 1768 760 ²
1797 752 1880 781 suo

244 826 428 865 semper
467 814 655 854 functus
695 820 765 853 est
803 825 995 853 munere
1029 813 1077 852 in
1117 813 1383 863 audiendis,
1427 812 1711 864 quotidianis
1746 824 1877 864 pene,

243 884 615 925 >confessionibus
643 890 686 924 et
716 884 1089 935 frequentatione
1120 883 1425 923 infirmorum.
1464 882 1608 934 Atqui
1638 882 1775 923 modo
1805 895 1878 935 pe-

242 957 329 997 stis
350 969 443 996 non
465 957 567 996 leve
594 956 924 996 detrimentum
953 955 1181 996 fructibus
1212 955 1531 1007 spiritualibus
1560 954 1724 995 adfert.
1761 954 1880 994 Nam

243 1029 303 1068 ob
324 1028 468 1079 pestis
488 1027 751 1078 grassantis
781 1037 957 1078 urgens
983 1027 1261 1078 periculum,
1293 1026 1545 1067 Abbatiam
1576 1025 1621 1066 S.
1656 1025 1880 1066 Germani

241 1111 411 1151 parum
437 1105 587 1139 tutum
615 1105 683 1139 est
710 1098 859 1149 adire,
891 1104 935 1137 et
962 1097 1115 1148 Pater,
1153 1109 1334 1138 summa
1369 1097 1720 1148 observatione,
1759 1096 1876 1137 dele-

244 1178 370 1211 ctum
391 1170 680 1211 infirmorum
701 1169 863 1221 habet,
893 1181 951 1209 ne
980 1181 1029 1209 se
1057 1174 1101 1209 et
1127 1169 1398 1209 universam
1424 1168 1649 1208 familiam
1676 1167 1722 1207 in
1754 1167 1881 1208 vitae

243 1242 496 1282 discrimen
524 1241 739 1282 adducat.
776 1240 1055 1281 Benedictus
1090 1241 1149 1281 sit
1177 1239 1430 1291 Dominus,
1460 1239 1538 1291 qui
1564 1245 1760 1291 paterna
1796 1250 1880 1279 sua

246 1313 495 1354 clementia
515 1324 601 1352 nos
623 1312 831 1363 corripit.

323 1383 649 1424 Reverendiss.
694 1383 954 1435 Episcopus
990 1383 1351 1423 Clarmontanus
1390 1381 1403 1400 ⁵
1442 1381 1707 1422 Dioecesim
1746 1392 1880 1420 suam

240 1456 371 1496 adiit.
385 1455 673 1506 Propensum
686 1466 801 1505 erga
815 1466 901 1494 nos
918 1455 1137 1506 animum,
1158 1454 1540 1494 adversariorum
1555 1453 1740 1492 vinulla
1757 1463 1875 1492 com-

243 1534 442 1578 motum,
473 1538 656 1578 semper
691 1531 849 1566 servat
875 1526 1167 1566 incolumem.
1202 1525 1298 1566 Imo
1328 1524 1581 1566 ardentiori
1602 1524 1767 1575 spiritu
1794 1534 1878 1563 nos

242 1598 672 1651 prosequividetur.
691 1596 824 1648 Nam,
844 1603 1172 1649 praeterquam
1189 1597 1313 1649 quod
1329 1597 1531 1646 domum,
1551 1607 1690 1647 quam
1705 1594 1879 1634 inhabi-

241 1676 415 1719 tamus,
441 1669 697 1709 redditibus
724 1669 891 1708 annuis
912 1669 1119 1709 dotatam
1139 1668 1274 1709 nobis
1294 1667 1566 1720 promittere
1587 1671 1873 1718 perseverat,

243 1742 336 1781 iam
357 1741 593 1781 Primores
615 1740 818 1780 civitatis
840 1740 990 1780 Billon
1011 1740 1057 1779 in
1078 1739 1304 1780 Alvernia
1326 1738 1544 1779 convenit
1572 1749 1710 1789 super
1738 1747 1874 1788 nego-

241 1813 307 1852 tio
335 1811 581 1852 Societatis
616 1811 785 1851 ibidem
818 1811 1049 1851 fovendae
1084 1811 1143 1851 ad
1169 1810 1423 1851 iuventutis
1459 1809 1798 1850 institutionem
1833 1815 1876 1848 et

240 1883 523 1923 scholastica
545 1883 928 1932 exercitamenta,
952 1882 1044 1933 qui,
1068 1887 1284 1933 prompto
1308 1881 1479 1931 animo,
1509 1881 1655 1932 ipsius
1682 1879 1877 1919 arbitrio

240 1954 521 2005 suffragium
543 1955 796 1994 contulere.

321 2025 521 2076 Quidam
542 2024 719 2064 Doctor
740 2025 1009 2076 theologus,
1034 2035 1226 2075 praeses
1256 2023 1493 2075 gymnasii
1522 2021 1874 2073 Petragoricen-

240 2097 306 2137 sis
326 2095 355 2147 ¹²,
381 2097 438 2136 ab
460 2096 693 2148 Episcopo
724 2101 768 2136 et
796 2096 976 2136 civibus
1005 2095 1241 2147 primariis
1271 2095 1398 2135 urbis
1427 2094 1760 2145 Petragoricae
1788 2093 1874 2132 ele-

241 2175 364 2216 ctus,
407 2169 527 2207 hanc
562 2168 622 2207 ad
656 2179 740 2207 nos
774 2167 920 2207 literis
954 2167 1108 2207 missis
1149 2167 1434 2217 legationem
1473 2165 1749 2215 destinavit,
1785 2164 1873 2203 hac

241 2239 428 2289 negocii
476 2238 546 2277 sui
591 2244 918 2288 argumentum
968 2238 1308 2277 exclamatione
1363 2248 1586 2277 exorsus:
1646 2235 1873 2275 “Utinam

244 2309 363 2349 Rdus
387 2309 435 2349 P.
472 2308 529 2349 D.
566 2309 775 2360 Ignatius
809 2309 855 2348 in
889 2309 1045 2348 animo
1078 2309 1270 2348 haberet
1305 2308 1533 2360 quosdam
1559 2319 1618 2347 ex
1651 2305 1872 2347 fratribus

242 2381 290 2420 in
323 2380 408 2419 has
441 2380 659 2430 regiones
695 2379 902 2419 mittere!
939 2391 1031 2419 non
1066 2379 1224 2419 dubito
1258 2380 1369 2431 quin
1402 2380 1504 2430 plus
1540 2383 1870 2429 promoverent

241 2452 442 2502 gloriam
475 2450 581 2501 Dei,
611 2462 751 2502 quam
784 2451 832 2490 in
865 2450 1105 2502 quibusvis
1138 2451 1428 2502 regionibus3
1465 2456 1509 2490 et
1535 2450 1624 2490 hoc
1654 2460 1764 2489 vere
1795 2448 1870 2488 ad-

240 2523 370 2563 dam:
404 2524 650 2574 plusquam
671 2522 717 2562 in
738 2522 942 2562 externis
971 2528 1015 2562 et
1043 2521 1210 2562 indicis
1237 2523 1344 2562 oris.
1375 2521 1532 2573 Usque
1560 2521 1675 2561 adeo
1703 2530 1869 2560 nomen

243 2593 345 2643 Dei,
369 2594 520 2632 cultus
542 2599 585 2632 et
607 2593 821 2633 doctrina
849 2593 1049 2644 caligine
1071 2593 1271 2645 quadam
1296 2593 1387 2633 imo
1409 2592 1612 2633 tenebris
1634 2591 1870 2631 obsoleve-

297 2777 306 2796 ¹
348 2777 454 2811 Hujus
466 2778 605 2804 Antonii
619 2777 740 2804 Cousin
753 2781 848 2804 aetas
861 2784 934 2803 cum
946 2780 1060 2803 aetate
1076 2777 1234 2804 convenit
1250 2778 1350 2809 illius,
1363 2784 1460 2811 quem
1472 2777 1651 2811 descripsit
1666 2777 1735 2811 ipse
1752 2775 1870 2811 Clays-

240 2824 355 2851 sonius
370 2831 483 2857 supra,
500 2831 577 2858 pag.
594 2823 644 2850 100
659 2828 690 2850 et
707 2824 768 2850 101.

297 2870 309 2889 Ξ
348 2869 450 2896 Pater
466 2869 671 2897 Paschasius
686 2870 800 2897 Broe‘t.

295 2916 309 2935 5
347 2916 533 2943 Gulielmus
548 2916 590 2942 du
607 2916 699 2943 Prat.

294 2963 309 2983 ⁴
346 2963 431 2990 Vide
449 2963 615 2997 POLANco,
634 2963 835 2996 chronicon,
849 2967 872 2990 t.
888 2971 935 2995 ΙΙΙ,
949 2972 1026 2999 pag.
1040 2964 1102 2999 300,
1119 2970 1232 2993 annot.
1250 2967 1274 2993 1.
