2080 3392
275 181 345 219 (574
786 180 1010 216 L1TTERAE
1037 190 1396 222 QUADRIMESTRES

272 284 315 317 ct
337 277 543 317 modeste
565 288 614 315 se
634 280 802 326 gerunt
824 280 872 315 ut
894 286 1114 325 magnam
1136 275 1545 315 admirabilitatem
1564 275 1740 315 faciant
1757 276 1903 315 incre-

272 348 547 397 dibilemque
569 346 940 386 aedificationem
963 345 1174 385 omnibus
1196 346 1486 396 ingenerent‚
1512 345 1716 385 maxime
1734 345 1806 396 iis,
1826 347 1903 396 qui

271 418 404 457 huius
427 417 630 457 civitatis
651 417 972 467 integritatem
994 428 1048 456 ac
1071 416 1435 456 sanctimoniam
1465 415 1706 455 ardentius
1729 416 1904 456 deside-

271 494 376 527 rant
404 487 671 539 sitiuntque.
703 487 858 527 Antea
888 498 1087 538 namque
1117 486 1233 526 adeo
1262 487 1516 526 turbulenti
1545 493 1699 536 erant,
1732 492 1782 526 ut
1812 486 1905 526 iam

274 559 507 610 proverbii
541 560 692 598 locum
735 558 962 598 obtineret
996 558 1043 597 in
1077 558 1319 598 Lusitania
1341 557 1485 609 filins
1520 556 1900 608 olz’ssiponensz‘s.

273 629 504 669 Proximis
531 629 692 669 diebus
720 640 824 669 cum
854 629 1168 680 alloqueretur
1200 640 1359 679 regem
1386 628 1555 668 nobilis
1587 628 1797 679 quidam,
1831 628 1906 668 cui

270 712 439 739 nomen
460 707 529 739 est
548 699 832 739 Franciscus
849 699 1027 739 Correa
1047 698 1072 748 ¹,
1094 699 1271 739 ordinis
1288 699 1514 739 senatorii
1532 699 1765 750 princeps,
1790 698 1906 738 dixit

271 781 320 810 se
341 782 463 810 nunc
486 782 676 821 sperare
696 781 867 810 nomen
881 769 987 821 filie·
1010 769 1374 820 olz‘sscponensis
1404 781 1598 821 prorsus
1630 781 1732 809 esse
1761 769 1905 809 extin-

270 840 520 891 guendum.
545 841 699 891 Alter,
723 841 801 892 qui
836 841 1022 881 interim
1044 840 1103 880 ad
1124 852 1210 880 nos
1239 841 1391 890 venit,
1423 840 1587 880 solitus
1617 846 1719 880 erat
1749 840 1905 880 dicere

270 912 394 952 domi
427 918 616 952 nostrae
648 918 979 962 recuperatum
1006 922 1108 951 esse
1135 911 1302 961 filiurn,
1339 923 1476 962 quem
1506 917 1645 951 antea
1673 911 1906 962 perditum

270 983 502 1022 credebat.
527 982 642 1023 Sunt
664 983 742 1022 alii
762 994 854 1022 non
882 982 1041 1033 pauci,
1071 983 1148 1033 qui
1176 982 1345 1022 liberos
1366 982 1572 1033 perditos
1594 994 1643 1022 se
1667 981 1907 1022 invenisse

269 1055 588 1103 gratulantur,
621 1065 819 1104 quorum
850 1058 980 1092 tanta
1011 1058 1080 1092 est
1110 1053 1358 1092 admiratio
1392 1053 1618 1104 insperati
1648 1053 1828 1092 fructus
1864 1058 1908 1092 et

270 1124 551 1174 aedificatio,
576 1130 625 1164 ut
646 1124 780 1164 nobis
796 1136 890 1164 non
910 1123 1191 1163 mediocrem
1210 1124 1435 1174 pudorem
1456 1123 1699 1164 incutiant.

351 1195 568 1236 Calendis
601 1195 803 1235 Ianuarii
839 1195 1060 1235 inchoata
1090 1201 1159 1235 est
1179 1195 1375 1234 materia
1398 1194 1453 1234 de
1474 1194 1767 1234 restitutione
1795 1193 1808 1212 ²
1829 1206 1837 1234 ε
1861 1194 1908 1233 in

272 1267 421 1317 prima
440 1267 590 1306 classe
609 1272 802 1317 quartus
821 1266 879 1305 ad
895 1265 1084 1315 Heren.;
1103 1265 1149 1304 in
1166 1265 1371 1305 secunda
1387 1265 1699 1316 grammatica
1715 1274 1904 1316 graeca;

273 1337 394 1389 quod
417 1344 524 1378 ante
544 1337 857 1388 significatum
886 1344 955 1376 est
983 1336 1132 1376 affixis
1161 1336 1337 1376 chartis
1367 1337 1414 1376 in
1443 1336 1590 1376 variis
1620 1336 1735 1376 locis
1762 1335 1907 1375 urbis,

272 1408 568 1449 Concurrunt
604 1408 807 1459 quotidie
842 1408 906 1447 ita
942 1408 1072 1447 multi
1107 1407 1368 1455 auditores,
1402 1413 1451 1447 ut
1488 1419 1634 1458 prope
1669 1407 1909 1446 decretum

268 1479 405 1519 fuerit
424 1491 480 1519 ne
502 1480 659 1530 plures
688 1478 1064 1528 admitterentur,
1088 1478 1211 1529 quod
1233 1478 1479 1518 inferiores
1510 1478 1685 1517 classes
1706 1477 1908 1517 refertae

270 1557 447 1600 essent,
489 1550 754 1601 superiores
791 1561 905 1589 vero
946 1561 1069 1588 nunc
1109 1550 1309 1599 primum
1350 1548 1679 1589 accedentibus
1718 1549 1907 1588 minime

270 1621 526 1672 appositae.
552 1620 686 1671 Quod
708 1632 814 1660 cum
840 1621 1069 1671 perlatum
1097 1627 1218 1659 esset
1246 1620 1305 1659 ad
1328 1618 1445 1659 D.um
1468 1619 1767 1660 Cardinalem
1786 1618 1816 1669 ⁵,
1840 1631 1907 1659 re-

270 1692 454 1743 spondit
476 1692 576 1731 ΚΦ)
597 1691 660 1731 P.i
688 1691 859 1731 Mironi
879 1691 1004 1730 nullo
1027 1697 1164 1742 pacto
1187 1702 1288 1730 esse
1318 1691 1605 1731 faciendum:
1628 1692 1676 1731 in
1697 1702 1789 1742 qua
1810 1702 1910 1730 sen-

268 1763 410 1803 tentia
434 1763 573 1802 etiam
595 1768 836 1814 permanet
859 1763 958 1812 ipse
980 1762 1263 1802 Franciscus
1287 1762 1487 1812 Correa,
1512 1763 1591 1814 qui
1611 1773 1697 1801 nos
1719 1761 1910 1801 mirifice

268 1834 417 1885 diligit
434 1841 476 1874 et
495 1846 612 1886 quae
630 1834 689 1873 ad
707 1845 792 1873 nos
808 1833 1040 1884 pertinere
1058 1834 1327 1883 arbitratur,
1346 1833 1553 1873 studiose
1573 1833 1910 1884 diligenterque

269 1911 415 1962 curat.
445 1906 545 1944 Hoc
580 1905 765 1944 interim
794 1904 946 1954 spatio
978 1904 1139 1944 incidit
1170 1904 1216 1943 in
1245 1904 1457 1943 morbum
1487 1904 1676 1955 quidam
1704 1915 1826 1943 unus
1853 1915 1912 1943 ex

269 1977 521 2027 magistris.
552 1975 799 2016 Caeterum
828 1974 1015 2014 Domini
1046 1986 1271 2014 concessu
1302 1975 1618 2026 beneficioque
1651 1975 1809 2014 oblata
1840 1981 1913 2014 est

269 2048 455 2087 occasio
476 2048 632 2098 plures
654 2046 939 2098 excipiendi,
965 2046 1050 2086 etsi
1072 2046 1113 2085 ei
1141 2046 1328 2085 minime
1360 2046 1419 2099 sit
1441 2057 1712 2085 successum
1734 2044 1761 2085 ⁴.
1786 2045 1907 2085 Nam

269 2118 590 2169 provectiores
620 2118 666 2157 in
700 2118 988 2168 superiorem
1019 2118 1217 2156 classem
1251 2116 1486 2166 abierunt,
1521 2116 1687 2168 reliqui
1720 2117 1767 2156 in
1796 2116 1911 2156 infe-

271 2189 463 2239 riorem,
497 2189 620 2240 quod
650 2189 858 2239 utrisque
894 2187 1010 2227 adeo
1039 2187 1191 2227 visum
1227 2194 1295 2226 est
1327 2187 1580 2227 convenire
1612 2193 1661 2227 ut
1692 2199 1784 2226 non
1815 2187 1911 2227 sint

271 2265 432 2310 postea
465 2260 650 2305 mutati;
686 2266 824 2309 atque
854 2259 920 2298 ita
948 2259 1063 2309 ipsis
1093 2259 1354 2297 consultum
1385 2265 1454 2298 est
1484 2264 1528 2297 et
1558 2259 1689 2298 locus
1717 2258 1910 2298 relictus

274 2336 411 2382 atque
450 2338 728 2382 praeceptor
763 2329 1006 2381 expeditus
1043 2328 1424 2379 ingredientibus.
1462 2328 1578 2369 Sunt
1614 2340 1775 2369 omnes
1808 2328 1906 2368 fere

274 2402 514 2452 quingenti
537 2401 865 2452 quadraginta,
884 2406 1070 2451 praeter
1092 2411 1186 2449 eos,
1210 2400 1287 2451 qui
1309 2406 1458 2440 artem
1479 2400 1595 2440 bene
1617 2399 1869 2440 confitendi
1896 2398 1910 2418 ⁵

275 2483 503 2523 casusque
536 2473 754 2519 audiunt,
792 2471 991 2522 amplius
1026 2471 1239 2521 triginta,
1277 2471 1375 2511 nati
1414 2471 1689 2510 clarissimis
1724 2471 1905 2510 Lusita-

275 2543 402 2592 niae,
426 2549 532 2582 sunt
554 2543 684 2582 multi
711 2548 955 2594 praeterea
976 2553 1068 2581 non
1090 2542 1154 2581 ita
1176 2541 1368 2581 nobiles.
1393 2542 1474 2581 Est
1497 2547 1627 2581 tanta
1655 2542 1773 2581 haec
1796 2541 1909 2580 urbs

332 2704 338 2721 ¹
379 2703 464 2730 Vide
481 2703 628 2730 POLANcl
645 2703 847 2734 chronicon,
863 2706 886 2729 t.
903 2710 949 2735 ιιι,
966 2710 1041 2736 pag.
1056 2702 1108 2728 403
1123 2706 1154 2729 et
1171 2703 1231 2729 43⁴.

326 2750 339 2768 ²
378 2750 575 2777 inchoatam
591 2751 741 2783 intellige
757 2750 855 2784 hujus
870 2750 1034 2776 materiae
1051 2750 1296 2783 expositionem
1312 2750 1344 2777 in
1359 2751 1476 2777 schola
1498 2756 1644 2776 casuum
1666 2749 1902 2776 conscientiae·

283 2807 299 2825 a
318 2799 351 2824 P.
370 2797 551 2825 Francisco
566 2797 769 2831 Rodriguez.

327 2846 340 2864 ³
380 2846 570 2874 Henricum.
585 2844 790 2872 Eborensem
808 2845 1119 2879 archiepiscopum,
1136 2849 1169 2872 et
1185 2844 1419 2879 portugalliae
1435 2844 1637 2878 Principem.

326 2895 340 2913 4
377 2893 480 2920 etsiei
497 2893 629 2923 minime
645 2893 689 2920 sit
710 2900 919 2925 successum,
943 2892 974 2919 id
994 2897 1062 2925 est,
1084 2893 1148 2919 etsi
1171 2893 1366 2926 aegrotanti
1390 2893 1556 2926 magistro
1576 2898 1752 2918 successor
1776 2898 1841 2918 non
1864 2892 1908 2919 sit

277 2941 386 2974 datus,
403 2941 461 2967 sed
476 2942 548 2975 ejus
562 2940 717 2974 discipuli
733 2941 764 2967 in
779 2941 866 2967 alias
881 2940 1017 2967 scholas
1034 2940 1217 2974 dispertiti.

327 2988 341 3008 5
380 2988 518 3015 Rectius
535 2991 649 3015 artem
666 2988 750 3015 bene
767 2988 939 3014 audiendi
953 2995 1015 3014 seu
1031 2988 1233 3021 exciptendi
1248 2988 1497 3021 consessiones,
