2080 3392
810 203 893 240 AN.
925 202 1018 239 1553
1659 201 1729 239 257

89 316 235 356 quam
273 313 465 354 sperare
501 301 810 352 audebamus,
852 301 1136 341 satisfecisse
1176 301 1348 353 populo
1389 301 1729 341 existimamur.

91 374 328 417 Successit
346 373 513 413 deinde
529 371 583 412 R.
603 371 652 412 P.
673 372 731 412 D.
755 372 1073 423 Hieronymus
1091 372 1284 423 Otellus,
1304 372 1382 423 qui
1404 372 1476 412 die
1497 371 1732 422 passionis

94 445 354 487 dominicae
375 444 577 496 primam
598 443 645 483 in
665 443 754 483 hac
777 444 971 483 civitate
989 443 1265 483 concionem
1281 443 1445 483 habuit
1462 442 1587 494 apud
1604 443 1731 483 audi—

94 525 218 558 tores
256 527 349 556 non
389 515 542 555 minus
582 515 752 554 multos
793 526 933 565 quam
973 514 1220 565 diligenter
1260 521 1477 555 attentos.
1526 513 1734 554 Perstitit

95 589 314 639 deinceps
349 597 521 637 magno
556 586 716 637 populi
747 596 981 625 concursu
1016 585 1177 625 diebus
1214 586 1460 626 dominicis
1495 598 1551 626 ac
1585 585 1732 626 festis.

94 659 190 701 Nec
224 664 407 699 tantum
443 657 793 706 concionando,
822 656 904 696 sed
932 656 1130 707 legendo
1159 668 1363 708 quoque,
1396 658 1521 697 fama
1558 657 1658 697 eius
1689 657 1737 696 in

90 731 192 772 dies
213 729 365 780 magis
387 740 442 785 ac
464 728 616 779 magis
638 727 943 767 increbrescit
964 734 1008 766 et
1032 734 1245 778 augetur.
1271 727 1427 778 Quare
1449 739 1623 779 magna
1651 740 1737 768 nos

95 813 200 854 spes
227 808 353 841 tenet
379 799 480 840 fore
510 806 559 839 ut
589 799 795 839 fructum
822 799 1111 838 uberrimum
1140 799 1345 850 colligat.
1380 799 1574 839 Plurimi
1600 799 1736 851 siqui-

95 875 199 915 dem
220 880 359 924 atque
380 884 439 912 ex
460 872 532 911 his
554 877 651 912 tum
675 871 891 911 canonici
913 871 1109 923 aliquot,
1140 876 1239 911 tum
1266 871 1445 911 nobiles
1473 872 1661 922 plurimi
1682 883 1737 911 ac

98 944 326 998 primarii,
352 950 395 984 et
418 944 458 983 si
489 943 568 994 qui
596 949 703 982 sunt
732 942 811 982 alii
838 942 1030 992 eruditi,
1068 942 1127 982 ad
1158 942 1396 993 Epistolae
1427 941 1483 982 D,
1518 942 1650 982 Pauli
1683 942 1742 982 ad

95 1016 320 1068 Ephesios
342 1015 712 1063 enarrationem,
737 1025 877 1065 quam
904 1013 1129 1065 postridie
1158 1014 1521 1053 resurrectionis
1548 1013 1738 1053 Domini

95 1089 145 1129 in
164 1088 336 1139 templo
364 1093 525 1126 nostro
556 1091 624 1125 est
656 1085 950 1136 auspicatus,
983 1084 1144 1124 sedulo
1174 1085 1478 1124 conveniunt.
1507 1084 1736 1133 Breviter,

97 1160 247 1212 placet
278 1157 513 1198 omnibus:
545 1162 589 1196 et
617 1168 643 1196 a
672 1156 821 1196 doctis
847 1156 1025 1208 pariter
1052 1162 1190 1207 atque
1225 1156 1283 1196 ab
1320 1156 1522 1196 indoctis
1549 1162 1742 1207 propter

100 1231 195 1271 eius
216 1228 616 1270 ferventissimum
637 1228 788 1267 zelum
811 1228 1142 1277 attentissime,
1166 1234 1361 1279 propter
1383 1227 1627 1279 copiosam
1643 1239 1738 1267 eru-

102 1302 324 1343 ditionem
346 1300 667 1350 libentissime,
694 1299 895 1339 auditur.
915 1298 1094 1339 Diebus
1114 1298 1299 1339 veneris
1322 1299 1460 1350 duos,
1485 1299 1563 1350 qui
1585 1310 1740 1350 super-

99 1373 251 1424 fuere,
275 1384 299 1412 e
321 1379 502 1423 septem
523 1371 716 1423 psalmis
736 1370 1050 1422 prosequitur.
1076 1369 1369 1410 Concionum
1393 1378 1549 1410 autem
1572 1378 1616 1410 et
1638 1382 1742 1410 con-

102 1444 353 1485 fessionum
400 1443 539 1494 (quae
585 1442 815 1494 plurimae
864 1441 1082 1493 proxima
1128 1442 1494 1493 quadragesima
1539 1442 1741 1491 fuerunt,

104 1516 243 1556 etiam
262 1516 529 1566 generales,
555 1521 599 1554 et
622 1526 746 1553 nunc
774 1525 958 1565 quoque
985 1520 1092 1554 sunt
1114 1525 1258 1565 supra
1280 1514 1326 1554 id
1348 1514 1471 1565 quod
1502 1513 1624 1553 ferre
1656 1513 1746 1554 hoc

104 1595 283 1639 tempus
313 1586 547 1636 videatur)
569 1585 618 1625 hi
637 1585 734 1625 fere
763 1592 870 1625 sunt
900 1584 1096 1625 fructus.
1121 1585 1270 1626 Faces
1301 1586 1528 1638 plurimae
1562 1597 1746 1637 compo-

106 1659 243 1709 sitae,
266 1665 531 1710 pacataque
554 1657 660 1697 odia
683 1663 780 1696 tum
801 1657 970 1708 gravia
993 1663 1093 1697 tum
1110 1657 1315 1697 maxime
1346 1658 1587 1704 diuturnam
1627 1668 1747 1708 quae

106 1731 183 1783 qui
216 1730 553 1781 deposuerunt,
592 1740 765 1779 magna
801 1741 859 1768 ex
893 1735 1026 1780 parte
1061 1730 1252 1769 veniam
1289 1729 1345 1769 ab
1381 1729 1585 1768 mimicis
1618 1728 1626 1746 ¹
1657 1729 1748 1780 ipsi

111 1801 313 1842 lacessiti
339 1807 584 1851 rogarunt.

185 1872 272 1913 Hic
289 1884 376 1922 me,
398 1871 1097 1924 quantumlibetproperantem,
1112 1879 1377 1912 remoratur
1390 1873 1598 1913 mulieris
1614 1872 1752 1912 unius

108 1944 301 1995 dictum,
327 1956 417 1995 quo
440 1944 694 1983 multorum
714 1943 924 1982 virorum
944 1943 1168 1984 virtutem
1190 1955 1440 1995 superasse
1462 1944 1628 1984 merito
1648 1955 1750 1983 cen-

112 2021 281 2056 seatur.
318 2015 438 2055 Huic
469 2026 574 2054 cum
603 2014 742 2054 Pater
775 2014 941 2054 fuisset
970 2014 1178 2065 occisus,
1211 2016 1337 2055 nulla
1366 2017 1548 2056 ratione
1583 2015 1754 2056 adduci

111 2092 313 2138 poterat,
350 2092 398 2126 ut
426 2086 651 2126 facinoris
679 2085 958 2126 authoribus
986 2086 1281 2137 ignosceret:
1312 2087 1471 2127 audita
1500 2100 1614 2128 vero
1645 2099 1752 2139 qua—

112 2156 218 2197 dam
238 2157 311 2198 die
332 2157 405 2197 DJ
434 2157 712 2208 Hieronymi
734 2157 983 2209 concione,
1008 2169 1154 2197 unum
1175 2170 1199 2198 e
1221 2157 1275 2198 R.
1300 2157 1350 2198 P.
1380 2159 1553 2199 nostris
1575 2158 1753 2209 adiens,

114 2229 267 2269 animo
288 2229 426 2269 valde
448 2236 703 2278 commota,
730 2228 851 2268 inter
871 2228 1206 2269 confitendum:
1238 2229 1365 2270 Scito
1395 2230 1574 2282 (inquit)
1597 2230 1635 2270 si
1656 2242 1754 2282 pre-

116 2300 178 2340 tio
199 2300 321 2341 istud
351 2300 694 2340 conficiendum
722 2300 906 2351 fuisset,
931 2313 989 2341 ne
1011 2313 1174 2341 arcam
1204 2302 1393 2353 quidem
1421 2314 1535 2342 auro
1571 2303 1758 2352 plenam

117 2371 323 2412 sufficere
344 2372 574 2423 potuisse;
605 2383 765 2411 amore
793 2380 951 2412 autem
979 2372 1038 2413 dfi
1066 2373 1126 2412 n.i
1161 2372 1263 2413 Iesu
1297 2373 1427 2425 XpL,
1461 2373 1683 2425 quicquid
1710 2373 1756 2413 in

114 2453 188 2482 me
208 2448 276 2482 est
298 2443 616 2492 commissum,
640 2443 944 2483 libentissime
967 2444 1169 2484 remitto.
1199 2444 1557 2484 Intervenerant
1584 2451 1754 2494 autem,

117 2519 165 2553 ut
192 2513 283 2554 hoc
311 2514 546 2566 sopiretur
577 2514 754 2565 odium,
792 2515 935 2554 totius
971 2515 1099 2555 urbis
1133 2516 1378 2567 primates,
1417 2528 1564 2567 neque
1601 2523 1758 2556 tamen

113 2584 364 2636 quicquam
384 2585 696 2637 profecerant.
722 2585 813 2625 Sed
835 2597 1088 2637 pergamus
1109 2586 1170 2626 ad
1191 2587 1298 2626 alia.

196 2655 434 2707 Nonnulli,
472 2657 691 2708 coniugio
725 2658 954 2709 copulati,
987 2669 1094 2698 cum
1129 2657 1397 2698 domesticis
1428 2658 1634 2699 dissidiis
1663 2670 1757 2699 mu-

115 2727 298 2778 tuisque
328 2728 444 2768 odiis
475 2728 754 2778 flagrarent,
787 2728 991 2769 invicem
1022 2737 1129 2769 sunt
1161 2729 1472 2779 reconciliati3
1506 2741 1565 2770 ex
1593 2730 1761 2782 quibus

122 2797 262 2849 aliqui
291 2799 446 2839 multis
476 2800 571 2839 iam
605 2800 741 2839 annis
776 2800 975 2840 seiuncti
1011 2800 1243 2840 vixerant.
1284 2800 1387 2841 Una
1418 2802 1561 2841 etiam
1595 2802 1752 2842 mulie1

121 2879 301 2909 veneno
338 2871 557 2910 maritum
592 2870 649 2910 de
684 2871 836 2911 medio
868 2871 1030 2911 tollere
1065 2878 1346 2911 tentaverat.
1380 2871 1471 2913 Sed
1506 2879 1555 2912 ut
1592 2873 1760 2913 horum

182 3028 190 3046 ¹
230 3027 402 3056 Hostibus
413 3030 601 3064 scripserat
618 3029 741 3057 Vinck.

316 3088 367 3126 T.
388 3101 428 3124 ιι.
1510 3101 1548 3136 17
