2080 3392
316 157 385 192 710
826 155 1052 191 LITTERAE
1078 162 1435 196 QUADRIMESTRES

317 258 399 301 est,
434 251 725 299 Catanensis‚
759 250 1114 299 extructionem,
1145 248 1397 299 impetrare
1423 248 1593 287 obnixe
1624 249 1856 288 contendit
1884 250 1940 288 ab

321 323 603 372 Imperatore
633 321 949 372 pientissimus
972 319 1170 369 Prorex,
1201 318 1351 369 Vega.
1377 318 1465 368 Qui
1494 318 1533 357 si
1561 318 1783 369 effecerit,
1821 320 1944 370 quod

318 392 503 443 quidem
521 391 659 431 facile
683 396 855 442 sperat,
880 390 1159 442 praesertim
1182 401 1288 428 cum
1318 400 1372 428 ea
1394 399 1715 439 possessorem
1737 401 1764 428 a
1785 389 1944 430 diebus

319 463 495 513 aliquot
515 473 609 501 non
630 462 814 511 habeat,
841 460 1002 500 statuit
1025 472 1082 499 ex
1105 459 1203 511 ejus
1224 459 1449 499 reditibus
1470 459 1594 499 mille
1624 470 1792 499 aureos
1814 471 1941 499 coro—

318 538 453 573 natos
475 543 656 571 annuos
684 531 971 571 Messanensi
1005 530 1217 580 Collegio
1247 529 1490 580 impartiri,
1522 530 1801 580 quingentos
1831 542 1944 570 vero

319 604 402 652 (tot
423 603 546 643 enim
572 608 832 654 proventus
854 602 1021 642 afferre
1050 601 1298 652 quotannis
1330 601 1511 650 dicitur,
1536 601 1623 640 hoc
1651 607 1720 640 est
1751 600 1852 640 1500
1872 613 1943 640 co-

319 674 624 723 ronatorum),
654 674 826 724 partim
855 672 1107 713 Catanensi
1135 672 1344 722 Collegio
1375 671 1741 722 exaedificando,
1775 672 1945 723 partim

318 746 421 785 aliis
455 746 687 796 operibus,
721 756 839 796 quae
872 751 1028 784 tamen
1062 743 1119 783 ad
1156 743 1494 782 incrementum
1527 742 1774 783 Societatis
1808 741 1943 793 hujus

319 823 510 856 nostrae
532 816 808 867 pertineant.

399 888 450 928 In
472 888 644 927 scholis
668 887 782 926 nihil
802 893 872 926 est
896 886 1184 925 innovatum.
1209 884 1392 923 Perstat
1423 883 1545 924 idem
1573 884 1669 923 fere
1698 884 1946 935 discipulo-

323 971 425 998 rum
445 970 681 1008 numerus,
706 958 784 1009 qui
806 958 865 996 ad
883 955 1020 1007 hujus
1042 956 1151 995 anni
1169 955 1451 1007 principium
1470 954 1568 994 fuit.
1589 954 1685 994 Nec
1704 955 1947 995 literarum

322 1036 503 1070 tantum
524 1030 606 1069 sed
633 1035 677 1068 et
698 1028 886 1080 pietatis
918 1027 963 1067 in
990 1028 1057 1067 eis
1085 1026 1323 1078 profectus
1353 1026 1639 1076 agnoscitur.
1670 1026 1740 1065 EX
1767 1026 1822 1065 iis
1853 1026 1942 1066 duo

321 1101 586 1152 praecipue,
616 1112 710 1139 non
740 1097 1110 1139 contemnendae
1138 1097 1322 1146 indolis,
1360 1095 1581 1136 Societati
1609 1108 1711 1136 sese
1739 1096 1942 1148 adjicere

322 1172 534 1223 cupiunt;
553 1173 671 1211 alter
691 1170 950 1210 rethorices
973 1175 1041 1208 est
1063 1175 1106 1208 et
1128 1179 1331 1218 graecae
1352 1168 1542 1218 linguae
1564 1167 1764 1217 auditor,
1798 1179 1946 1207 annos

320 1249 457 1282 natus
484 1243 630 1282 ferme
659 1242 917 1290 sexdecim,
950 1240 1155 1280 omnium
1184 1239 1624 1290 condiscipulorum,
1654 1239 1693 1279 si
1722 1251 1865 1279 unum
1888 1251 1946 1278 ex

322 1314 590 1353 domesticis
611 1313 891 1364 exceperim,
923 1311 1245 1360 doctissimus;
1273 1311 1389 1349 alter
1415 1310 1737 1361 grammaticis
1765 1310 1941 1349 institu-

322 1385 524 1424 tionibus
557 1384 708 1424 adhuc
741 1389 904 1432 vacat,
945 1381 1152 1433 ejusdem
1184 1393 1330 1432 prope
1366 1381 1532 1420 aetatis
1575 1387 1619 1420 et
1662 1381 1812 1421 bonae
1847 1381 1947 1432 spei

323 1457 610 1496 adolescens
636 1453 751 1495 Sunt
773 1460 816 1494 et
839 1454 930 1503 alii,
957 1453 1034 1504 qui
1056 1452 1179 1492 idem
1196 1452 1282 1492 sibi
1303 1452 1565 1492 institutum
1581 1457 1944 1503 proposuerunt,

323 1528 403 1567 scd
425 1534 555 1567 aetas
576 1527 729 1566 obstat
750 1525 999 1576 quominus
1021 1524 1067 1563 id
1088 1535 1137 1563 se
1158 1522 1293 1580 facile
1323 1522 1543 1573 consequi
1572 1534 1710 1573 posse
1738 1528 1942 1573 sperent.

324 1599 477 1647 Domi,
507 1604 551 1638 et
580 1597 895 1646 concionibus,
928 1602 971 1635 et
1006 1594 1435 1644 declamationibus,
1473 1600 1518 1634 et
1551 1594 1942 1645 disputationibus

324 1675 602 1710 exercentur
623 1668 786 1708 nostri.

403 1741 602 1782 Caetera
628 1739 676 1779 P.
715 1739 766 1779 T.
797 1751 890 1778 non
919 1739 1122 1789 ignorat.
1148 1736 1290 1787 Cujus
1318 1736 1535 1787 precibus
1563 1743 1778 1788 optamus
1809 1737 1943 1776 nobis

326 1825 352 1852 a
377 1812 477 1852 Deo
498 1811 701 1862 gratiam
724 1810 931 1859 concedi,
957 1821 1048 1860 qua
1071 1808 1241 1847 divinis
1263 1807 1497 1858 obsequiis
1519 1807 1739 1847 attentius
1759 1807 1938 1847 ferven-

326 1884 506 1934 tiusque
529 1882 867 1930 incumbamus,
894 1881 1125 1930 digneque
1152 1879 1270 1918 inter
1293 1877 1390 1929 ejus
1412 1889 1575 1918 servos
1606 1883 1745 1929 atque
1765 1878 1941 1918 amicos

326 1953 505 1993 versari
534 1958 577 1992 et
604 1953 661 1992 ab
697 1951 795 2002 ejus
831 1951 1127 1991 sanctissima
1155 1951 1397 1990 voluntate
1433 1960 1670 2000 nunquam
1705 1948 1944 1988 discedere

326 2025 573 2074 possimus.
599 2023 766 2063 Amen.

403 2095 648 2135 Messanae
670 2094 718 2133 21
744 2093 855 2133 Maii
881 2093 993 2133 1554.

403 2166 455 2206 R.
482 2165 529 2206 Ρ.
554 2166 606 2206 T.

403 2237 580 2277 Inutilis
603 2238 649 2276 in
670 2236 753 2276 X.0
777 2237 887 2289 Jesu
911 2246 1090 2281 servus,

1190 2340 1407 2380 ΑΝΝΙΒᾸΙ,
1440 2352 1471 2379 A
1502 2339 1735 2379 CODRETO.

404 2519 756 2570 Sltperscm'ptl’o
778 2519 826 2558 2'72
849 2522 1022 2569 quarta
1053 2518 1266 2568 pagl'ncz:
1286 2517 1388 2557 R.d0
1428 2517 1473 2556 in
1504 2516 1691 2556 Christo
1728 2515 1855 2555 Patri
1885 2514 1952 2553 d.⁰

324 2591 503 2639 ignatio
533 2590 588 2630 de
620 2589 798 2641 Loyola
822 2590 1027 2640 Praep.tO
1052 2588 1202 2628 Gnali.
1228 2587 1475 2628 Societatis
1496 2587 1621 2639 Jesu.

408 2662 596 2701 Romae.

418 2732 678 2781 Vestdgsnm
700 2743 830 2771 cerae
852 2735 894 2771 et
916 2730 1086 2781 sigilli.

843 2941 989 2981 FINIS
1016 2942 1158 2979 TOMI
1186 2941 1439 2980 SECUNDI
