2080 3392
870 162 953 199 AN.
986 162 1077 200 1553
1728 164 1800 201 275

159 258 358 300 conatus
397 266 480 300 est.
518 257 645 300 Idem
678 259 763 300 fuit
797 261 965 300 author
1000 267 1048 300 ut
1088 260 1199 300 Dux
1234 259 1483 301 Ferrariae
1516 262 1798 312 elargiretur

159 331 500 383 quinquaginta
523 342 692 371 aureos
714 331 966 383 quotannis
994 332 1100 371 huic
1123 332 1343 383 collegio,
1373 339 1418 372 et
1444 332 1552 372 licet
1585 332 1630 372 id
1660 333 1800 384 impe-

159 409 285 442 tratu
320 402 457 442 facile
491 408 634 452 esset,
670 403 840 454 quippe
871 402 993 453 quod
1028 401 1140 442 Dux
1170 402 1419 443 Ferrariae
1453 403 1571 443 bene
1607 403 1802 444 affectus

161 479 284 514 esset
305 484 419 524 erga
441 471 744 523 Societatem,
769 480 924 513 tamen
947 473 993 513 in
1016 474 1104 513 hac
1132 485 1183 513 re
1210 474 1417 514 cernitur
1441 486 1581 515 verus
1603 486 1735 515 amor
1756 482 1801 516 et

161 543 392 584 industria
417 544 553 584 huius
582 544 692 595 viri,
719 545 794 584 cui
815 555 994 584 summe
1023 556 1185 584 sumus
1212 545 1432 585 devincti.
1464 545 1593 586 Deus
1620 558 1705 598 pro
1733 540 1800 586 tot

161 615 396 667 tantisque
418 615 464 654 in
486 627 570 655 nos
591 615 771 655 meritis
791 616 997 667 gratiam
1020 615 1207 655 referat.
1619 616 1623 621 ’

241 687 507 727 Cernuntur
536 692 581 726 et
608 686 833 726 beneficia
861 686 1007 726 divini
1037 686 1230 737 spiritus
1258 687 1305 726 in
1335 688 1629 728 multitudine
1650 689 1801 728 cuius·

160 769 248 809 que
283 763 453 807 status,
491 758 568 808 qui
606 758 744 798 modo
776 757 1017 797 salutifera
1050 757 1361 798 confessionis
1395 765 1439 798 et
1475 759 1801 800 Eucharistiae

159 836 457 869 sacramenta
487 829 747 879 celebrant,
777 829 900 880 quod
928 829 1115 879 quidem
1145 829 1354 880 incipere
1385 830 1442 869 ob
1469 831 1629 870 mundi
1660 831 1802 882 pudo—

159 911 258 940 rem
278 900 416 940 valde
437 900 523 940 fuit
545 900 743 940 arduum
763 906 807 940 et
828 899 1027 940 difficile.
1053 899 1117 940 At
1148 900 1368 952 quicquid
1398 896 1584 941 divinus
1613 902 1803 953 spiritus

159 970 306 1022 afflat,
330 971 436 1011 inde
467 978 659 1022 repente
686 972 814 1022 pellit
841 983 1027 1011 omnem
1058 972 1276 1012 timorem
1306 972 1509 1012 inanem.
1533 972 1802 1013 Concursus

159 1043 315 1094 itaque
336 1043 597 1091 hominum,
622 1042 788 1094 quibus
810 1043 1037 1094 quotidie,
1062 1043 1232 1083 nedum
1263 1043 1425 1083 diebus
1454 1044 1606 1094 festis,
1636 1051 1801 1085 sancta

158 1113 484 1154 ministrantur
519 1119 838 1164 sacramenta,
876 1120 1034 1153 tantus
1076 1120 1166 1164 est,
1212 1120 1261 1154 ut
1296 1115 1353 1154 iis
1394 1115 1670 1156 satisfacere
1709 1129 1802 1156 non

159 1185 407 1236 possimus.
445 1184 600 1236 Atque
636 1185 673 1224 si
709 1185 756 1224 in
785 1185 1148 1236 quadragesima
1183 1185 1378 1226 fuissent
1414 1193 1614 1237 quatuor
1649 1199 1801 1227 sacer-

159 1256 312 1306 dotes,
341 1256 419 1308 qui
444 1256 532 1296 hoc
554 1255 901 1296 confessionum
935 1268 1105 1296 munus
1132 1263 1314 1296 tantum
1343 1257 1572 1305 subirent,
1607 1270 1660 1298 eo
1689 1270 1804 1299 sane

159 1326 356 1367 fuissent
378 1327 574 1378 singulis
596 1327 758 1367 diebus
780 1328 895 1367 satis
917 1328 1148 1379 occupati.
1173 1328 1293 1368 Nam
1315 1334 1444 1368 tanta
1468 1336 1568 1369 erat
1589 1329 1799 1381 frequen-

160 1399 223 1438 tia
245 1410 426 1448 eorum,
450 1399 530 1450 qui
551 1399 610 1438 ad
638 1399 982 1439 confessionem
1009 1399 1308 1449 advenirent,
1339 1406 1387 1440 ut
1408 1399 1490 1440 vix
1519 1402 1691 1452 pribus.
1722 1414 1799 1441 va-

160 1476 290 1510 caret
310 1481 493 1510 sumere
515 1471 784 1510 necessaria
807 1471 1017 1521 corpori,
1049 1483 1104 1510 ac
1133 1472 1265 1511 multi
1286 1472 1579 1522 cogebantur
1607 1474 1799 1520 reverti,

159 1552 266 1581 cum
287 1552 313 1580 a
335 1541 547 1593 patribus
568 1541 721 1581 audiri
741 1553 833 1581 non
864 1548 1071 1592 possent.
1106 1541 1261 1593 Atque
1289 1555 1347 1582 ex
1378 1543 1470 1592 his,
1501 1543 1579 1594 qui
1611 1556 1636 1583 a
1668 1544 1802 1583 nobis

161 1618 269 1652 sunt
303 1612 470 1662 auditi,
508 1612 695 1653 fuerunt
729 1613 942 1653 homines
977 1613 1195 1653 honorati
1225 1625 1280 1654 ac
1315 1614 1361 1654 in
1397 1613 1569 1654 mundo
1605 1615 1799 1666 nobiles;

158 1690 404 1735 praeterea
433 1684 620 1736 quidem
645 1684 867 1724 Vicarius
897 1685 1126 1736 episcopi,
1158 1686 1237 1736 qui
1265 1685 1323 1725 ad
1358 1697 1444 1725 nos
1476 1698 1616 1737 saepe
1645 1687 1801 1738 gratia

158 1755 466 1795 confessionis
487 1756 629 1796 venit.
654 1754 858 1805 Plurimi,
883 1767 1000 1808 quos
1021 1756 1209 1807 quidem
1226 1757 1544 1797 conscientiae
1560 1758 1803 1798 maleficiis

157 1826 359 1867 refertae
380 1827 676 1877 cruciabant,
705 1839 917 1879 quaeque
943 1827 1092 1867 hostis
1121 1827 1285 1868 fraude
1314 1840 1371 1868 ne
1400 1835 1686 1869 exoneratae
1708 1829 1802 1869 fue-

158 1904 264 1938 rant
286 1909 512 1949 unquam,
543 1897 667 1950 apud
687 1910 773 1938 nos
799 1899 1009 1949 generali
1038 1899 1334 1939 confessione
1363 1900 1575 1940 confecta
1605 1913 1660 1940 ac
1690 1903 1801 1941 mul-

157 1969 217 2009 tis
238 1969 413 2009 doloris
434 1975 478 2009 et
499 1970 652 2009 luctus
672 1970 821 2020 signis
853 1969 1208 2021 demonstratis,
1240 1982 1414 2022 magno
1447 1971 1600 2012 affecti
1627 1973 1803 2024 gaudio

158 2048 468 2081 recesserunt.
494 2040 606 2092 Alii,
631 2048 675 2081 et
695 2041 742 2081 hi
769 2053 863 2081 non
890 2042 1049 2093 pauci,
1085 2042 1359 2093 adfuerunt,
1390 2044 1467 2094 qui
1497 2050 1605 2084 ante
1631 2046 1803 2085 multos

159 2123 308 2152 annos
337 2124 578 2164 nunquam
609 2112 864 2153 salutiferis
896 2115 1208 2154 sacramentis
1244 2114 1315 2155 usi
1350 2114 1536 2155 fuerant
1567 2128 1643 2167 ae,
1675 2117 1804 2157 vitiis

158 2183 409 2224 inveterati
442 2196 498 2224 ac
528 2190 754 2234 tanquam
788 2186 998 2225 membra
1036 2186 1216 2225 inutilia
1247 2198 1302 2226 ac
1331 2187 1488 2237 arida,
1518 2188 1667 2228 vitam
1695 2199 1798 2239 age-

158 2255 291 2305 bant;
316 2255 437 2295 inter
457 2268 575 2307 quos
595 2256 874 2307 praesertim
896 2263 1111 2308 repertus
1133 2257 1218 2297 fuit
1241 2269 1381 2308 unus,
1414 2258 1493 2310 qui
1515 2265 1663 2309 certe,
1695 2260 1802 2299 licet

158 2326 328 2366 aetatis
360 2332 593 2376 maturae,
625 2334 732 2367 ante
756 2334 935 2379 septem
956 2334 1035 2367 aut
1058 2333 1163 2368 octo
1187 2340 1334 2368 annos
1357 2341 1595 2381 nunquam
1624 2330 1802 2370 confes-

159 2409 239 2438 sus
261 2404 381 2448 erat,
407 2404 452 2438 et
473 2399 614 2438 semel
643 2399 690 2438 in
717 2399 844 2438 omni
871 2399 969 2439 vita
999 2399 1056 2439 ad
1086 2411 1283 2440 coenam
1310 2401 1485 2440 domini
1518 2408 1801 2442 accesserat.

159 2470 413 2510 Enimvero
436 2470 481 2509 hi
504 2481 665 2509 omnes
692 2476 800 2510 sunt
828 2471 1015 2522 impulsi
1046 2477 1144 2511 tum
1173 2471 1232 2512 ad
1258 2478 1564 2523 peccatorum
1592 2473 1802 2514 dolorem

160 2548 204 2581 et
230 2542 426 2591 luctum,
456 2548 554 2581 tum
586 2541 824 2581 conciliati
851 2541 988 2582 Chro.
1023 2542 1168 2593 Dno.,
1206 2555 1261 2583 ac
1293 2544 1339 2583 in
1370 2543 1492 2583 hanc
1523 2545 1803 2585 sententiam

161 2613 370 2662 adducti,
396 2619 445 2653 ut
466 2613 685 2664 deinceps
707 2613 855 2653 vitam
881 2620 1007 2653 recte
1029 2614 1168 2654 factis
1195 2615 1446 2665 redimere,
1478 2628 1533 2655 ac
1564 2616 1802 2667 tenebras,

160 2685 207 2725 in
228 2685 394 2736 quibus
415 2684 579 2736 perdiu
602 2685 769 2724 misere
791 2685 967 2724 versati
989 2685 1196 2736 fuerant,
1221 2686 1385 2737 fugere
1413 2692 1689 2728 statuerent.

241 2755 461 2796 Nonnulli
481 2755 707 2795 haeretici
734 2755 1110 2807 intervenerunt,
1143 2757 1220 2808 qui
1250 2758 1395 2797 nimia
1425 2759 1723 2810 simplicitate
1744 2761 1804 2800 ab

161 2827 383 2879 improbis
405 2827 521 2867 chri.
546 2827 759 2866 hostibus
781 2826 963 2878 decepti
983 2827 1193 2868 fuerant:
1224 2841 1390 2868 verum
1412 2841 1553 2881 quum
1585 2831 1654 2870 rei
1684 2832 1801 2870 veri-

161 2905 257 2939 tate
288 2898 464 2949 (divino
497 2899 663 2950 spiritu
691 2897 995 2948 suffragante&
1033 2906 1188 2939 essent
1224 2900 1440 2940 instructi
1476 2913 1530 2941 ac
1567 2902 1801 2951 illustrati,

162 2970 427 3010 effuderunt
466 2969 761 3010 confessione
801 2981 937 3010 omne
976 2982 1214 3011 venenum
1253 2983 1467 3012 errorum
1507 2980 1801 3025 conceptum,
