2080 3392
326 122 399 158 480
839 123 1067 160 LITTERAE
1093 134 1450 166 QUADaniEsrREs

558 462 840 491 Praecedentium
862 463 1037 492 Michaelis
1053 465 1224 493 Govierno
1242 466 1436 495 litterarum
1451 468 1560 496 latina
1574 470 1686 497 versio
1704 472 1725 497 ¹.

1098 715 1195 756 IHS

407 924 503 964 Pax
525 925 698 965 Christi
721 937 827 966 cum
849 927 1063 967 omnibus
1082 928 1233 968 nobis.
1257 927 1422 969 Amen.

405 995 618 1036 Gandiae
640 1008 763 1036 anno
788 996 902 1037 1553.

404 1066 516 1106 Dies
559 1073 628 1107 est
671 1067 930 1108 decembris
969 1068 1254 1121 vigesimus,
1297 1081 1403 1111 cum
1446 1071 1562 1112 haec
1603 1073 1662 1113 ad
1701 1078 1744 1113 te
1784 1075 1956 1126 scribo,

323 1137 485 1177 Rev.de
517 1137 669 1189 Pater,
708 1150 827 1190 quae
862 1139 919 1178 ab
954 1138 1171 1190 Augusto
1210 1152 1369 1182 mense
1407 1143 1540 1183 nobis
1574 1143 1816 1196 hucusque
1850 1157 1952 1197 pro-

322 1219 459 1259 spere
489 1214 834 1260 successerunt,
874 1210 1133 1260 opitulante
1160 1211 1275 1252 Deo.
1305 1211 1547 1265 Frequens
1580 1214 1665 1254 fuit
1699 1227 1883 1267 semper
1911 1217 1957 1256 in

322 1284 484 1319 nostro
519 1281 690 1331 templo
718 1280 1012 1331 publicarum
1040 1282 1318 1323 concionum
1347 1295 1458 1324 usus
1487 1290 1531 1325 et
1561 1285 1846 1326 christianae
1881 1287 1957 1327 do-

325 1350 503 1390 ctrinae
525 1351 664 1390 lectio
688 1362 793 1391 cum
814 1362 986 1402 magna
1008 1353 1273 1393 auditorum
1295 1355 1452 1406 copia3
1481 1362 1654 1407 quanto
1675 1364 1831 1397 autem
1852 1369 1958 1399 cum

322 1420 498 1471 fructu,
540 1422 672 1461 novit
712 1421 955 1463 Dominus.
994 1423 1109 1464 Illud
1141 1430 1298 1464 tamen
1338 1436 1426 1476 ego
1464 1428 1767 1478 proculdubio
1806 1429 1958 1470 fateor

323 1491 666 1532 multitudinem
687 1504 861 1544 eorum,
886 1494 964 1545 qui
984 1502 1282 1536 sacramenta
1304 1496 1378 1537 hic
1399 1496 1716 1550 frequentant,
1740 1511 1842 1540 esse
1871 1512 1956 1552 pro

322 1563 645 1613 magnitudine
668 1564 826 1615 oppidi
1612 1571 1626 1590 ²
1646 1570 1733 1610 hac
1755 1571 1803 1610 in
1822 1577 1955 1623 parte

323 1634 381 1673 sit
402 1634 728 1674 conserendus.
764 1634 855 1675 Sed
877 1642 920 1675 et
949 1637 1077 1676 multi
1109 1649 1168 1677 ex
1194 1638 1374 1689 pueris,
1405 1640 1481 1690 qui
1509 1640 1660 1690 prima
1693 1641 1846 1682 adhuc
1874 1644 1957 1682 ele-

321 1711 481 1744 menta
504 1705 729 1745 docentur
753 1706 799 1745 in
821 1706 993 1746 scholis
1014 1708 1234 1759 privatis,
1265 1714 1309 1749 et
1336 1710 1606 1751 scholastici
1633 1717 1822 1753 nostrae
1850 1714 1956 1754 Uni-

324 1775 577 1826 versitatis,
604 1775 700 1815 fere
722 1788 883 1816 omnes
906 1777 1082 1817 crebris
1104 1778 1475 1821 confessionibus
1497 1789 1774 1823 assuescunt
1799 1795 1958 1835 repur-

323 1856 439 1895 gare
476 1846 680 1896 animos,
718 1847 941 1897 quoniam
976 1847 1129 1889 adhuc
1167 1850 1412 1891 tenerioris
1445 1858 1551 1892 sunt
1588 1854 1782 1904 aetatis,
1818 1866 1956 1906 quam

323 1922 372 1955 ut
394 1916 452 1956 ad
475 1927 660 1956 sacram
682 1918 902 1968 synaxim
923 1919 1268 1969 suscipiendam
1288 1921 1469 1971 possint
1491 1924 1731 1964 commode
1759 1925 1954 1966 admitti.

322 1987 447 2026 Inter
477 1987 594 2027 haec
622 1987 761 2027 etiam
792 1988 966 2028 nostris
994 1989 1209 2030 Patribus
1236 2002 1377 2031 curae
1406 1999 1475 2033 est
1502 1993 1712 2034 infirmos
1738 1996 1956 2048 invisere;

323 2058 626 2098 morientibus
663 2070 798 2109 opem
828 2058 971 2109 ferre;
1012 2060 1051 2099 si
1085 2072 1222 2112 quem
1256 2062 1459 2103 Viderint
1496 2072 1705 2115 egestate
1742 2068 1955 2118 opprimi,

323 2129 480 2179 petitis
512 2129 834 2181 undecumque
863 2131 1196 2182 eleemosynis,
1231 2132 1477 2185 adjuvare;
1512 2136 1636 2187 lites,
1667 2149 1782 2189 quas
1817 2138 1957 2179 offen·

321 2200 458 2250 dunt,
490 2211 786 2251 componere.
820 2200 971 2251 Haec,
1009 2213 1128 2253 quae
1156 2203 1203 2242 in
1235 2204 1505 2246 universum
1539 2208 1729 2259 scripsi,
1766 2210 1958 2260 longum

322 2270 461 2309 nimis
496 2276 618 2310 esset
652 2282 734 2322 per
769 2271 955 2322 singula
988 2273 1232 2325 prosequi;
1270 2276 1531 2326 exprimam
1566 2284 1723 2318 tamen
1758 2280 1881 2330 quod
1915 2286 1958 2320 te

324 2351 608 2392 magnopere
643 2342 912 2382 oblectabit:
950 2348 1051 2382 erat
1084 2343 1130 2383 in
1158 2344 1315 2385 vicino
1343 2347 1546 2397 quodam
1583 2349 1752 2400 oppido
1785 2350 1957 2391 invete-

323 2416 427 2450 rata
448 2410 704 2462 discordia,
731 2424 849 2464 quae
872 2424 1032 2453 omnes
1052 2413 1148 2454 fere
1171 2415 1291 2455 illius
1318 2417 1405 2456 loci
1433 2417 1612 2458 incolas
1643 2419 1881 2461 dividebat
1912 2422 1959 2461 in

323 2480 440 2521 duas
478 2481 726 2533 factiones,
766 2482 882 2522 adeo
918 2483 1004 2523 sibi
1034 2484 1247 2525 inimicas
1283 2492 1332 2526 ut
1368 2488 1514 2528 altera
1553 2490 1742 2530 alterius
1778 2491 1957 2532 cladem

323 2551 371 2591 in
405 2551 502 2591 dies
535 2553 790 2604 moliretur,
829 2565 914 2593 nec
945 2560 1047 2594 erat
1074 2556 1151 2606 qui
1180 2562 1361 2597 tantum
1389 2560 1562 2599 malurn
1589 2560 1754 2601 sedare
1783 2569 1954 2613 posset:

324 2621 586 2673 missusque
620 2629 689 2662 est
723 2623 831 2663 illuc
868 2624 1055 2674 quidam
1089 2637 1148 2666 ex
1181 2628 1354 2667 nostris
1389 2628 1606 2670 Patribus
1640 2632 1699 2671 ad
1725 2644 1829 2672 eam
1859 2645 1958 2674 rem

326 2693 669 2744 peragendam,
694 2700 757 2745 et,
782 2693 883 2734 Deo
904 2695 1080 2745 gratia,
1107 2696 1342 2738 discordia
1365 2700 1515 2740 omnis
1536 2702 1744 2743 extincta
1771 2702 1880 2754 fuit;
1914 2711 1958 2744 et

381 2826 391 2845 ¹
432 2827 693 2862 Autographum
708 2850 713 2863 ,
730 2829 828 2856 unico
844 2830 923 2857 folio
941 2837 1006 2857 non
1020 2836 1210 2865 numerato,
1226 2833 1315 2860 inter
1330 2834 1428 2869 hujus
1443 2836 1521 2863 anni
1537 2837 1815 2870 quadrimestre&

380 2872 393 2891 2
431 2873 564 2901 Attrita
579 2874 720 2909 charta,
737 2883 804 2910 qua
818 2880 916 2910 parte
932 2877 1011 2904 olim
1025 2877 1137 2906 fuerat
1152 2880 1280 2913 plicata
1292 2902 1298 2913 ,
1314 2881 1551 2910 desiderantur
1564 2887 1710 2918 quatuor
1733 2889 1792 2912 aut
1813 2886 1957 2920 quinque

329 2920 509 2946 vocabula.
