2080 3392
289 176 360 214 506
817 172 1043 209 LITTERAE
1068 182 1424 215 QUADRIMESTRES

971 621 1258 676 GOLXVI

374 859 423 900 P.
447 859 637 900 Marcus
656 859 821 911 Jorge,

412 927 482 965 Ex
501 927 820 965 commissione
841 928 986 965 Patris
1006 927 1238 965 Michaelis
1258 927 1311 965 de
1330 927 1500 975 Bayros
1513 956 1522 973 ,

462 994 584 1031 Patri
602 993 772 1040 Ignatio
793 992 846 1030 de
864 993 1049 1040 Loyola.

512 1058 679 1105 Ebora,
703 1059 720 1095 1
741 1059 941 1106 Januarii
961 1058 1053 1096 1554
1072 1058 1098 1092 ¹.

1079 1337 1177 1378 IHS

382 1549 484 1589 R.de
513 1551 559 1590 in
582 1549 721 1590 Chro.
745 1550 898 1591 Pater.

382 1621 547 1661 Gratia
569 1627 613 1660 et
635 1632 766 1660 amor
787 1620 910 1661 Chri.
936 1622 995 1661 sit
1015 1633 1200 1672 semper
1221 1622 1266 1661 in
1290 1621 1509 1660 cordibus
1530 1620 1642 1660 nris.
1667 1619 1832 1660 Amen.

381 1691 652 1742 Scripturus
681 1704 739 1731 ex
770 1692 1053 1741 obedientia,
1087 1704 1205 1744 quae
1240 1692 1328 1731 hoc
1360 1691 1710 1743 quadrimestri‚
1747 1690 1934 1731 fauente

302 1763 525 1814 Domino,
549 1769 682 1813 gesta
705 1768 831 1811 sunt,
856 1774 932 1813 ea,
964 1774 1082 1814 quae
1106 1762 1420 1813 occurrerint,
1450 1762 1654 1801 breuiter
1684 1772 1932 1812 exponam.

303 1834 472 1876 Sumus
492 1834 539 1873 in
560 1834 650 1873 hoc
674 1833 871 1884 collegio
893 1833 1096 1873 sedecim
1120 1833 1279 1883 (Patre
1300 1832 1497 1884 Myrone
1519 1838 1563 1872 et
1580 1832 1678 1872 eius
1695 1832 1822 1871 socio
1839 1843 1933 1871 non

306 1904 686 1955 connumerato),
722 1916 779 1943 ex
805 1904 970 1955 quibus
1000 1903 1138 1944 Pater
1167 1904 1443 1944 Emmanuel
1472 1903 1509 1942 F
1513 1903 1745 1942 ernandez
1776 1902 1936 1942 diebus

304 1976 551 2016 dominicis
572 1987 597 2014 a
620 1975 818 2026 prandio
842 1975 965 2026 apud
986 1986 1073 2014 nos
1095 1985 1358 2014 sermonem
1384 1974 1523 2013 habet
1553 1973 1613 2013 ad
1638 1974 1862 2024 populum
1890 1973 1936 2012 in

304 2046 614 2098 capacissimo
649 2046 851 2097 quodam
884 2046 1152 2097 gymnasio,
1192 2045 1250 2085 ad
1285 2056 1423 2096 quern
1463 2044 1743 2084 audiendum
1783 2043 1935 2094 (prae-

303 2124 456 2158 stante
477 2117 616 2167 Dno.)
638 2128 839 2167 magnus
860 2115 908 2156 fit
930 2117 1140 2156 virorum
1161 2126 1417 2155 concursus
1440 2114 1604 2165 (neque
1626 2115 1748 2154 enim
1770 2113 1933 2153 decen-

306 2195 377 2229 ter
399 2189 438 2228 is
457 2188 590 2228 locus
610 2187 881 2227 mulieribus
902 2193 1061 2238 patere
1084 2186 1272 2237 potest);
1298 2185 1420 2236 quod
1441 2185 1481 2225 si
1502 2185 1558 2225 iis
1586 2184 1645 2225 ad
1674 2184 1936 2224 doctrinam

307 2260 461 2300 aditus
492 2259 849 2309 concederetur,
879 2269 973 2298 non
1007 2257 1195 2297 dubium
1231 2257 1341 2308 quin
1373 2256 1683 2297 foeminarum
1716 2267 1937 2295 numerus

306 2331 519 2371 Virorum
540 2336 798 2381 superaret.

386 2401 512 2441 Idem
528 2401 666 2440 Pater
685 2400 1002 2451 superioribus
1020 2399 1181 2439 diebus
1197 2398 1408 2439 nonnihil
1425 2397 1648 2449 temporis
1665 2397 1826 2437 tribuit
1842 2396 1936 2447 qui-

306 2472 503 2512 busdam
524 2471 801 2511 monialibus
824 2469 1024 2510 Sanctae
1047 2470 1213 2510 Clarae
1231 2470 1276 2509 in
1292 2469 1430 2509 rebus
1447 2468 1700 2519 spualibus.
1721 2478 1937 2507 exercen-

308 2542 399 2582 dis:
425 2553 700 2582 concessum
720 2548 788 2581 est
819 2547 975 2581 autem
998 2541 1045 2580 id
1075 2546 1357 2591 perurgente
1385 2539 1665 2579 Abbatissae
1692 2537 1937 2588 flagitatio-

307 2625 388 2663 ne,
423 2613 623 2663 idipsum
653 2624 735 2663 per
767 2611 1024 2651 monachos
1051 2610 1257 2662 ejusdem
1285 2609 1460 2650 ordinis
1490 2614 1788 2661 procurante.
1823 2606 1940 2648 Sunt

309 2690 466 2724 autem
487 2695 681 2723 numero
701 2682 1020 2734 septuaginta,
1052 2694 1110 2721 ex
1137 2681 1303 2733 quibus
1333 2680 1505 2721 multae
1536 2679 1761 2719 exercitia
1787 2690 1939 2718 susce-

310 2760 499 2806 perunt,
523 2760 653 2794 tanta
676 2765 781 2793 cum
814 2759 1005 2793 suarum
1033 2753 1295 2792 animarum
1321 2751 1519 2791 utilitate
1545 2756 1596 2790 ut
1623 2761 1717 2790 non
1743 2760 1941 2801 paruam

310 2824 398 2865 Dei
433 2831 526 2875 opt.
564 2824 689 2864 Max.
715 2823 937 2863 laudandi
959 2823 1253 2863 occasionem
1272 2821 1586 2873 praebuerint.
1604 2819 1745 2870 Nam,
1764 2825 1813 2859 ut
1829 2831 1941 2871 pau-

367 2984 378 3004 ¹
417 2984 504 3012 Tota
519 2984 747 3018 autographa,
765 2983 888 3017 duplici
903 2983 993 3016 folio,
1010 2983 1071 3009 sub
1085 2989 1174 3008 num.
1189 2982 1250 3008 477.
