2080 3392
277 178 348 215 122
790 178 1014 214 LITTERAE
1041 188 1397 220 QUADRIMEsTRES

347 274 481 314 Nunc
506 275 646 325 igitur
668 286 826 314 sumus
842 274 916 314 hic
939 273 1202 325 quindecim
1221 285 1436 323 numero,
1460 274 1580 313 inter
1610 284 1726 324 quos
1756 278 1799 313 et
1824 285 1901 325 pa·

263 350 383 384 trem
404 344 659 385 Doctorem
680 344 846 394 refero;
870 351 1007 395 atque
1028 356 1086 384 ex
1108 344 1178 383 his
1200 344 1401 395 quinque
1423 343 1708 394 sacerdotes,
1733 343 1896 383 decem

265 426 377 454 vero
399 421 581 455 tantum
600 415 792 464 fratres,
818 426 980 454 rursus
1002 415 1217 455 undecim
1238 414 1502 464 theologiae
1523 420 1566 454 et
1588 426 1771 454 morum
1792 425 1893 465 pro-

260 486 394 525 bitati
412 486 616 526 studiose
638 486 972 535 incumbentes,
992 485 1164 525 caeteri
1185 485 1453 524 ministeriis
1475 485 1641 525 domus
1660 485 1890 536 occupati,

262 567 422 595 omnes
445 564 598 596 autem
622 557 763 604 (velut
784 556 829 595 in
850 556 895 595 id
917 555 1161 604 coniurati)
1179 555 1491 602 moderandis,
1513 554 1827 606 deprimendis
1849 561 1893 594 et

261 625 600 666 mortificandis
630 626 772 666 animi
799 626 1041 666 affectibus
1075 638 1130 666 ac
1157 613 1633 677 propriae‘voluntati
1662 625 1896 676 abnegan-

261 696 351 735 dae
373 697 509 736 enixe
530 708 721 748 operam
742 697 905 737 dantes
936 696 1090 748 quoad
1117 697 1283 748 cuique
1312 707 1395 747 per
1423 695 1677 747 superioris
1705 695 1900 735 faculta—

262 773 354 806 tem
377 767 661 807 conceditur.
686 767 787 807 Huc
811 767 1057 817 pertinent,
1082 779 1201 818 quae
1223 768 1394 806 multae
1416 766 1539 806 domi
1560 765 1689 816 fiunt,
1715 765 1901 806 mortifi-

260 838 484 888 cationes;
509 844 553 878 et
574 844 706 878 extra
729 839 918 878 domum
949 838 1163 888 proximo
1185 849 1296 877 vere
1317 837 1470 877 factae
1499 842 1605 876 sunt
1626 837 1895 887 peregrina-

262 908 425 948 tiones.
449 908 507 948 Et
529 916 576 948 ut
598 916 864 949 nostrorum
891 909 1186 949 mortificatio
1215 919 1321 947 cum
1348 907 1545 947 aliorum
1572 906 1895 947 aedificatione

262 979 638 1030 coniungeretur,
663 980 899 1031 peregrini
925 979 1073 1019 nostri
1102 980 1224 1018 ultra
1251 979 1403 1018 victus
1431 985 1475 1017 et
1504 978 1692 1029 hospitii
1723 978 1894 1018 mendi-

261 1050 508 1100 canonem,
530 1057 692 1090 euntes
708 1051 1043 1101 praedicabant
1059 1050 1295 1089 ferventes
1316 1049 1614 1099 evangelium
1636 1060 1740 1088 cum
1762 1055 1894 1088 tanta

261 1121 582 1171 proximorum
610 1120 953 1171 aedificatione,
985 1127 1034 1160 ut
1060 1120 1216 1160 multis
1243 1119 1427 1171 populis
1454 1131 1731 1170 persuasum
1758 1119 1817 1159 sit
1848 1126 1902 1159 ut

264 1191 401 1231 simul
423 1198 737 1242 proponerent
758 1203 850 1231 non
871 1191 1068 1242 amplius
1088 1202 1257 1230 nomen
1274 1190 1363 1230 Dei
1379 1190 1526 1229 nostri
1548 1201 1787 1229 assumere
1807 1189 1896 1229 fru-

263 1268 378 1311 stra,
402 1263 487 1301 sub
509 1263 648 1301 certis
665 1262 845 1313 legibus
866 1269 910 1301 et
932 1262 1094 1313 poenis
1114 1261 1374 1301 iurantibus
1395 1261 1583 1311 taxatiS,
1608 1272 1748 1311 quam
1770 1261 1896 1300 insti-

264 1333 490 1372 tutionem
517 1333 949 1372 confraternitatem
979 1332 1179 1371 nominis
1215 1331 1305 1371 Dei
1331 1331 1524 1381 (scilicet
1555 1330 1894 1381 sanctificandi)

263 1410 457 1443 vocant:
482 1403 553 1443 his
575 1404 718 1454 igitur
745 1403 1060 1454 spiritualibus
1088 1402 1253 1442 studiis
1280 1401 1496 1442 videntur
1528 1402 1670 1441 animi
1698 1401 1898 1441 fratrum

265 1475 491 1525 vegetari.

344 1545 630 1584 Litterarum
651 1545 838 1595 insuper
860 1544 1013 1584 studia
1045 1544 1226 1594 vigent,
1250 1550 1347 1583 tum
1368 1544 1475 1595 quia
1504 1542 1835 1594 praevidendis
1857 1549 1900 1582 et

262 1615 520 1665 audiendis,
541 1615 803 1666 relegendis
824 1614 1183 1655 et'conferendis
1203 1614 1492 1665 lectionibus,
1512 1613 1896 1665 disputandisque

262 1692 433 1726 octavo
462 1698 644 1738 quoque
672 1687 744 1725 die
773 1685 1147 1726 conclusionibus
1174 1691 1280 1724 sunt
1308 1685 1568 1725 destinatae
1598 1684 1764 1733 horae,
1799 1690 1896 1723 tum

262 1757 405 1796 etiam
426 1758 535 1808 quia
558 1757 799 1807 doctores,
831 1757 909 1808 qui
930 1757 1005 1796 hic
1025 1767 1148 1796 nunc
1169 1756 1454 1806 theologiam
1475 1754 1766 1806 profitentur,
1791 1761 1897 1794 sunt

264 1829 454 1878 egregie
478 1836 521 1868 et
544 1829 753 1879 apprime
775 1829 914 1868 docti.

342 1899 519 1939 Diebus
540 1899 742 1949 festivis,
766 1900 932 1950 quibus
955 1905 1139 1939 cessant
1161 1911 1187 1938 a
1215 1897 1491 1937 lectionibus
1519 1896 1784 1946 audiendis,
1820 1908 1897 1935 va-

260 1976 368 2009 cant
389 1969 558 2010 fratres
583 1970 785 2010 visendis
806 1970 1021 2021 hospitiis
1049 1976 1092 2009 et
1121 1969 1407 2018 carceribus,
1442 1967 1741 2007 consolandis
1769 1966 1891 2006 infir-

259 2041 345 2080 mis
367 2047 410 2080 et
430 2042 599 2081 vinctis
628 2041 962 2092 audiendisque
992 2040 1335 2091 poenitentibus
1362 2041 1590 2089 utrisque;
1622 2050 1680 2077 ex
1719 2037 1895 2077 vinctis

259 2112 535 2162 praesertim
556 2124 638 2162 per
663 2112 911 2151 conciones
932 2112 1112 2163 aliquas
1134 2110 1193 2150 ad
1213 2111 1339 2160 ipsos
1360 2109 1543 2149 habitas
1566 2109 1755 2148 adducti
1784 2114 1892 2147 sunt

260 2183 449 2234 quidam
470 2182 526 2221 ad
550 2182 908 2230 confessionem,
933 2182 1011 2234 qui
1033 2182 1278 2222 duodecim
1300 2188 1343 2220 et
1365 2181 1503 2220 etiam
1536 2179 1891 2231 quatuordecim

259 2265 408 2294 annos
430 2266 533 2294 eam
555 2254 821 2309 omiserant.
842 2253 1061 2303 Aguntur
1078 2253 1264 2292 demum
1284 2262 1445 2291 eorum
1466 2262 1540 2290 res
1562 2257 1787 2301 quantum
1808 2260 1891 2299 per

260 2325 592 2376 occupationes
624 2325 739 2364 alias
765 2324 989 2364 fratribus
1016 2323 1311 2374 permittitur.
1344 2322 1437 2362 Alii
1468 2328 1641 2361 vacant
1668 2319 1894 2360 docendis

260 2396 417 2447 pueris
436 2396 740 2436 christianam
761 2394 1022 2435 doctrinam
1042 2393 1088 2433 in
1110 2394 1293 2433 ruribus
1314 2393 1420 2432 huic
1442 2392 1621 2432 civitati
1644 2391 1824 2441 vicinis,
1849 2397 1892 2430 et

262 2467 310 2506 in
344 2467 547 2518 quodam
582 2466 858 2518 praesertim
892 2476 1053 2505 eorum
1089 2471 1219 2515 pater
1255 2464 1444 2515 quidam
1479 2475 1538 2502 ex
1572 2463 1746 2502 nostris
1786 2472 1893 2501 cum

262 2537 637 2586 concionaretur,
662 2536 924 2588 composuit
946 2547 1109 2586 pacem
1132 2535 1250 2574 inter
1272 2533 1499 2585 quosdam
1520 2533 1738 2583 rusticos,
1768 2532 1891 2583 quod

264 2608 405 2646 credo
430 2608 573 2647 fuisse
590 2608 711 2648 Dno.
735 2607 1073 2658 gratissimum.

344 2678 522 2718 Tantus
552 2685 620 2718 est
655 2679 1045 2719 scholasticorum
1071 2688 1342 2727 concursus,
1373 2676 1451 2728 qui
1472 2676 1531 2716 ad
1552 2674 1896 2715 confessionem

262 2754 307 2788 et
327 2760 518 2788 sacram
539 2749 911 2789 communionem
933 2747 1278 2799 suscipiendam
1299 2747 1542 2797 accedunt,
1562 2751 1612 2785 ut
1631 2745 1769 2784 facile
1794 2756 1897 2783 con-

263 2819 404 2859 iicere
425 2820 578 2869 possis
599 2831 798 2870 magnos
819 2819 1081 2860 animarum
1101 2829 1291 2858 suarum
1310 2818 1489 2857 fructus
1515 2817 1562 2856 in
1589 2815 1686 2856 dies
1718 2815 1896 2865 augeri.

264 2890 596 2930 Foeminarum
626 2890 942 2930 confessiones
976 2901 1069 2929 non
1097 2888 1332 2938 audimus;
1365 2888 1512 2928 maior
1544 2887 1666 2926 enirn
1700 2892 1821 2925 esset
1852 2885 1898 2924 in

264 2961 378 3011 ipsis
401 2961 643 3001 audiendis
660 2961 922 3011 occupatio,
942 2971 1082 3011 quam
1099 2971 1182 3011 pro
1200 2958 1496 2999 sacerdotum
1514 2967 1723 3007 numero;
1741 2967 1900 3008 quam·
