2080 3392
804 210 888 248 AN.
920 211 1011 249 1553
1156 264 1159 266 ς
1658 214 1720 251 101

84 319 332 351 aureorum
362 318 545 347 summa
575 306 829 358 sufficeret3
867 308 927 348 ad
956 308 1002 348 id
1030 320 1143 349 vero
1174 298 1450 360 syngrapha
1480 315 1560 350 tuo
1588 310 1723 360 signo

82 381 226 422 missa
254 384 344 429 est,
374 378 448 418 cui
478 378 637 418 statim
669 379 892 431 rescripsi
919 380 1130 430 singulos
1156 381 1358 420 nummis
1379 381 1723 432 quinquagenis

84 450 257 501 aureis,
288 454 338 489 ut
359 454 408 489 tu
428 449 660 500 postulaS,
693 449 890 490 obtineri
918 450 1107 490 minime
1134 462 1289 502 posse.
1322 451 1482 503 Neque
1514 452 1572 492 ad
1600 451 1724 492 hunc

83 522 205 562 diem
224 520 437 572 responsi
458 520 708 572 quicquam
729 521 905 572 accepi.
940 519 988 561 Si
1016 521 1098 561 tibi
1118 522 1167 561 in
1193 522 1350 562 animo
1382 528 1452 563 est
1482 523 1570 563 hoc
1597 524 1725 575 pium

84 605 139 634 ac
179 597 393 632 sanctum
426 590 621 643 Deoque
660 592 833 643 optimo
863 591 1071 632 Maximo
1111 593 1434 644 gratissimum
1474 606 1591 646 opus
1625 607 1724 647 per-

83 664 234 713 ficere,
258 668 308 702 ut
328 662 441 702 mihi
460 662 728 703 liberiorem
744 668 1026 714 potestatem
1047 664 1328 715 committas,
1353 665 1574 705 nimirum
1595 667 1654 706 ad
1674 665 1728 705 90

83 735 185 787 plus
205 734 358 774 minus
380 745 549 773 aureos
571 733 618 773 in
639 734 874 784 singulos,
898 739 1091 774 necesse
1113 741 1207 786 est,
1231 736 1340 787 quia
1362 736 1556 776 minoris
1577 738 1724 788 pueri,

83 805 312 846 foeminae
334 805 633 856 praesertim,
658 805 848 844 lusitani
868 805 1065 856 reperiri
1085 817 1177 846 non
1198 812 1396 857 possunt
1420 806 1447 845 ¹.
1470 806 1724 859 Lusitanis,

85 877 192 930 quia
213 875 368 916 Mauri
388 887 468 916 eos
489 881 648 916 emunt
670 888 697 916 a
718 875 901 926 Turcis,
925 877 1031 928 plus
1047 877 1243 917 remedii
1260 884 1344 917 est.
1368 877 1489 918 Nam
1510 880 1728 931 quamvis

84 953 246 1001 postea
280 947 473 987 maioris
510 959 537 987 a
569 947 785 997 cognatis
819 947 917 987 suis
950 947 1257 999 redimantur,
1287 949 1452 989 saltem
1478 961 1505 990 a
1526 934 1728 1002 vpeccato

84 1020 161 1060 illo
182 1018 470 1070 turpissimO,
494 1018 541 1058 in
563 1029 653 1069 quo
675 1018 976 1070 volutantur,
1000 1031 1084 1070 per
1111 1031 1191 1059 eos
1218 1020 1493 1071 eripiuntur.
1526 1021 1590 1061 At
1610 1033 1725 1062 vero

85 1101 267 1140 eorum,
294 1090 372 1140 qui
393 1094 690 1129 caeterarum
710 1095 818 1129 sunt
837 1090 1105 1141 nationum,
1129 1101 1304 1142 magna
1324 1092 1523 1143 perditio
1544 1099 1637 1144 est,
1672 1105 1728 1133 ac

85 1161 212 1201 multi
250 1166 492 1201 turcarum
527 1161 644 1200 ritus
684 1161 1030 1212 amplexantur.
1074 1160 1373 1214 Quapropter
1406 1169 1596 1214 gratum
1625 1163 1727 1204 Deo

84 1232 346 1284 praestabis
381 1232 670 1284 obsequium,
701 1232 740 1271 si
770 1232 937 1272 horum
964 1232 1142 1284 aliquot
1167 1233 1358 1273 liberari
1388 1234 1595 1275 iusseris.
1628 1234 1725 1276 Sin-

85 1303 201 1356 guli,
239 1304 278 1344 si
312 1310 545 1355 sumptus,
585 1303 664 1356 qui
697 1303 827 1354 fient,
866 1315 1104 1355 numeres,
1142 1304 1195 1344 60
1220 1306 1296 1344 vel
1323 1305 1383 1346 ad
1410 1318 1644 1348 summum
1676 1306 1729 1346 70

85 1375 284 1416 nummis
305 1375 462 1415 aureis
484 1381 704 1415 constare
726 1381 938 1426 possunt.

84 1512 222 1545 tifensis‚
238 1515 272 1539 et
289 1511 495 1544 CYPRIANUS,
511 1511 677 1538 Cellensis
689 1510 894 1538 Provinciae
913 1510 1183 1538 Proconsularis.
1200 1511 1307 1544 GAMS,
1325 1512 1444 1539 Series
1459 1513 1729 1548 Epz'scoporum,

83 1567 160 1595 pag.
173 1559 236 1593 465,
251 1559 437 1592 MORCELLI,
450 1559 574 1592 Africa
591 1559 867 1591 Clzrisliana,t.1,
880 1566 958 1593 pag.
973 1558 1024 1585 133
1038 1563 1071 1585 et
1087 1559 1147 1585 134.
1164 1559 1372 1592 Quibusnam
1387 1566 1500 1588 autem
1516 1561 1646 1596 oppidis
1661 1563 1726 1590 hae

84 1608 179 1636 sedes
193 1608 467 1635 attribuerentur
482 1607 650 1634 incertum
664 1606 797 1634 omnino
811 1612 873 1640 est;
890 1607 939 1634 ait
952 1606 1041 1634 enim
1052 1606 1216 1634 Morcelli:
1233 1607 1324 1634 “Non
1339 1616 1440 1636 unum
1453 1609 1486 1636 in
1501 1610 1622 1638 Africa
1637 1611 1728 1645 oppi-

84 1656 159 1683 dum
174 1655 346 1690 gaudebat
363 1655 426 1682 hoc
441 1655 574 1682 nomine
591 1654 728 1688 (Cella).·
743 1654 831 1688 quod
846 1662 865 1681 a
881 1655 1062 1688 frumento,
1080 1655 1175 1689 cujus
1191 1655 1300 1690 major
1315 1656 1440 1683 alicubi
1456 1658 1553 1691 copia
1568 1659 1726 1686 condere-

85 1707 148 1737 tur,
164 1703 357 1737 impositum
372 1703 534 1736 arbitron
551 1710 680 1729 morem
695 1703 816 1737 attigit
833 1702 976 1737 Hirtius,
992 1702 1029 1730 B.
1046 1703 1121 1730 Afr.
1139 1711 1166 1730 c.
1183 1711 1264 1735 XXV,
1278 1712 1308 1730 n.
1324 1704 1366 1730 65:
1380 1704 1445 1730 Est
1460 1705 1497 1731 in
1511 1705 1637 1740 Africa
1652 1713 1728 1733 con-

84 1751 229 1778 suetudo
246 1751 456 1783 incolarum,
473 1753 510 1777 ut
527 1751 563 1777 in
579 1751 678 1784 agris
700 1752 733 1777 et
752 1751 787 1777 in
804 1751 968 1777 omnibus
981 1750 1065 1785 sere
1086 1750 1186 1777 villis
1201 1751 1264 1778 sub
1280 1753 1378 1778 terra
1394 1756 1533 1786 specus,
1550 1754 1726 1781 condendi

77 1799 257 1834 frumenti
271 1800 403 1832 gratia,
417 1799 509 1825 clam
526 1798 711 1831 lzabeaut.„
726 1798 915 1825 Unici—Sed
930 1798 1007 1825 hinc
1023 1798 1116 1826 sacili
1132 1798 1329 1833 conjectura
1351 1800 1424 1833 quis
1439 1800 1582 1828 deducet
1601 1809 1726 1828 sermo-

83 1855 156 1874 nem
169 1847 223 1874 hic
239 1847 311 1874 fieri
327 1847 366 1873 de
382 1846 467 1873 Dno.
485 1846 688 1873 Sebastiano
703 1846 743 1872 de
760 1845 936 1879 Obregon,
953 1846 1008 1880 qui
1030 1847 1093 1873 hoc
1117 1851 1268 1880 tempore
1290 1846 1480 1882 Episcopus
1502 1852 1577 1875 erat
1598 1848 1727 1876 Marro-

85 1895 250 1930 chitanus,
266 1895 308 1922 de
324 1894 544 1928 illarruecos,
559 1895 681 1929 quique
697 1902 761 1921 non
776 1895 884 1921 solum
907 1895 1058 1927 titulum,
1081 1895 1177 1928 quasi
1194 1895 1229 1921 in
1247 1896 1418 1929 partibus
1434 1896 1648 1931 infidelium,
1665 1897 1725 1924 sed

81 1943 324 1978 J'urisdictionis
338 1946 548 1977 potestatem
562 1942 713 1969 habebat
730 1945 762 1968 et
778 1942 961 1969 exercebat
977 1941 1010 1969 in
1026 1942 1083 1969 illa
1100 1942 1236 1969 diocesi.
1260 1942 1350 1969 “Era
1368 1947 1528 1971 cntonces
1544 1944 1669 1979 Obispo
1685 1945 1725 1971 de

83 1989 277 2018 Marruecos
292 1990 367 2017 Don
382 1990 565 2018 Sebastian
580 1991 619 2017 de
636 1989 806 2024 Obregon,
823 1990 851 2016 e]
870 1990 949 2023 qual
965 1990 1103 2016 assistia
1120 1997 1160 2016 en
1172 1989 1301 2017 Sevilla
1318 1998 1358 2017 en
1373 1992 1424 2018 las
1439 1993 1669 2025 possessiones
1685 1993 1724 2019 de

83 2045 121 2066 su
135 2038 305 2073 dignidad,
321 2039 437 2066 siendo
453 2038 612 2065 Auxiliar
624 2038 840 2073 juntamente
858 2038 897 2064 de
913 2039 944 2064 el
959 2036 1067 2064 Sefior
1082 2037 1276 2072 Manrique;
1294 2047 1316 2074 y
1339 2039 1493 2073 despues,
1516 2040 1555 2066 de
1571 2041 1602 2067 el
1618 2040 1724 2067 Senor

83 2085 229 2120 Loaysa.
244 2087 328 2113 Este
344 2086 489 2114 Prelado
503 2086 628 2113 viendo
649 2093 713 2120 que
734 2093 776 2112 no
792 2086 893 2120 podia
909 2085 1043 2112 assistis
1059 2088 1077 2112 a
1093 2093 1149 2113 sus
1165 2085 1332 2113 Cautivas
1352 2086 1486 2121 Obejas,
1503 2095 1524 2121 y
1541 2096 1603 2122 que
1620 2095 1662 2115 no
1678 2093 1725 2115 te-

84 2133 160 2161 nian
174 2134 356 2169 Ministros,
372 2135 502 2168 impuso
518 2136 539 2161 a
550 2135 581 2161 el
596 2134 791 2160 Venerable
808 2133 918 2160 Padre
936 2133 1133 2167 Contreras,
1147 2141 1187 2160 en
1200 2142 1262 2168 que
1274 2142 1433 2168 passasse
1449 2137 1468 2161 a
1484 2135 1691 2169 Marruecos,
1703 2145 1725 2172 y

85 2189 145 2216 que
160 2182 323 2210 haziendo
338 2183 398 2209 alli
413 2190 470 2209 sus
483 2182 752 2215 redempciones,
778 2181 989 2208 exercitasse
1013 2182 1053 2208 de
1078 2183 1210 2209 camino
1232 2190 1271 2209 su
1294 2183 1365 2209 zelo
1381 2183 1581 2216 Apostolico
1597 2185 1726 2211 conses-

84 2229 196 2261 sando,
211 2238 234 2265 y
248 2230 454 2257 consolando
469 2230 569 2264 aquel
585 2230 689 2264 pobre
708 2229 859 2261 Rebafio,
875 2237 938 2264 que
954 2237 1015 2263 por
1032 2233 1146 2256 tantos
1162 2231 1339 2257 extravios
1355 2231 1490 2258 andaba
1505 2231 1556 2258 sin
1572 2231 1725 2265 Pastor.„

85 2275 143 2304 FR.
165 2277 356 2305 FRANcrsco
375 2285 419 2304 DE
444 2277 495 2304 Su
518 2277 603 2311 me
633 2285 675 2304 DE
699 2285 740 2304 EL
766 2278 912 2310 Pomm,
938 2277 1088 2304 Mz'ssz‘on
1113 2277 1279 2304 lzz'storial
1302 2279 1344 2305 de
1370 2278 1588 2309 Marruecos.
1608 2279 1665 2306 lib.
1688 2286 1724 2312 11,

85 2331 157 2359 cap.
172 2325 416 2353 xxn.—Patres
438 2330 554 2352 autem
568 2325 683 2353 Nufiez
699 2329 732 2352 et
749 2325 918 2352 Gonzalez
935 2325 974 2352 de
990 2326 1023 2352 la
1039 2324 1188 2352 Camara
1203 2325 1324 2352 missos
1339 2326 1371 2352 in
1388 2326 1544 2353 Africam
1559 2327 1660 2354 fuisse
1676 2335 1728 2354 ro-

85 2377 166 2406 gatu
180 2373 278 2408 hujus
293 2373 501 2401 Ferdinandi
517 2373 556 2400 de
569 2373 766 2407 Contreras,
781 2373 836 2408 qui
849 2374 944 2400 oneri
959 2372 1023 2400 sibi
1039 2374 1081 2400 ab
1098 2372 1265 2407 Episcopo
1282 2373 1438 2407 Obregon
1452 2375 1607 2408 imposito
1624 2375 1727 2408 impa-

84 2427 153 2448 rem
168 2428 202 2448 se
217 2423 437 2456 agnoscebat,
452 2422 624 2448 affirmant
639 2422 840 2456 quicumque
856 2421 896 2448 de
913 2421 966 2448 his
981 2421 1149 2455 scripsere
1169 2413 1202 2448 et
1218 2421 1290 2448 fuse
1306 2422 1442 2455 exponit
1460 2422 1494 2448 P.
1513 2422 1668 2449 Gauium
1684 2430 1726 2449 DE

84 2467 241 2502 ARANDA,
264 2468 352 2496 Vz'dcl
367 2470 422 2496 del
444 2469 479 2496 V.
496 2470 533 2496 P.
548 2469 739 2496 Fernando
760 2469 803 2496 de
820 2469 1020 2500 Contreras,
1039 2469 1096 2496 lib.
1120 2476 1169 2498 111.
1189 2476 1263 2503 cap.
1285 2477 1355 2495 xxv
1370 2474 1403 2496 ct
1425 2469 1727 2503 seq-Fatendum

86 2518 197 2543 tamen
212 2520 264 2543 est
276 2517 321 2544 1.⁰
335 2516 465 2551 nullibi,
482 2517 569 2552 quod
587 2517 750 2551 sciamus,
767 2517 855 2544 hunc
868 2516 1162 2544 Marrochitanum
1177 2516 1385 2550 Episcopum
1403 2516 1597 2544 Cellensem
1614 2519 1729 2551 appel-

85 2563 159 2590 lari:
175 2564 220 2590 2⁰
234 2564 267 2591 in
284 2564 399 2592 Patris
414 2565 531 2598 Jacobi
547 2565 655 2592 Miron
679 2565 802 2592 litteris
817 2565 966 2592 Octobre
989 2565 1126 2591 ineunte
1150 2564 1249 2598 hujus
1264 2565 1342 2591 anni
1359 2565 1457 2597 datis,
1474 2564 1563 2592 infra
1578 2572 1637 2592 suo
1653 2566 1727 2592 loco

85 2612 369 2646 transcribendis,
385 2620 576 2640 sermonem
596 2612 669 2639 fieri
685 2613 725 2639 de
742 2612 888 2647 quodam
905 2612 1077 2646 Episcopo
1094 2612 1136 2638 cie
1152 2611 1234 2638 Sale
1245 2633 1253 2643 ‚
1269 2612 1322 2645 qui
1340 2612 1409 2638 suis
1424 2613 1649 2648 eleemosynis
1664 2612 1726 2640 Pa-

86 2661 171 2686 trem
185 2659 299 2686 Nufiez
314 2660 347 2687 in
362 2667 464 2694 opere
486 2660 730 2694 redemptionis
753 2660 969 2694 captivorum
995 2660 1197 2694 adjuvabat.
1220 2659 1294 2692 Jam
1316 2666 1410 2691 vcro,
1427 2660 1453 2686 si
1469 2659 1524 2687 hic
1538 2660 1729 2694 Episcopus

86 2705 127 2733 de
142 2706 222 2734 Sale
239 2712 289 2735 est
310 2712 426 2735 noster
452 2707 622 2735 cellensis
642 2709 688 2741 (et
709 2709 792 2735 bene
816 2716 889 2735 esse
912 2712 1051 2742 potest;¹
1069 2712 1120 2734 est
1144 2708 1242 2741 enim,
1264 2708 1357 2742 justa
1373 2706 1540 2740 FERRARI,
1557 2707 1727 2735 Lexz'cum

85 2755 370 2789 geograpllicum,
383 2756 542 2790 oppidum
556 2756 588 2782 in
604 2755 822 2789 Mauritania,
839 2756 891 2783 cui
904 2763 1025 2783 nomen
1039 2755 1073 2782 in
1089 2756 1275 2782 vernacula
1292 2755 1384 2785 Cela,
1399 2755 1504 2782 latine
1521 2755 1632 2789 Sala),
1646 2759 1728 2782 tunc

86 2800 171 2828 alius
185 2806 236 2829 est
251 2804 293 2829 ab
308 2802 476 2836 Obregon.
499 2803 559 2830 Ille
576 2804 664 2830 enim
687 2811 752 2831 non
776 2804 882 2831 multo
904 2807 984 2830 ante
1008 2803 1191 2830 Octobrem
1212 2803 1312 2836 hujus
1326 2802 1404 2829 anni
1422 2806 1573 2837 tempore
1593 2803 1729 2830 Eborac

86 2845 178 2880 obiit;
191 2846 348 2882 Obregon
360 2855 454 2881 vero,
464 2848 565 2882 juxta
577 2848 651 2875 Dox
666 2847 800 2875 CARLos
813 2848 936 2875 RAmox
949 2847 1053 2881 Fom,
1069 2847 1216 2881 Espafia
1229 2848 1399 2880 sagrada,
1411 2852 1434 2874 t.
1449 2848 1494 2879 51,
1506 2847 1560 2874 De
1573 2848 1624 2874 los
1637 2847 1731 2875 Obz's—

59 2900 67 2910 ·
82 2895 148 2926 pos
159 2896 344 2928 espanoles
356 2896 524 2923 titulares
537 2896 579 2922 cle
592 2896 739 2929 igleszas
753 2897 790 2923 in
802 2896 972 2930 partibus
992 2895 1206 2930 infidelium,
1220 2902 1299 2929 pag.
1314 2894 1377 2929 209,
1395 2896 1539 2922 nondum
1555 2903 1643 2923 anno
1656 2895 1726 2923 1560

87 2946 104 2966 e
119 2948 210 2968 v1V1s
225 2947 433 2970 excesserat.

140 2987 151 3007 ¹
189 2989 268 3023 quia
291 2990 411 3017 minori
436 2991 547 3024 pretio
570 2991 683 3026 pueri,
706 2991 880 3025 multoque
905 2990 1074 3018 difficilius
1097 2991 1249 3024 puellae,
1272 2990 1500 3017 lusitanorum
1524 2990 1645 3018 redimi
1667 2999 1730 3018 non

86 3041 240 3068 possunt.

277 3096 326 3131 T.
357 3109 399 3131 ιι.
1449 3109 1482 3131 11
