2080 3392
274 193 344 230 292
788 189 1015 226 LITTERAE
1042 201 1401 233 QUADRIMESTRES

273 290 407 330 blicis
446 287 536 328 illis
570 286 737 326 studiis
770 286 974 338 impendi
1009 299 1348 339 conspexero„
1390 288 1621 329 Dominus
1655 288 1811 341 Jesus,
1851 288 1912 328 acl

275 360 399 401 sacri
419 358 667 408 Evangelii
687 357 1112 408 promulgationem
1132 359 1179 398 in
1207 371 1369 400 omnes
1398 360 1613 400 nationes
1642 359 1913 411 dispergen-

276 432 383 471 dam
405 436 449 469 et
477 430 658 469 lucrum
679 429 942 468 animarum
963 429 1318 481 amplissimum,
1344 438 1559 472 sanctam
1579 431 1801 483 Episcopi
1830 443 1906 470 vo·

273 503 498 542 luntatem
521 511 704 550 semper
724 499 882 539 foveat
904 506 1044 550 atque
1067 500 1327 542 confirmet.
1350 502 1517 542 Amen.

355 571 534 611 Verum
560 570 800 610 enimvero
833 575 988 610 utrum
1018 571 1065 610 in
1092 571 1170 611 illa
1192 571 1441 613 Societatis
1463 574 1730 614 consulibus
1751 579 1795 613 et
1815 573 1913 612 Ma-

274 641 547 694 gistratibus
587 640 985 682 commendandae
1023 641 1323 694 fatigatione,
1364 643 1492 685 Patri
1531 656 1636 685 cum
1675 644 1910 695 plerisque

275 712 602 754 controversia
622 712 747 752 haud
768 712 900 762 levis,
925 724 1065 764 super
1086 712 1339 754 Societatis
1360 721 1552 755 nostrae
1572 715 1810 755 reddenda
1839 727 1910 755 ra-

274 786 420 834 tione,
443 783 742 834 suscipienda
762 783 916 833 fuerit,
939 783 1241 825 Paternitatis
1270 790 1377 826 tuae
1398 787 1644 837 prudentia
1667 799 1760 826 non
1783 787 1909 837 igno-

273 862 360 896 rat.
393 855 481 895 Hic
517 854 575 895 ad
610 853 857 894 Societatis
890 855 1002 907 Jesu
1032 855 1331 906 mentionem,
1366 863 1554 900 austera
1585 864 1629 898 et
1659 857 1910 909 imperiosa

273 927 476 979 quadam
503 925 784 975 obiectione,
808 927 1201 977 percontabatur:
1233 927 1452 979 “Ergone
1474 929 1661 980 reliqui,
1694 941 1720 968 a
1750 934 1910 969 vestro

271 998 486 1038 instituto
509 998 670 1048 alieni,
695 1010 718 1037 e
740 997 972 1038 Societate
995 1004 1102 1038 sunt
1133 997 1377 1049 Diaboli?„
1411 1000 1543 1039 Alter
1572 1011 1688 1040 ausu
1717 1005 1909 1039 temera-

273 1069 342 1109 rio
363 1069 410 1108 in
430 1068 546 1109 haec
568 1069 709 1119 impia
730 1069 876 1108 verba
898 1069 1192 1120 erumpebat:
1218 1069 1336 1109 “vos
1358 1070 1544 1121 quidem
1565 1082 1736 1111 nomen
1757 1070 1908 1111 Socie-

271 1140 380 1180 tatis
400 1139 511 1192 Jesu
541 1139 704 1190 geritis
724 1140 856 1179 titulo
878 1145 1027 1179 tenus.
1051 1139 1114 1179 At
1144 1141 1450 1191 proculdubio
1479 1141 1690 1181 diabolus
1720 1147 1908 1182 vestrae

270 1211 520 1252 Societatis
548 1217 712 1251 auctor
740 1210 891 1250 extitit
904 1222 944 1261 „3
977 1211 1054 1262 qui
1082 1212 1223 1251 etiam
1253 1211 1543 1253 Daemonem
1571 1213 1777 1254 Concilio
1810 1213 1908 1252 Tri-

271 1283 459 1323 dentino
499 1281 680 1322 Ducem
715 1281 969 1332 praeficere
1004 1293 1165 1322 coram
1200 1283 1301 1334 ipso
1335 1283 1474 1323 Patre
1509 1290 1672 1323 nostro
1708 1295 1804 1323 non
1839 1289 1910 1323 est

269 1354 462 1394 veritus.
486 1353 695 1403 Tertius,
721 1352 967 1392 calumniis
987 1364 1082 1392 non
1112 1354 1332 1404 satiatus,
1363 1354 1513 1405 flagra
1542 1361 1586 1395 et
1614 1355 1801 1405 flagella
1830 1366 1906 1394 no-

269 1425 339 1465 bis
378 1424 743 1476 imprecabatur,
786 1424 891 1474 qui,
933 1424 1042 1463 dum
1080 1424 1137 1463 ab
1179 1425 1325 1465 altero
1366 1424 1616 1466 Societatis
1657 1426 1808 1465 amico
1847 1425 1907 1465 ad

268 1503 537 1537 nostrarum
559 1495 761 1546 partium
781 1495 993 1535 favorem
1013 1496 1345 1547 postularetur,
1369 1508 1454 1548 pro
1482 1497 1685 1548 benigna
1716 1508 1910 1548 respon—⁷

269 1568 414 1617 sione,
432 1566 697 1607 huiusmodi
712 1566 877 1615 verba,
902 1566 1066 1617 quibus
1088 1578 1173 1607 nos
1194 1566 1374 1618 feriret,
1399 1568 1607 1608 retorsit:
1636 1567 1724 1607 “Hi
1746 1567 1913 1618 flagris>

268 1639 420 1691 potius
442 1637 705 1688 castigandi
728 1643 772 1676 et
792 1649 850 1677 ex
866 1637 955 1677 hac
977 1636 1236 1682 Academia
1260 1638 1542 1689 profligandi
1573 1644 1701 1688 sunt,
1728 1644 1909 1678 tantum

269 1710 399 1750 abest
420 1715 469 1749 ut
491 1707 804 1748 admittendos
826 1719 1059 1748 censeam.
1077 1742 1093 1758 „
1126 1707 1302 1748 Omitto
1332 1709 1535 1749 leviores
1558 1709 1816 1749 calumnias
1846 1721 1901 1748 ac

266 1780 482 1830 iniurias,
517 1780 772 1819 obsecrans
806 1777 1061 1818 Dominum
1093 1778 1254 1831 Jesum
1284 1785 1333 1819 ut
1369 1780 1575 1819 offensas
1612 1779 1904 1820 adversario-

267 1864 369 1892 rum
392 1862 573 1899 omnes,
598 1850 771 1889 fructui
791 1849 1084 1900 Evangelico
1115 1850 1241 1890 haud
1268 1851 1370 1890 leve
1402 1850 1696 1902 dispendium
1724 1851 1909 1890 inuren-

267 1928 356 1973 tes,
381 1922 581 1961 inimicis
607 1921 795 1971 nostris,
819 1920 991 1966 forsanss
1007 1920 1065 1960 ab
1094 1920 1304 1960 hostibus
1334 1921 1629 1962 Christianae
1656 1920 1760 1961 fidei
1788 1921 1908 1960 male

268 1992 436 2043 suasis,
460 1992 690 2042 ignoscat.

347 2064 408 2104 Ut
429 2063 568 2114 igitur
593 2062 651 2102 ad
672 2062 935 2102 institutum
956 2068 1119 2102 nostra
1141 2062 1302 2102 redeat
1320 2063 1484 2111 oratiO,
1510 2062 1723 2113 Senatus,
1749 2063 1795 2102 in
1815 2074 1904 2113 quo

268 2136 474 2186 plerique
509 2134 644 2173 nobis
678 2133 1067 2184 adversabantur,
1108 2133 1437 2174 Procuratoris
1472 2133 1607 2184 Regii
1643 2133 1800 2173 audito
1837 2145 1905 2173 re-

269 2217 439 2257 sponso
461 2216 628 2256 parum
649 2216 732 2255 pro
754 2204 888 2244 nobis
909 2204 1130 2255 faciente,
1164 2210 1208 2244 et
1239 2217 1296 2244 ex
1325 2204 1541 2255 adverso,
1571 2204 1716 2256 Regis
1738 2205 1905 2244 iterata

270 2276 573 2316 concessione
596 2281 734 2326 atque
757 2274 1020 2315 Cardinalis
1042 2275 1240 2325 repetito
1261 2275 1425 2315 favore
1449 2275 1782 2324 consideratis,
1805 2286 1906 2326 pro-

268 2347 482 2387 lixiorem
504 2357 616 2386 suae
638 2345 895 2385 sententiae
916 2345 1389 2396 procrastinationem
1412 2358 1466 2385 ac
1488 2347 1631 2386 multo
1660 2346 1811 2386 minus
1833 2356 1904 2385 ca-

269 2417 529 2469 tegoricam
559 2417 796 2468 repulsam
826 2416 1002 2456 nostris
1031 2416 1269 2456 laboribus
1295 2416 1497 2456 reddidit
1524 2417 1901 2468 haudquaquam:

269 2494 592 2529 verumtamen
615 2499 790 2527 novam
812 2487 1065 2538 quamdam
1086 2488 1214 2527 viam
1235 2487 1497 2538 ingressus,
1533 2499 1668 2527 omne
1690 2499 1807 2527 onus
1827 2487 1905 2527 hu—

270 2559 412 2600 meris
445 2559 542 2599 suis
578 2559 843 2608 excutiens,
885 2558 1133 2597 universae
1173 2558 1523 2598 controversiae
1567 2557 1810 2597 arbitrium
1847 2557 1906 2596 ad

270 2629 647 2670 Reverendiss.mi
674 2629 896 2680 Episcopi
916 2627 1194 2668 Parisiensis
1217 2627 1227 2647 ¹
1257 2634 1301 2668 et
1328 2628 1642 2679 Theologicae
1670 2627 1909 2668 facultatis

271 2701 489 2741 iudicium
514 2700 774 2751 transtulit,
809 2699 990 2739 adiecta
1010 2700 1134 2750 lege,
1159 2710 1249 2750 qua
1270 2710 1319 2739 se
1339 2699 1561 2750 Episcopi
1583 2705 1626 2738 et
1648 2698 1909 2738 Facultatis

327 2908 337 2927 ¹
378 2906 581 2935 Parisiensis
603 2906 790 2940 Episcopus
813 2909 889 2932 erat
913 2904 1122 2932 Eustachius
1146 2905 1189 2932 du
1212 2905 1351 2940 Bellay;
1368 2905 1407 2931 de
1423 2912 1460 2932 eo
1476 2905 1613 2939 ejusque
1630 2904 1662 2932 in
1678 2905 1740 2931 hoc
1764 2904 1908 2938 negotio

273 2955 380 2989 gestis
395 2954 559 2981 videndus
574 2954 683 2988 PRAT,
700 2953 890 2980 &lentot-'res
900 2956 992 2987 pour
1007 2953 1125 2979 servir
1141 2954 1160 2979 ἁ
1176 2952 1348 2979 l'lzistoz‘re
1364 2953 1410 2979 du
1427 2952 1514 2979 Ρὲνε
1530 2952 1637 2979 Βνοοί
1653 2954 1686 2980 et
1711 2952 1773 2980 des
1797 2952 1904 2986 origi-

275 3009 336 3029 nes
351 3002 393 3029 de
408 3003 442 3029 la
460 3002 671 3036 Compagm‘e
687 3001 729 3028 de
743 3001 850 3035 Je‘sus
865 3007 906 3027 en
923 2999 1076 3032 France,
1095 3004 1184 3034 part.
1201 3007 1248 3032 111,
1266 3000 1322 3027 lib.
1338 3007 1357 3026 1.

2078 82 2080 87 .
2064 0 2080 49 ..ιζᾘ
