2080 3392
342 218 412 255 200
850 215 1077 253 LITTERAE
1104 225 1461 259 QUADRIMESTRES

343 313 677 354 aedificationis
698 312 902 352 odorem.
936 311 1083 351 Paces
1110 312 1229 351 inter
1251 311 1575 352 dissentientes
1606 312 1821 363 componi
1848 311 1972 352 idem

342 386 528 435 insuper
567 382 705 423 Pater
744 388 898 433 curat,
935 382 1078 433 quod,
1114 382 1303 422 favente
1336 382 1453 432 Deo,
1490 382 1740 434 aliquando
1775 382 1970 423 feliciter

344 454 583 494 successit.
617 453 748 494 Gerit
770 453 911 492 etiam
932 453 1118 493 circiter
1139 453 1477 504 quinquaginta
1505 453 1815 493 foeminarum
1842 453 1971 504 spiri-

343 525 535 564 tualium
557 535 740 574 curam,
766 535 881 575 quas
903 523 1138 563 mensibus
1160 523 1355 574 singulis
1384 523 1676 563 confessione
1697 524 1974 564 emundatas

343 594 679 645 communicat,
718 594 1086 634 communicatas
1121 594 1445 634 exhortatione
1479 594 1538 633 ad
1571 594 1973 645 perseverantiam

342 666 773 716 incrementumque
821 665 1041 705 stimulat.
1097 665 1407 705 Incarceratis
1451 665 1698 704 visitandis
1746 665 1974 705 hactenus

342 735 494 776 facilis
513 747 607 775 non
627 735 712 776 fuit
734 746 973 776 accessus:
997 735 1179 775 facilior
1208 741 1365 775 tamen
1392 741 1629 786 speratur,
1659 746 1767 774 nam
1795 735 1976 775 solicite

344 807 390 846 id
411 807 679 847 curavimus
701 819 807 847 cum
829 818 898 857 eo,
930 806 1074 858 quiid
1094 812 1337 857 praestare
1367 811 1534 856 potest.
1567 805 1814 845 Exercitiis
1844 806 1974 857 spiri-

343 878 545 918 tualibus
566 877 682 918 duos
703 883 859 917 tresve
880 877 1073 917 iuvenes
1095 888 1315 916 exercere
1333 877 1713 926 decreveramus,
1739 877 1821 916 sed
1836 887 1973 927 pago·

346 960 449 989 rum
469 949 677 989 visitatio
701 948 1008 988 differendum
1030 948 1177 988 suasit
1197 947 1452 998 negotium.

423 1019 471 1060 Si
501 1020 730 1071 quomodo
759 1020 835 1059 hic
864 1019 1122 1068 audiamus,
1157 1018 1317 1058 audire
1348 1018 1475 1069 cupit
1501 1017 1554 1057 T.
1582 1017 1654 1067 R,
1686 1028 1846 1057 omnes
1880 1017 1978 1058 fere

345 1091 404 1131 ad
424 1102 587 1140 unum,
612 1091 840 1130 honorum
865 1089 1163 1140 exhibitione,
1187 1088 1559 1129 mortificationis
1586 1088 1710 1128 haud
1738 1099 1850 1141 sane
1886 1089 1976 1128 exi-

345 1172 486 1212 guam
508 1161 753 1201 materiam
777 1166 1052 1211 suggerunt.
1076 1160 1201 1200 Dum
1222 1160 1364 1199 semel
1383 1159 1485 1210 pios
1506 1160 1733 1211 quosdam
1753 1159 1810 1199 D.
1834 1158 1976 1199 Fran-

345 1232 457 1272 cisci
491 1232 736 1282 religiosos
772 1231 1093 1280 inviserimus,
1134 1230 1210 1281 qui
1244 1230 1421 1281 primus
1455 1241 1616 1270 eorum
1651 1229 1977 1269 salutationem

346 1309 415 1343 est
450 1314 646 1343 exorsus
682 1303 729 1342 in
763 1302 881 1342 haec
916 1301 1062 1341 verba
1097 1301 1267 1352 erupit:
1310 1300 1478 1341 “Heml
1508 1301 1734 1352 numquid
1765 1312 1868 1351 vos,
1901 1301 1979 1351 qui

345 1380 500 1414 tantos
520 1374 695 1425 passim
715 1373 894 1412 fructus
920 1371 1123 1421 facitis?„
1152 1370 1248 1411 Nos
1276 1372 1402 1411 velut
1431 1371 1636 1421 attoniti,
1660 1371 1804 1411 risum
1833 1371 1976 1422 suspi-

347 1450 507 1484 cantes
535 1450 613 1484 aut
648 1443 922 1492 ludibrium,
960 1443 1020 1482 ad
1053 1442 1179 1482 aliud
1216 1453 1481 1482 sermonem
1516 1442 1858 1481 transferimus.
1890 1440 1980 1482 Sed

347 1515 537 1556 alterius
576 1526 738 1554 rursus
779 1514 1070 1553 occurrentis
1110 1513 1272 1553 eadem
1311 1512 1550 1563 salutatio,
1594 1525 1648 1553 ac
1689 1512 1875 1553 demum
1913 1512 1980 1563 (ut

347 1587 499 1634 aiunt)
542 1585 768 1626 Gardiani
789 1596 842 1624 eo
881 1595 1085 1634 vergens
1120 1584 1488 1635 congratulatio,
1522 1583 1670 1623 falsae
1701 1583 1980 1634 suspicionis

346 1664 537 1698 nostrae
558 1668 646 1696 nos
667 1655 927 1696 admonuit.

426 1728 666 1768 Hactenus
705 1727 760 1767 de
806 1727 964 1776 elapso
1006 1725 1365 1777 quadrimestri,
1408 1724 1634 1764 maiorem
1675 1724 1720 1764 in
1766 1724 1977 1775 sequenti

347 1805 645 1850 proventum,
684 1809 766 1848 per
801 1797 889 1837 Dei
922 1798 1145 1848 gratiam,
1182 1795 1469 1836 orationibus
1504 1794 1558 1834 R.
1595 1794 1646 1834 T.
1678 1795 1978 1845 impetratum

348 1881 605 1921 speramus.

428 1940 648 1991 Eugubii‚
672 1939 819 1991 pridie
841 1939 1062 1979 calendas
1083 1938 1300 1987 Martias,
1328 1936 1441 1976 1553.

429 2011 480 2051 Ta
505 2011 558 2050 R.
583 2010 631 2049 Ρ.

430 2082 574 2122 Filius
595 2081 835 2131 indignus,

1257 2218 1511 2259 OLIVERius
1533 2218 1810 2257 MANAREUS.

433 2434 799 2486 Sztperscl‘z'ptio.
823 2433 1088 2473 Admodum
1109 2432 1155 2471 in
1175 2432 1259 2472 X.⁰
1279 2431 1326 2471 P.
1352 2430 1480 2471 Patri
1501 2430 1682 2481 Ignatio
1705 2429 1760 2469 de
1781 2428 1977 2480 Loyola,

353 2506 625 2557 Praeposito
647 2504 866 2545 Generali
886 2503 1134 2543 Societatis
1154 2501 1284 2554 Jesu,
1309 2501 1500 2541 Romae.

433 2577 543 2616 Alsa
565 2587 733 2616 mann:
759 2575 859 2614 1553
879 2574 1016 2625 quad.
1044 2573 1226 2623 Augub.
1251 2572 1397 2623 pridie
1417 2572 1477 2611 kl.
1503 2571 1714 2612 Martias.
