2080 3392
800 183 883 220 Ax.
915 182 1007 220 1553
1657 178 1725 215 167

165 284 249 325 Piu
284 283 469 323 difficile
507 287 531 323 e
564 288 687 323 stato
724 281 985 334 provedere
1021 280 1079 319 ad
1117 279 1273 319 alcuni
1307 277 1501 328 curiosi,
1534 277 1548 316 i
1578 276 1721 328 quali,

85 367 217 397 come
238 354 445 404 censori,
469 354 702 394 volevano
723 352 822 393 fare
843 363 936 392 non
967 363 1019 391 so
1048 351 1133 390 che
1161 361 1312 402 prova
1340 348 1457 389 delle
1485 359 1592 388 cose
1619 358 1722 388 nos-

85 435 177 478 tre,
206 426 441 467 cercando
462 431 506 465 et
527 424 863 475 interrogando
894 435 986 474 qua
1016 422 1075 461 da
1106 421 1183 461 noi
1210 432 1294 472 per
1321 420 1497 460 trovar’
1526 419 1723 470 qualche

87 509 199 539 cosa
219 496 278 536 da
299 496 603 537 calumniare.
624 495 715 535 Pur
732 506 759 534 a
777 495 820 534 la
837 494 916 545 piu
944 498 1077 544 parte
1093 492 1154 532 ha
1171 492 1383 544 provisto
1402 491 1433 530 il
1449 489 1537 531 §.se
1554 489 1660 539 Dio,
1680 494 1725 529 et

86 581 179 609 non
214 567 253 608 si
281 567 532 619 partivano
567 566 718 618 prima
741 565 826 605 che
856 563 1105 604 vedessino
1141 569 1185 603 et
1212 565 1248 602 s'
1283 562 1617 613 accorgessino
1653 560 1726 600 del

86 642 185 680 loro
208 639 350 689 male,
375 644 420 678 et
439 649 532 678 non
554 649 685 678 come
718 636 902 676 censori
930 636 985 675 de
1012 635 1111 685 noi,
1136 645 1212 674 ma
1235 634 1279 673 di
1301 645 1350 673 se
1372 633 1507 673 stessi
1535 644 1623 672 con
1652 632 1724 672 de-

85 710 256 751 siderio
278 715 322 749 et
349 709 567 760 maggior
595 707 812 760 63036113
839 707 895 747 (16
926 705 1265 746 emendatione.
1289 704 1412 744 Altri
1443 704 1593 744 anche
1613 715 1722 743 ven-

83 792 208 833 gono
229 781 288 820 da
311 780 410 829 noi,
434 791 532 830 ma,
555 791 613 819 ne
637 779 694 819 ab
715 777 982 819 hominibus
1003 776 1268 826 videantur,
1303 775 1350 815 di
1378 780 1528 824 notte,
1563 774 1722 814 nondi-

83 864 219 893 meno
249 864 337 892 con
365 852 521 892 buono
550 851 707 890 animo
736 848 969 890 cercando
997 849 1075 900 qui
1101 859 1269 900 panem
1296 847 1500 897 frangat.
1534 846 1611 886 Ma
1643 857 1728 897 per

82 923 194 974 ogni
214 924 398 974 piccola
420 922 675 962 tentatione
697 922 736 961 si
759 922 1044 961 alontanano
1067 926 1111 959 et
1137 919 1446 970 perturbano;
1479 919 1567 958 alle
1597 919 1726 957 volte

85 995 247 1045 pentiti
281 994 551 1046 seguitano,
590 1005 617 1032 a
651 993 790 1043 longe
826 1004 928 1044 pur,
967 991 1097 1031 accio
1133 1003 1226 1030 non
1261 991 1301 1030 si
1335 990 1526 1042 pentino
1563 990 1729 1029 venire

85 1076 254 1118 troppo
278 1077 488 1117 apresso.
512 1064 574 1105 Di
594 1063 733 1105 modo
757 1063 865 1114 che,
890 1075 979 1102 con
999 1062 1181 1114 grande
1203 1061 1537 1111 admiratione,
1563 1061 1601 1101 si
1622 1072 1727 1112 pos-

84 1148 199 1178 sono
222 1136 523 1177 considerare
540 1142 585 1176 et
605 1137 648 1175 13
671 1135 898 1176 diversita
916 1134 1023 1175 delli
1043 1133 1250 1185 ingegni,
1275 1139 1320 1173 et
1337 1133 1368 1172 li
1385 1132 1514 1173 molti
1531 1132 1727 1183 inganni

84 1216 128 1250 et
150 1209 318 1249 astutie
340 1209 414 1249 del
435 1208 668 1248 demonio.

163 1279 371 1321 Sforzasi
390 1280 532 1320 etiam
553 1279 580 1319 l’
601 1279 791 1319 inimico
814 1277 935 1318 della
957 1277 1112 1318 verita
1135 1277 1383 1317 inventare
1414 1287 1524 1315 cose
1555 1286 1725 1325 nuove,

87 1363 182 1391 non
205 1363 347 1392 senza
367 1351 683 1402 grandissimo
705 1349 860 1390 danno
885 1355 929 1389 et
948 1349 1157 1401 periculo
1180 1347 1253 1388 del
1271 1348 1388 1387 bene
1411 1347 1528 1387 delle
1556 1346 1724 1386 anime.

83 1423 140 1463 Et
165 1427 190 1463 e
212 1423 297 1464 che
319 1434 521 1475 procura
545 1423 583 1462 si
603 1422 804 1462 raunino
826 1422 871 1461 in
894 1420 1010 1461 certi
1031 1419 1359 1466 conventicoli,
1383 1425 1428 1458 et
1450 1418 1585 1470 quasi
1607 1418 1726 1457 sina-

81 1495 259 1546 goghe,
299 1495 330 1534 li
363 1495 443 1546 piu
477 1494 683 1546 provetti
717 1493 853 1545 quasi
882 1493 927 1532 di
947 1498 1077 1538 ,tutta
1106 1492 1150 1531 la
1179 1491 1273 1531 cita
1298 1491 1373 1530 nel
1408 1490 1592 1542 spirito,
1632 1501 1727 1530 non

82 1565 184 1606 dico
205 1566 416 1606 huomini
437 1567 711 1615 solamente,
736 1577 812 1605 ma
835 1564 985 1604 anche
1006 1563 1174 1613 donne,
1205 1562 1252 1602 di
1272 1568 1399 1602 sorte
1421 1562 1506 1601 che
1527 1563 1555 1601 l'
1585 1562 1723 1613 impe-

80 1637 208 1678 disce
234 1637 359 1678 dalla
387 1649 502 1678 vera
534 1636 835 1689 perfettione,
873 1634 1202 1688 persuadendo
1234 1635 1377 1673 esser'
1408 1634 1451 1673 13
1481 1645 1596 1673 vera
1624 1645 1725 1685 per—

81 1709 272 1750 settione
295 1709 368 1750 del
390 1709 554 1761 spirito
585 1709 632 1748 in
660 1708 914 1748 cerimonie
941 1718 1129 1758 grosse,
1160 1714 1205 1746 et
1232 1706 1338 1746 altri
1358 1705 1722 1756 ragionamenti3

81 1781 111 1820 il
131 1781 217 1821 che
238 1780 285 1821 fa
311 1786 431 1821 tutto
453 1792 536 1832 per
557 1779 818 1820 ministerio
842 1779 897 1819 de
918 1778 1058 1830 quelli
1080 1778 1164 1818 che
1188 1777 1344 1817 danno
1367 1777 1412 1817 di
1435 1788 1484 1816 se
1506 1776 1725 1828 opinione

81 1852 136 1892 de
156 1852 337 1903 grande
359 1852 549 1892 santita.
574 1850 800 1903 Speramo
823 1851 898 1890 nel
918 1849 1006 1891 ΒΓΕ
1029 1849 1114 1889 6116
1137 1855 1298 1901 queste
1320 1848 1484 1888 insidie
1506 1848 1554 1888 in
1580 1848 1724 1888 breve

80 1931 234 1975 tempo
264 1935 314 1963 se
344 1923 762 1973 manifestaranno,
797 1928 841 1962 et
868 1934 962 1962 non
990 1924 1275 1973 permettera
1303 1920 1388 1960 che
1415 1919 1546 1960 molti
1579 1919 1724 1959 buoni

82 1996 118 2034 s’
144 1994 418 2035 affatichino
440 1994 655 2034 indarno.
686 1994 861 2044 Questo
891 1992 951 2033 ho
982 1993 1145 2032 voluto
1168 1992 1253 2032 dir'
1279 2003 1306 2031 a
1326 1991 1386 2031 V.
1418 1990 1470 2031 R.
1506 1991 1637 2031 accio
1658 1991 1721 2030 in-

83 2065 222 2105 tenda
256 2065 382 2118 quali
417 2077 527 2106 cose
560 2065 879 2117 impediscono
909 2064 939 2104 il
967 2063 1111 2104 frutto
1141 2062 1226 2103 che
1254 2063 1293 2102 51
1321 2062 1475 2114 potria
1508 2062 1610 2102 fare
1639 2074 1724 2114 per

82 2142 242 2187 questo
272 2149 357 2177 suo
384 2136 608 2188 Collegio;
639 2142 684 2177 et
711 2137 759 2176 in
788 2147 903 2176 Vero
933 2141 1097 2188 questo
1126 2146 1219 2174 non
1252 2138 1275 2174 e
1305 2134 1361 2174 de
1397 2146 1517 2186 poca
1553 2134 1719 2185 impor-

81 2213 219 2248 tanza
240 2214 284 2248 et
310 2208 657 2260 impedimento.
692 2206 850 2248 Siamo
884 2206 1101 2258 occupati
1129 2205 1331 2246 tuttavia
1362 2205 1408 2245 in
1438 2205 1723 2245 confessioni

81 2278 128 2318 in
145 2279 307 2330 luoghi
328 2281 426 2320 cosi
447 2279 621 2331 privati
641 2290 774 2319 come
796 2278 984 2329 publici.
1009 2276 1135 2318 Sono
1158 2277 1288 2317 molti
1309 2277 1341 2316 li
1362 2277 1488 2327 quali
1518 2288 1614 2316 non
1640 2288 1718 2315 vo⁴

80 2350 238 2400 gliano
271 2350 344 2390 far
379 2362 490 2390 cosa
528 2351 718 2400 alcuna,
750 2353 808 2389 ne
838 2349 1081 2401 spirituale
1108 2352 1167 2388 ne
1197 2348 1476 2399 temporale,
1514 2359 1655 2387 senza
1690 2347 1722 2386 il

79 2433 218 2472 parer
238 2428 400 2462 nostro
423 2428 467 2462 et
489 2422 648 2472 guida.
673 2421 844 2462 Cresce
873 2421 1015 2461 etiam
1047 2420 1157 2471 ogni
1186 2419 1354 2470 giorno
1382 2419 1412 2458 il
1436 2430 1632 2458 numero
1663 2418 1722 2458 de

81 2493 238 2544 quelli,
269 2493 300 2533 li
328 2493 452 2544 quali
479 2493 787 2544 frequentano
820 2494 864 2533 13
892 2492 1240 2542 communione,
1272 2496 1315 2531 et
1342 2491 1422 2542 piu
1454 2490 1579 2530 assai
1608 2489 1721 2530 han-

79 2564 182 2603 nosi
215 2564 551 2604 communicati
585 2576 669 2616 per
698 2564 728 2604 il
757 2563 1017 2603 ministerio
1052 2569 1215 2603 nostro
1250 2563 1370 2602 nelle
1404 2561 1520 2601 feste
1552 2561 1599 2601 di
1630 2560 1718 2601 Na-

79 2636 191 2686 tale,
229 2635 314 2675 che
351 2636 518 2686 prima.
551 2635 586 2675 Il
618 2634 705 2676 §.re
732 2647 820 2693 con
849 2646 933 2675 sua
964 2634 1103 2675 solita
1130 2634 1373 2684 benignita
1407 2634 1454 2673 in
1485 2638 1647 2684 queste
1674 2639 1719 2672 et

80 2706 195 2747 altre
227 2718 335 2747 cose
370 2719 428 2746 ne
464 2706 683 2756 esercita,
722 2708 763 2746 le
795 2707 932 2758 quale
967 2718 1049 2758 per
1085 2706 1269 2746 brevita
1302 2706 1498 2745 lassaro.
1536 2703 1660 2744 Poco
1692 2716 1719 2744 3

78 2787 197 2827 poco
230 2778 428 2829 qualche
458 2778 585 2817 volta
614 2789 697 2829 per
728 2778 773 2817 la
802 2777 930 2818 Iddio
958 2777 1116 2829 gratia
1144 2787 1360 2816 verremo
1391 2787 1418 2815 a
1445 2776 1722 2827 particulari

79 2848 299 2900 esercitii,
337 2860 431 2888 non
467 2849 685 2889 havendo
721 2849 856 2900 quasi
890 2861 940 2889 se
968 2861 1062 2889 non
1100 2849 1146 2888 in
1179 2848 1401 2899 generale
1429 2847 1547 2887 fatto
1577 2859 1661 2898 per
1688 2847 1719 2887 il

77 2925 282 2979 passato.
320 2919 547 2972 Speramo
585 2920 789 2971 magiori
830 2931 938 2960 cose
979 2921 1053 2960 nel
1090 2918 1178 2959 §.se
1217 2919 1404 2970 quando
1440 2919 1471 2959 il
1504 2920 1644 2969 luogo
1676 2918 1722 2958 ci

80 2989 311 3040 agiutara.
