2080 3392
287 125 358 162 430
799 122 847 158 Li
856 132 1025 158 TTERAE
1052 132 1407 165 QUADRlMEsTREs

991 517 1219 626 CGLIv

361 801 547 838 Michael
568 800 771 837 Ramirez

407 866 527 902 Patri
545 865 714 913 Ignatio
734 865 786 902 de
806 865 990 912 Loyola.

452 930 706 978 Methymna
726 930 894 977 Campi,
914 930 1161 977 Septembri
1181 929 1272 966 1553
1291 929 1315 966 ¹.

1058 1209 1154 1250 IHs
1180 1220 1185 1225 ’

368 1423 634 1464 Admodum
655 1422 754 1463 Rde
771 1423 818 1463 in
838 1423 958 1474 Xpo.
982 1430 1131 1474 pater.

370 1495 535 1535 Gratia
557 1501 600 1534 et
621 1506 715 1545 pax
736 1495 792 1534 ab
814 1506 884 1543 eo,
918 1493 994 1545 qui
1012 1500 1231 1545 operatus
1260 1498 1329 1533 est
1356 1493 1554 1533 salutem
1574 1492 1620 1532 in
1650 1492 1802 1532 medio
1830 1499 1916 1533 ter-

292 1578 387 1606 rae.
419 1565 486 1606 Ne
514 1565 662 1605 instar
682 1565 805 1616 pigri
831 1565 952 1604 illius
979 1564 1124 1615 servi,
1163 1563 1351 1603 sudario
1378 1563 1709 1603 demandatum
1736 1563 1823 1603 sibi
1850 1569 1915 1603 ta-

286 1638 462 1676 lentum
484 1636 766 1676 involventis
787 1634 821 1686 ²‚
847 1635 1132 1675 incusandus
1155 1634 1468 1686 negligentiae
1488 1633 1664 1681 videar,
1687 1633 1813 1674 haud
1839 1645 1917 1686 pa-

289 1719 391 1747 rum
411 1707 577 1747 fecisse
600 1706 817 1756 arbitror,
841 1706 879 1746 si
900 1705 948 1746 P.
969 1705 1021 1745 T.
1041 1705 1290 1745 certiorem
1306 1705 1461 1745 fecero
1479 1704 1534 1744 de
1552 1704 1766 1745 omnibus
1781 1704 1915 1745 bene-

288 1778 418 1828 ficiis,
439 1789 560 1829 quae
581 1789 789 1817 summus
812 1777 886 1817 ille
908 1777 1103 1827 largitor
1124 1787 1367 1816 munerum
1386 1775 1590 1826 indignis
1611 1775 1746 1815 nobis
1762 1776 1915 1827 proxi—

288 1849 374 1889 mis
395 1855 591 1900 quatuor
613 1848 849 1888 mensibus
871 1847 1085 1888 conferre
1107 1848 1326 1898 dignatus
1348 1852 1431 1887 est.
1459 1847 1520 1887 Ut
1541 1846 1682 1897 igitur
1709 1846 1917 1886 iniuncto

286 1920 577 1960 obedientiae
597 1931 789 1960 munere
805 1918 992 1969 fungar,
1011 1931 1103 1971 qua
1119 1924 1282 1970 potero
1298 1918 1543 1967 brevitate,
1564 1929 1682 1969 quae
1700 1918 1788 1957 hoc
1806 1923 1914 1957 tem-

286 1992 413 2042 poris
448 1991 599 2043 spatio
630 1990 894 2041 evenerint,
927 1990 1015 2030 hac
1041 1990 1238 2041 epistola
1272 1988 1543 2041 paternitati
1578 1995 1685 2028 tuae
1719 1988 1913 2040 perscri-

287 2063 393 2103 bam
414 2061 442 2103 ³.

364 2133 592 2173 Existimo
612 2133 705 2172 iam
725 2138 769 2172 te
791 2133 893 2172 aliis
919 2144 977 2173 ex
1002 2132 1168 2172 litteris
1195 2131 1434 2182 accepisse
1464 2130 1630 2181 equitis
1657 2130 1914 2180 cuiusdam,

285 2215 457 2255 genere
479 2210 523 2244 et
539 2203 823 2254 imaginibus
843 2202 971 2254 clari,
994 2203 1132 2243 huius
1153 2202 1325 2254 oppidi,
1343 2207 1588 2241 anteactae
1605 2201 1730 2240 vitae
1748 2207 1791 2240 et
1812 2201 1917 2241 odio

286 2281 330 2314 et
352 2275 512 2314 dolore
540 2274 759 2314 commoti
779 2274 1095 2314 mutationem.
1121 2272 1250 2324 Quae
1277 2272 1402 2312 haud
1422 2283 1588 2323 parurn
1619 2271 1918 2311 emolumenti

287 2345 471 2396 animis,
493 2357 587 2385 non
608 2346 760 2385 solum
786 2344 959 2384 civium
981 2349 1025 2384 et
1045 2344 1318 2394 amicorum,
1349 2354 1515 2383 verum
1537 2342 1678 2382 etiam
1704 2348 1916 2381 externo—

285 2428 402 2466 rum,
426 2416 633 2456 contulit.
656 2414 752 2456 Nec
780 2415 949 2455 iniuria
976 2414 1022 2454 id
1042 2414 1241 2465 quidem.
1271 2413 1516 2464 Ingressus
1546 2413 1669 2452 enim
1696 2412 1817 2452 hanc
1838 2424 1915 2452 no-

339 2553 350 2573 ¹
388 2552 648 2587 Autographae,
664 2552 696 2579 in
711 2552 791 2579 folio
806 2551 940 2586 duplici,
957 2558 1007 2578 nn.
1022 2550 1074 2578 459
1089 2554 1122 2578 et
1137 2550 1199 2577 460.
1214 2549 1252 2577 In
1263 2549 1311 2577 eis
1326 2549 1444 2577 ultima
1457 2552 1591 2576 tantum
1606 2549 1722 2581 verba,
1740 2548 1913 2574 minimus

286 2602 319 2627 et
333 2600 504 2633 indignus
518 2603 550 2634 p.
565 2601 587 2627 t.
601 2599 712 2633 filiu-5,
726 2598 878 2626 Mz'chaie'l
892 2598 1080 2630 Ramirez,
1093 2603 1171 2625 sunt
1186 2605 1287 2624 manu
1308 2597 1411 2631 ipsius
1441 2596 1598 2623 Ramirez
1618 2595 1763 2629 scripta;
1786 2595 1918 2629 reliqua

286 2647 444 2675 exaravit
457 2647 492 2674 P.
507 2646 630 2674 Petrus
645 2646 971 2673 Sevillano.-Aliud
991 2645 1125 2680 proprie
1141 2652 1206 2672 non
1221 2648 1297 2671 sunt
1313 2651 1414 2678 quam
1432 2643 1539 2670 latina
1555 2642 1831 2677 praecedentium
1851 2641 1915 2669 Pa-

286 2695 348 2723 tris
363 2694 536 2722 Sevillano
551 2694 748 2722 litterarum
761 2693 892 2727 versio;
909 2693 1076 2727 quaedam
1092 2697 1206 2719 tamen
1221 2692 1395 2719 continent
1410 2698 1495 2725 quae
1522 2691 1553 2717 in
1576 2690 1642 2717 illis
1663 2693 1741 2716 sunt
1760 2692 1914 2724 praeter-

285 2742 398 2770 missa.
415 2741 530 2769 Pauca
544 2742 577 2768 in
592 2741 640 2768 eis
655 2741 849 2768 emendavit
865 2740 1041 2772 Polancus,
1065 2747 1149 2774 quae
1171 2747 1231 2766 nos
1252 2739 1294 2766 ad
1309 2738 1455 2772 paginae
1471 2738 1601 2764 calcem
1616 2737 1864 2770 exscribemus;
1881 2739 1915 2762 et

286 2797 403 2818 earum
417 2789 465 2816 ita
480 2788 738 2816 emendatarum
753 2791 849 2815 extat
864 2788 969 2815 etiam
983 2787 1219 2821 apographum
1234 2787 1267 2813 in
1282 2786 1368 2813 foliis
1384 2793 1439 2813 nn.
1454 2785 1506 2811 456
1521 2788 1554 2811 et
1569 2785 1631 2810 457.

339 2837 352 2856 2
390 2836 467 2868 His,
481 2844 502 2864 a
515 2836 656 2864 vocibus
679 2835 731 2862 Ne
746 2837 874 2868 instar,
889 2835 1025 2869 deletis,
1040 2834 1217 2861 substituit
1232 2833 1399 2860 Polancus
1418 2833 1521 2859 haec:
1546 2832 1585 2858 Ut
1601 2831 1820 2858 obedientiae
1843 2837 1915 2857 mu-

288 2892 371 2912 nere
387 2884 521 2917 fungar
542 2890 582 2910 ac
596 2890 650 2910 ne.

339 2934 352 2952 5
390 2931 485 2959 Hanc
498 2930 672 2965 periodum
688 2930 875 2964 suppressit
891 2929 1070 2957 Polancus.
