2080 3392
873 179 957 217 AN.
987 178 1081 216 1553
1732 174 1804 211 293

150 292 385 321 censurae
407 286 450 319 et
473 279 667 319 arbitrio
698 277 1018 319 adhaesurum
1039 283 1083 317 et
1112 275 1340 326 suffragio
1372 272 1672 314 irrevocabili
1698 271 1799 312 sub-

158 352 445 404 scripturum
467 362 569 391 esse
587 350 894 401 astringebat.

234 423 395 474 Itaque
422 421 711 473 Charybdim
738 432 881 473 aegre
914 420 1130 470 eluctati,
1160 418 1408 470 praecipiti
1434 418 1570 469 lapsu
1598 416 1645 456 in
1672 414 1799 467 Scyl-

152 496 250 535 lam
283 507 428 547 prope
464 494 665 534 demersi
698 504 875 533 sumus.
911 492 1052 540 Nam,
1090 503 1193 531 cum
1231 491 1330 530 solo
1361 489 1536 530 Senatu
1571 488 1800 528 hactenus

154 566 466 611 certantibus,
496 565 634 605 modo
665 571 710 604 et
738 575 845 604 cum
871 563 1105 615 Episcopo
1134 568 1180 602 et
1209 573 1316 601 cum
1347 561 1591 601 Facultate
1626 559 1800 599 theolo-

154 639 263 690 gica
292 640 428 689 (quae
457 635 942 688 sesquicentenarium
969 634 1231 674 Doctorum
1265 633 1615 683 Theologorum
1643 641 1799 670 nume—

154 721 259 750 rum
286 714 497 760 superat,
527 718 671 759 penes
701 717 819 758 quos
846 706 1089 757 sigillatim
1124 716 1297 745 causae
1331 710 1520 744 nostrae
1556 701 1801 743 arbitrium

155 780 278 830 erit),
303 779 438 820 nobis
460 779 659 819 arduum
679 777 945 818 intercessit
966 776 1232 828 negotium,
1266 775 1388 827 quod
1415 787 1502 814 nec
1529 774 1628 826 ipse
1658 772 1798 814 Sena-

153 858 244 903 tus,
266 852 342 892 vel
364 851 541 902 aliquot
563 850 896 901 theologorum
915 848 1042 889 facili
1064 847 1352 897 collectione,
1378 846 1617 886 studiosae
1638 845 1811 885 factio-·

154 923 226 963 nis
248 923 319 973 (de
342 922 576 974 plerisque
597 922 777 973 loquor,
802 932 896 961 non
918 920 974 960 de
995 918 1245 968 universis)
1269 924 1529 970 suspectus,
1562 928 1653 968 qua
1674 916 1799 956 nodo

151 1000 251 1034 tam
282 994 505 1045 perplexo
534 992 742 1033 intricati
769 1004 946 1042 sumus,
971 990 1237 1042 ignorabat.
1263 989 1386 1040 Quid
1412 988 1585 1029 multa?
1611 988 1799 1039 Episco-

153 1077 264 1118 pus,
294 1065 368 1105 vir
395 1065 500 1116 pius
536 1071 580 1104 et
615 1063 847 1114 eruditus,
887 1074 1025 1115 quem
1060 1062 1195 1102 nobis
1229 1061 1383 1112 magis
1412 1060 1666 1112 propitium
1699 1058 1800 1098 fore

156 1147 541 1189 speraveramus,
565 1142 725 1176 censet
745 1135 834 1175 hoc
855 1134 1079 1186 temporis
1101 1134 1299 1174 articulo
1316 1132 1600 1173 Societatem
1623 1131 1682 1170 ad
1699 1130 1800 1171 Col-

155 1209 267 1260 legii
288 1209 574 1249 erectionem
595 1206 935 1247 admittendam
954 1218 1049 1246 non
1071 1217 1197 1256 esse,
1221 1205 1303 1245 sed
1324 1204 1501 1255 negotii
1528 1203 1665 1243 huius
1695 1201 1798 1242 defi-

157 1281 382 1321 nitionem
404 1280 451 1320 in
473 1280 615 1319 aliam
636 1279 861 1331 temporis
883 1278 1204 1329 occasionem,
1237 1289 1377 1329 quam
1408 1275 1642 1317 Calendas
1668 1285 1800 1326 grae-

156 1363 239 1392 cas
260 1351 491 1403 probabili
513 1350 780 1402 suspicione
802 1351 1184 1401 interpretamur,
1214 1360 1317 1389 esse
1346 1347 1670 1388 disserendam.
1700 1346 1802 1386 Ete-

157 1424 276 1475 nim,
310 1424 356 1463 in
393 1423 494 1474 ipso
523 1422 736 1474 auspicio
767 1422 987 1474 colloquii
1015 1433 1121 1461 cum
1156 1420 1295 1461 Patre
1331 1419 1498 1470 habiti,
1536 1430 1655 1458 voce
1691 1429 1802 1458 usus

156 1506 324 1547 parum
359 1495 536 1545 amica,
570 1506 620 1534 se
654 1501 845 1534 nostrae
881 1493 1155 1534 admissioni
1185 1503 1426 1544 nunquam
1461 1501 1803 1532 consensurum

156 1566 424 1618 respondit:
455 1566 604 1617 atqui,
634 1567 757 1605 ultro
789 1566 1000 1616 citroque
1028 1576 1244 1605 sermone
1272 1563 1516 1615 producto,
1552 1562 1709 1602 mitior
1738 1560 1802 1602 fa-

155 1645 280 1689 ctus,
318 1637 568 1678 humanius
604 1649 712 1677 cum
739 1637 879 1677 Patre
910 1647 1176 1676 sermonem
1203 1635 1393 1686 clausit,
1426 1634 1634 1685 acceptis
1662 1633 1803 1684 diplo-

157 1710 296 1750 matis
316 1708 590 1761 pontificiis,
614 1708 839 1750 Societati
866 1708 1077 1759 indultis,
1110 1719 1228 1760 quae
1259 1719 1344 1747 suo
1373 1706 1563 1747 tradidit
1591 1705 1802 1745 Vicario.

237 1781 325 1821 Hic
348 1780 536 1821 officiali
557 1780 845 1821 consulenda
876 1792 932 1821 ac
963 1779 1258 1821 discutienda
1285 1778 1542 1829 commisit,
1573 1777 1651 1829 qui
1681 1776 1804 1816 beni-

156 1864 249 1904 gne
277 1852 465 1893 Patrem
493 1853 693 1904 excepit,
723 1864 876 1904 neque
907 1852 1087 1892 alienus
1117 1864 1144 1892 a
1171 1850 1422 1892 Societatis
1450 1850 1684 1890 iuvandae
1714 1855 1804 1889 stu-

159 1925 236 1965 dio
258 1925 461 1976 videtur,
481 1925 520 1965 si
537 1925 675 1965 modo
694 1925 917 1977 Episcopi
938 1924 1233 1964 dissuasione
1250 1935 1344 1963 non
1362 1928 1625 1963 revocetur.
1649 1921 1807 1971 Aegre

162 2004 333 2049 autem,
357 1998 446 2038 nisi
468 1998 749 2049 importunis
770 1997 991 2049 precibus
1011 1997 1188 2046 victus,
1221 1995 1392 2036 adduci
1419 1995 1590 2047 poterit
1617 1994 1807 2045 Episco-

160 2081 246 2121 pus
273 2076 322 2109 ut
349 2069 524 2109 nostris
552 2068 714 2109 faveat
741 2068 981 2121 partibus:
1012 2079 1123 2108 nam
1153 2067 1385 2108 Dominus
1416 2066 1677 2118 Episcopus
1708 2064 1807 2106 Cla-

158 2140 495 2187 ramontensis,
521 2141 668 2181 altero
690 2141 852 2181 labore
881 2152 966 2192 pro
1004 2140 1137 2180 nobis
1167 2139 1366 2180 libenter
1387 2144 1621 2189 suscepto,
1647 2137 1688 2176 ei
1710 2148 1807 2188 per-

159 2211 359 2252 suadere
380 2218 579 2252 conatus
601 2218 670 2252 est
690 2224 748 2252 ne
771 2211 984 2252 beneficii
1005 2211 1140 2251 nobis
1163 2223 1190 2251 a
1218 2223 1267 2251 se
1295 2209 1568 2262 praestandi
1597 2210 1808 2248 volunta·

159 2289 255 2323 tem
282 2282 506 2334 impediat
534 2295 653 2323 neve
680 2288 965 2323 remoretur:
999 2282 1199 2323 necdum
1227 2288 1386 2322 tamen
1416 2286 1638 2321 exorator
1668 2279 1727 2319 ab
1754 2290 1809 2319 eo

160 2354 318 2405 rediit,
358 2366 643 2406 quamquam
678 2354 947 2406 praefracto
985 2354 1141 2394 animo
1169 2353 1305 2394 nobis
1336 2365 1430 2393 non
1460 2352 1519 2392 sit
1552 2352 1810 2391 reluctatus

159 2426 292 2466 alter.
324 2424 415 2466 Sed
444 2425 675 2466 Dominus
707 2426 840 2466 novit
875 2425 1207 2466 Providentiae
1238 2437 1352 2465 suae
1386 2424 1626 2464 definitum
1661 2422 1809 2462 consi-

161 2499 295 2549 lium,
334 2497 459 2549 quod
493 2498 764 2538 mortalium
799 2509 937 2538 nemo
971 2498 1203 2538 frustrare
1238 2497 1424 2549 poterit.
1458 2496 1605 2547 Igitur
1632 2494 1810 2545 negotii

161 2568 309 2609 nostri
331 2575 550 2618 eventus,
575 2568 783 2609 nondum
811 2569 908 2609 lata
929 2568 1184 2619 sententia,
1216 2567 1370 2607 adhuc
1399 2565 1570 2618 pendet
1596 2566 1681 2605 sub
1704 2565 1808 2617 Epi-

160 2640 294 2691 scopi
315 2639 460 2691 ipsius
483 2639 693 2691 arbitrio,
718 2651 853 2680 mora
874 2639 967 2680 iam
990 2640 1113 2680 ultra
1144 2639 1366 2679 bimestre
1394 2637 1597 2689 spatium
1627 2642 1808 2688 protra-

162 2716 260 2761 cta;
284 2722 423 2762 quem
444 2710 599 2760 Pater,
623 2711 761 2751 huius
781 2711 960 2762 negotii
981 2717 1229 2762 satagens,
1261 2709 1551 2761 frequentat,
1584 2720 1639 2748 ac
1667 2708 1809 2748 etiarn

162 2782 309 2833 ipsius
345 2782 616 2831 officialem;
654 2793 805 2833 neque
844 2781 997 2822 adhuc
1031 2781 1203 2822 iudicio
1245 2777 1527 2821 constitutus
1568 2780 1688 2829 dies,
1731 2779 1809 2830 qui

164 2853 353 2894 tandem
389 2855 494 2894 albo
532 2854 713 2894 calculo
748 2854 1032 2905 signandum
1065 2865 1115 2894 se
1151 2853 1285 2893 nobis
1320 2851 1489 2892 offerat
1522 2851 1675 2891 Deum
1708 2863 1808 2903 pre-

165 2936 345 2965 camur.

243 2995 377 3037 Nunc
417 2997 477 3037 ad
518 2995 771 3037 Societatis
811 2996 936 3048 apud
973 2995 1268 3036 Facultatem
1302 2995 1618 3045 theologicam
1653 3000 1809 3034 actam
