2080 3392
287 183 358 220 560
797 181 1027 217 LlTTERAE
1053 191 1410 223 QUADRIMESTRES

285 290 403 319 unus
438 277 638 317 fratrum
665 277 899 326 oratione,
937 288 1028 328 qua
1063 288 1224 317 omnes
1259 277 1319 317 ad
1352 277 1525 317 Christi
1560 277 1909 329 Philosophiam

286 347 657 400 amplectendam
677 347 973 389 hortabatur„
991 347 1112 387 Huic
1134 348 1268 399 quasi
1296 349 1565 399 spectaculo
1595 354 1781 399 praeter
1811 359 1912 388 cae-

284 426 409 459 teros
430 418 679 458 adfuerunt
699 418 788 458 viri
810 417 1000 469 quidam
1016 418 1307 469 nobilissimi,
1326 419 1405 470 qui
1421 418 1602 463 deinde.
1623 418 1761 458 hilari
1780 430 1835 459 ac
1851 418 1912 459 fe-

286 490 408 530 stivo
443 489 575 528 vultu
610 489 849 539 abeuntes,
886 489 1046 529 verbis
1080 488 1385 529 declarabant
1419 501 1559 541 quam
1585 488 1790 540 jucunda
1826 490 1913 530 sibi

287 560 441 600 omnia
473 559 750 599 extitissent.
780 559 905 600 Inter
932 560 1137 612 reliquos
1165 560 1353 612 quidam
1382 560 1680 610 adolescens,
1714 560 1788 600 cui
1818 572 1919 600 car-

285 631 409 670 mina
436 641 610 681 graeca
640 630 828 670 fuerunt
862 631 1127 682 commissa,
1165 636 1262 671 tam
1297 631 1486 682 egregie
1517 642 1626 671 suas
1651 637 1811 682 partes
1839 631 1915 671 ab·

285 701 439 751 solvit,
464 707 513 740 ut
539 712 633 740 non
660 706 756 741 tam
779 701 922 741 latine
945 713 1084 753 quam
1110 712 1283 753 graece
1304 702 1424 742 scire
1452 702 1715 751 videretur3
1742 708 1785 742 et
1809 702 1917 753 quia

282 773 612 812 nonnullorum
641 772 977 824 discipulorum
998 773 1236 824 profectus
1266 771 1491 824 majorem
1525 773 1773 813 lectionem
1798 772 1919 813 effla-

283 843 484 894 gitabat,
513 843 713 894 classes,
734 855 853 895 quae
870 844 1071 895 primum
1088 850 1289 895 quatuor
1304 844 1510 894 fuerant,
1535 844 1582 884 in
1603 844 1804 896 quinque
1827 844 1915 884 dis-

282 914 527 964 tinximUS,
552 926 750 966 quarum
770 915 922 966 prima
943 914 1082 954 habet
1103 915 1448 966 provectiores,
1473 915 1640 967 quibus
1660 915 1919 955 rhetorices

282 991 536 1035 praecepta
559 986 909 1036 praeleguntur.

364 1055 479 1096 Sunt
492 1055 567 1095 hic
582 1056 673 1096 duo
686 1055 898 1107 juvenes,
925 1057 1003 1108 qui
1019 1057 1065 1096 in
1082 1056 1366 1097 Societatem
1383 1055 1563 1096 admitti
1581 1057 1788 1107 cupiunt,
1809 1068 1917 1107 quo-

284 1138 388 1167 rum
416 1127 548 1176 alter,
573 1127 818 1178 provincia
839 1128 1057 1177 Flander,
1082 1128 1128 1167 in
1149 1127 1306 1168 latinis
1326 1134 1577 1179 utcumque
1600 1127 1832 1177 eruditus,
1858 1128 1918 1166 al-

283 1206 351 1239 ter
372 1198 682 1250 Florentinus,
706 1199 830 1239 intra
850 1211 1026 1251 paucos
1048 1200 1162 1250 dies,
1188 1200 1379 1250 cognita
1402 1199 1526 1239 illius
1547 1199 1917 1250 perseverantia,

283 1270 329 1310 in
350 1276 564 1310 nostrum
583 1282 828 1311 numerum
850 1271 1134 1311 admittetur.

362 1341 502 1381 Domi
537 1348 763 1393 quotquot
798 1348 905 1382 sunt
941 1342 1234 1382 continenter
1263 1342 1652 1393 occupationibus
1685 1347 1916 1381 tenentur:

282 1412 447 1453 Patres
469 1413 711 1453 audiendis
745 1413 1138 1463 confessionibus,
1169 1413 1353 1463 fratres,
1388 1414 1466 1453 alii
1495 1413 1717 1454 docendis
1746 1413 1917 1463 pueris,

288 1484 366 1524 alii
401 1484 604 1535 negotiis
638 1484 947 1524 familiaribus
983 1484 1195 1524 districti.
1227 1484 1366 1524 Faxit
1398 1484 1528 1524 Deus
1565 1491 1613 1524 ut
1643 1483 1800 1523 omnia
1828 1483 1919 1523 sint

281 1567 393 1596 suae
416 1555 603 1595 divinae
625 1556 855 1595 voluntati
878 1567 1018 1607 quam
1040 1556 1242 1595 maxime
1259 1562 1592 1596 consentanea.

359 1624 462 1666 Non
485 1626 697 1666 omittam
718 1626 806 1665 hoc
828 1627 949 1676 loc0,
975 1626 1098 1677 quod
1120 1626 1307 1666 cuidam
1328 1626 1466 1666 fratri
1489 1626 1664 1675 evenit,
1689 1636 1825 1676 quem
1841 1636 1918 1676 pa-

281 1705 349 1737 ter
391 1697 647 1737 secundum
675 1709 884 1747 carnem,
917 1696 1157 1748 cujusdam
1191 1698 1478 1738 Mai-chionis
1513 1708 1599 1748 ope
1627 1695 1839 1748 adjutus,
1873 1696 1918 1735 in

282 1768 433 1808 aliena
472 1768 609 1808 domo
642 1774 866 1819 tanquam
901 1768 947 1807 in
983 1779 1174 1808 carcere
1208 1768 1508 1808 detinendum
1542 1767 1806 1817 laboravit3
1843 1767 1919 1806 ubi

281 1840 412 1880 multi
433 1839 590 1879 conati
614 1845 734 1886 sunt,
759 1839 897 1878 modo
919 1839 1179 1890 blanditiis,
1202 1840 1341 1880 modo
1359 1839 1784 1890 increpationibus,
1808 1849 1918 1877 non—

285 1922 540 1962 numquam
563 1910 703 1950 etiam
718 1910 906 1961 pietatis
921 1911 1124 1961 nomine,
1146 1923 1172 1950 a
1188 1923 1302 1951 vera
1319 1910 1492 1961 pietate
1510 1922 1733 1958 avocare,
1754 1909 1920 1960 quibus

280 1993 540 2033 generosus
567 1980 752 2032 juvenis
782 1992 1016 2033 verusque
1044 1981 1217 2022 Christi
1249 1987 1432 2021 amator
1467 1982 1531 2021 ita
1566 1981 1837 2030 resistebat,
1871 1986 1919 2019 ut

279 2053 462 2093 nescias
483 2058 638 2092 utrum
659 2052 705 2091 in
726 2051 803 2091 illo
823 2052 1102 2092 laudabilius
1124 2051 1362 2104 judicares
1394 2058 1669 2092 sanctamne
1686 2051 1734 2090 in
1752 2056 1918 2090 sancto

281 2124 521 2174 proposito
558 2123 891 2171 constantiam,
930 2134 990 2162 an
1027 2135 1141 2163 vero
1172 2123 1219 2162 in
1250 2123 1577 2174 respondendo
1608 2121 1918 2162 mansuetudi-

281 2206 400 2235 nem.
424 2194 526 2245 Ipse
549 2194 693 2243 enim,
726 2193 941 2233 demissis
962 2194 1009 2234 in
1030 2200 1205 2234 terram
1228 2194 1394 2245 oculis,
1419 2193 1635 2244 potestis,
1660 2192 1829 2244 inquit,
1855 2192 1919 2231 vi-

281 2274 377 2306 tam
399 2265 583 2306 auferre
614 2277 669 2305 ac
703 2266 759 2305 de
788 2277 986 2317 corpore
1015 2278 1119 2306 meo
1149 2266 1369 2318 quicquid
1391 2265 1574 2305 libuerit
1602 2264 1804 2314 efficere,
1839 2264 1918 2303 sed

282 2339 570 2378 voluntatem
604 2349 756 2377 meam
796 2349 1099 2389 nequaquam
1134 2337 1248 2378 mihi
1286 2337 1498 2389 profecto
1539 2335 1774 2376 auferetis.
1815 2333 1919 2374 Noli

280 2417 519 2460 quaerere;
544 2414 704 2448 tantae
720 2419 796 2447 res
817 2408 1157 2448 aedificationis
1177 2408 1279 2459 fuit,
1302 2414 1351 2448 ut
1373 2408 1488 2448 mire
1512 2418 1672 2447 omnes
1691 2406 1917 2446 invictam

281 2478 379 2531 ejus
399 2479 684 2519 mirarentur
701 2481 1116 2529 perseverantiam.
1137 2479 1268 2519 Haec
1285 2485 1392 2519 sunt
1412 2490 1530 2530 quae
1551 2476 1798 2517 scribenda
1815 2487 1918 2516 cen·

282 2551 472 2591 suimus.
496 2550 567 2590 De
589 2550 766 2601 reliquo
786 2561 873 2589 nos
894 2561 1056 2589 omnes
1072 2549 1125 2589 R.
1145 2549 1194 2591 P.
1216 2549 1269 2590 T.
1291 2549 1582 2589 orationibus
1601 2559 1656 2587 ac
1674 2545 1917 2586 sacrificiis

282 2622 582 2661 vehementer
604 2619 987 2660 commendamus
1009 2625 1072 2670 ut,
1096 2620 1186 2660 illis
1208 2619 1367 2671 adjuti,
1392 2625 1586 2659 nostrae
1609 2624 1652 2658 et
1683 2617 1918 2668 proximo-

282 2704 384 2732 rum
404 2697 673 2732 nostrorum
694 2691 833 2730 saluti
855 2690 1209 2732 accuratissime
1230 2690 1515 2731 studeamus.

360 2762 626 2802 Florentiae
647 2761 700 2801 ‘20
717 2761 932 2814 Januarii
958 2761 1072 2801 1554.

361 2834 413 2873 T.
436 2833 490 2873 R.
514 2832 562 2873 Ρ.

361 2904 586 2954 Indignus
609 2904 656 2943 in
679 2903 864 2944 Christo
886 2915 1067 2955 servus,

1389 2973 1486 3014 LEO
1517 2973 1691 3013 L1L1Us.
