2080 3392
321 197 388 233 178
637 201 640 206 '
831 198 1057 236 LITTERAE
1085 209 1441 240 QUADRIMESTRES

316 293 554 344 tmprsrm's
574 294 784 333 studiosi
801 298 844 334 et
854 299 1082 345 parentes
1099 307 1186 335 nos
1203 300 1367 336 amant
1382 300 1425 336 et
1442 297 1614 337 charos
1630 298 1812 338 habeat.
1833 299 1950 340 Sunt

316 375 373 404 ex
395 364 485 403 illis
512 364 721 404 nonnulli
751 366 997 416 praeclaro
1025 366 1212 416 ingenio
1242 372 1286 406 et
1313 367 1468 407 animo
1498 367 1697 418 praediti
1724 380 1778 408 ac
1807 370 1957 420 qnasi

315 439 576 474 cernantur
598 436 733 475 modo
755 435 959 486 incipere
979 448 1144 476 veram
1162 437 1254 476 Dei
1273 437 1451 477 cultum
1479 442 1521 478 et
1544 438 1823 489 relzgz'onem
1845 452 1948 480 sus-

315 505 478 556 cipere.
509 505 698 545 Etenim
728 512 823 546 tam
850 507 985 557 parvi
1017 519 1156 558 quam
1177 508 1453 557 grandiores
1474 515 1586 549 natu
1604 521 1705 549 sese
1723 511 1950 552 submisse

316 588 370 616 ac
392 576 643 627 prudenter
667 583 853 627 gerunt,
876 582 1149 629 tantamque
1177 578 1453 618 modestiam
1480 591 1594 630 prae
1625 592 1673 620 se
1701 581 1869 630 ferunt,
1901 589 1950 622 ut

314 659 508 698 prorsus
531 659 579 687 se
601 648 814 698 integros
842 653 1091 699 castosque
1118 660 1311 688 servare
1343 655 1386 689 et
1414 661 1439 689 a
1461 651 1621 690 mundi
1642 651 1869 691 illecebris
1888 653 1950 692 vi·

313 719 509 757 deantur
532 729 774 757 sevocare.
799 716 1007 769 Singulis
1037 719 1273 758 mensibus
1295 720 1517 767 universi,
1543 725 1595 760 at
1624 722 1773 761 moris
1802 728 1872 762 est
1901 723 1955 762 in

313 789 558 838 societate,
579 795 778 839 peccata
801 789 1094 829 confitentur.
1125 789 1602 841 Plnrl'mz‘existant,
1630 793 1731 842 qm',
1757 798 1951 843 praeter

310 859 583 899 institutam
605 859 968 910 confessionem,
990 864 1104 899 snat
1127 860 1342 910 confessi
1356 865 1400 900 et
1428 862 1489 901 ad
1517 862 1717 902 Domz'm’
1740 876 1949 904 mensam

310 934 609 970 accesserant
631 930 849 980 dz'efesto
882 931 1099 970 Omm'am
1129 932 1417 971 Sanctorum
1448 936 1491 972 et
1521 933 1569 972 ia
1597 934 1769 974 Natali
1791 936 1948 975 Domi-

311 1002 411 1041 m'co
434 1006 476 1041 et
498 1001 610 1041 aliis
632 1001 1022 1051 diebus-feriatis.
1049 1002 1187 1041 Haud
1210 1003 1405 1042 obscure
1429 1012 1683 1044 cernuntur
1706 1006 1751 1045 in
1782 1007 1947 1057 spiritu

312 1085 538 1123 crescere,
564 1084 668 1112 cam
689 1072 952 1112 virtutihus
973 1076 1017 1112 et
1039 1073 1183 1112 rectis
1198 1074 1409 1113 moribus
1426 1075 1666 1115 ducantur
1682 1080 1725 1116 et
1741 1077 1947 1117 imbuan—

312 1148 406 1184 tur.
432 1144 707 1183 Enimvero
729 1143 852 1183 alud
872 1155 1102 1194 magnam
1134 1145 1267 1183 nobis
1298 1145 1454 1195 affert
1484 1146 1847 1187 admirationem
1878 1152 1946 1198 at,

313 1215 527 1267 quamvis
549 1215 596 1254 in
616 1215 705 1254 hac
729 1215 839 1254 urbe
861 1215 1055 1254 iuvenes
1076 1214 1167 1254 sint
1188 1215 1409 1266 flagitiosi
1428 1228 1482 1256 ac
1500 1218 1759 1257 maledictis
1781 1225 1825 1258 et
1843 1231 1945 1259 exe-

311 1286 596 1326 crationibus
621 1285 888 1336 assuefacti,
912 1286 1050 1336 idque
1071 1286 1243 1337 quavis
1265 1298 1315 1326 re
1336 1287 1699 1339 motz'officz'alzt,
1716 1290 1863 1330 nostri
1880 1297 1944 1330 ta-

310 1370 416 1398 men
436 1358 650 1408 discipuli
673 1357 925 1397 abhorrent
945 1358 1001 1396 ab
1021 1357 1297 1397 lzm'asmoclz'
1313 1358 1577 1399 maledictis
1597 1364 1640 1399 et
1660 1360 1946 1401 iuramentis

309 1433 352 1469 et
373 1429 419 1468 in
442 1429 735 1468 sermonibus
757 1434 801 1468 et
818 1429 1206 1468 collocutionibus
1229 1429 1486 1469 redduntur
1507 1431 1740 1481 simplices
1758 1438 1802 1471 et
1819 1444 1944 1471 man-

311 1500 442 1550 sueti,
467 1512 553 1539 nec
576 1498 856 1539 discordant
877 1510 1085 1550 zmqaam
1108 1499 1228 1539 inter
1249 1512 1312 1547 se,
1338 1500 1418 1540 sed
1437 1501 1598 1551 quieti,
1618 1502 1856 1553 tranquilli
1889 1514 1943 1542 ac

310 1571 493 1623 pacifici
515 1570 898 1622 praeceptoribus
919 1582 1109 1621 operam
1132 1571 1257 1610 dant.
1284 1571 1461 1611 Diebus
1480 1572 1725 1612 dominicis
1747 1579 1791 1612 et
1811 1573 1944 1613 feria-

310 1644 368 1683 tis
389 1643 530 1682 etiam
552 1642 619 1681 rei
642 1641 828 1681 divinae
851 1647 895 1680 et
917 1641 1133 1680 concioni
1153 1641 1402 1692 intersunt,
1426 1643 1640 1693 quamvis
1659 1643 1703 1682 id
1721 1644 1778 1683 sit
1796 1644 1851 1683 ob
1868 1643 1943 1684 fri-

309 1714 437 1765 goris
458 1713 553 1753 vim
574 1716 616 1752 et
637 1712 864 1751 lm‘arl'am
886 1723 1134 1763 pergrave.
1158 1712 1399 1752 Edidimus
1420 1715 1607 1763 regulas
1622 1725 1793 1765 easque
1810 1714 1855 1754 in
1874 1721 1939 1754 ta-

309 1785 415 1824 bula
438 1783 784 1835 descripsimus,
809 1783 975 1834 quibus
997 1783 1324 1831 informantur,
1358 1784 1588 1834 quomodo
1620 1796 1721 1824 sese
1747 1785 1944 1825 debeant

309 1866 487 1907 gerere,
511 1861 608 1894 tum
628 1854 675 1893 in
695 1854 803 1893 ludo
825 1854 1053 1903 literario,
1085 1860 1182 1893 tum
1204 1854 1250 1893 in
1271 1855 1382 1904 viiS,
1414 1860 1511 1894 tum
1543 1855 1679 1896 domi.
1716 1855 1792 1896 Ad
1826 1856 1947 1896 haec

310 1926 645 1977 adscripsimus
667 1925 876 1964 ordinem
898 1930 941 1964 et
962 1924 1152 1964 modum
1173 1936 1274 1964 sese
1297 1931 1403 1964 ante
1430 1931 1612 1977 tempus
1634 1926 1800 1977 quietis
1833 1938 1939 1967 exa·

310 1997 515 2037 minandi
538 2003 596 2046 et,
620 1996 897 2047 simulatque
919 2002 1131 2046 surgunt,
1156 1995 1309 2036 Deum
1330 1997 1553 2047 precandi
1574 2004 1619 2036 et
1640 1997 1681 2036 ei
1698 2009 1799 2037 sese
1821 2003 1943 2037 totos

309 2068 520 2109 tradendi
543 2079 597 2106 ac
619 2067 820 2106 dicandi.
843 2066 915 2106 Ac
936 2066 1007 2105 his
1029 2067 1215 2117 quidem
1238 2067 1377 2106 rebus
1399 2067 1602 2106 maxime
1621 2068 1679 2107 ad
1697 2068 1880 2108 honesti
1898 2075 1942 2108 et

309 2139 492 2179 virtutis
505 2138 709 2178 studium
727 2138 938 2176 homines
951 2137 1314 2186 inflammantur,
1330 2148 1436 2177 cum
1454 2138 1723 2178 intueantur
1740 2150 1826 2178 nos
1845 2145 1944 2178 tan-

308 2218 404 2251 tam
425 2221 587 2250 curam
607 2215 651 2248 et
670 2220 860 2259 operam
882 2208 924 2247 in
948 2208 1201 2247 liberorum
1218 2208 1506 2248 institutione
1524 2215 1567 2248 et
1585 2210 1733 2248 salute
1751 2221 1942 2261 ponere,

309 2295 371 2322 ex
391 2281 558 2332 quibas
579 2279 771 2330 qasdam
791 2279 1119 2329 inveniuntur„
1137 2279 1214 2329 qui
1234 2285 1452 2329 parentes
1475 2279 1533 2319 ad
1551 2279 1667 2319 bene
1684 2280 1939 2320 vivendum

310 2352 638 2400 adhortantur,
670 2355 713 2389 et
742 2349 967 2401 imprimis
998 2349 1055 2388 ad
1082 2356 1386 2400 peccatorum
1415 2350 1589 2389 luctum
1618 2356 1662 2390 et
1692 2350 1942 2390 confessio-

308 2435 414 2464 nem
435 2423 639 2472 adeoque
660 2420 708 2459 z‘d
729 2423 964 2460 conantur
986 2419 1123 2458 libers
1140 2424 1192 2458 nt
1219 2419 1453 2469 plurimae
1471 2424 1649 2460 matres
1669 2421 1842 2460 adeant
1864 2432 1940 2460 ao-

309 2499 464 2535 strltm
499 2493 725 2543 templum
752 2496 795 2531 et
830 2492 891 2531 ad
918 2491 1234 2542 confitendum
1269 2495 1312 2530 et
1344 2491 1695 2542 sascl'pl'endam
1723 2495 1940 2531 sanctum

314 2566 492 2605 Clzrl'stz'
509 2570 695 2615 corpus.
728 2563 861 2613 Quod
889 2563 926 2602 si
948 2562 993 2601 in
1015 2561 1316 2602 offensionem
1338 2563 1541 2613 aliquam
1563 2569 1606 2602 et
1625 2563 1810 2613 culpam
1829 2562 1940 2602 inci—

307 2638 441 2685 dunt,
474 2637 772 2676 mulctantur.
822 2634 988 2672 Veram
1015 2632 1063 2671 ιἰι
1087 2633 1135 2671 sd
1156 2633 1364 2672 maxime
1385 2638 1576 2684 operam
1597 2634 1768 2672 damas
1789 2636 1841 2672 ltt
1856 2638 1935 2683 po-

305 2708 400 2747 tins
422 2706 718 2755 charitatem,
739 2716 879 2755 qaam
895 2703 1195 2743 severitatem
1214 2703 1488 2743 l'mtz'cemns.
1514 2704 1647 2742 Illud
1669 2703 1826 2753 itaque
1844 2714 1938 2742 nou

304 2777 684 2825 praetermittam
703 2785 1068 2814 commemorare
1089 2775 1336 2824 quemdam
1357 2786 1421 2813 ea·
1441 2773 1690 2824 dssczpnlis
1708 2773 1937 2823 grandio-

304 2860 402 2888 rem
424 2852 542 2887 natu
575 2846 773 2897 paulam
804 2844 1050 2896 difficilem
1076 2848 1116 2884 et
1150 2848 1489 2894 arrogantem,
1516 2844 1564 2883 sn
1594 2843 1813 2883 Rectort's
1835 2854 1936 2882 con-

302 2923 461 2971 specta
491 2921 792 2965 accusatum,
821 2915 895 2955 vel
919 2919 1285 2966 repugnantem,
1307 2915 1577 2954 verberibus
1603 2926 1704 2953 esse
1732 2925 1935 2960 caesam,

303 3002 394 3041 qna
416 2989 603 3040 quidem
627 2999 676 3026 re
698 2991 944 3036 tantopere
965 2989 1034 3025 est
1062 2989 1302 3025 correctas
1320 3018 1329 3034 ,
1359 2989 1410 3024 at
1444 2986 1580 3024 modo
1611 2985 1771 3024 vincat
1800 2983 1943 3035 qnasi
