2080 3392
864 222 948 260 AN.
979 221 1071 260 1554
1720 218 1792 256 507

144 327 374 372 quotquot
395 320 471 361 hic
493 327 621 372 sunt,
644 321 799 361 minor
820 325 890 360 est
910 324 1024 359 natu
1048 318 1074 369 ¹,
1104 318 1251 358 latino
1282 328 1499 357 sermone
1527 316 1792 356 orationem

142 392 325 443 habuit,
347 404 438 444 qua
460 392 628 432 summi
649 391 862 432 beneficii
883 390 1165 431 admonebat
1187 400 1350 429 omnes
1371 395 1561 440 gratum
1582 387 1791 427 animum

143 475 260 515 erga
291 464 541 515 parvulum
571 469 785 504 recenter
812 468 974 502 natum
1000 461 1211 502 vicissim
1238 466 1476 512 gererent;
1513 459 1791 500 Dominicae

144 535 285 576 etiam
303 535 676 576 circumcisionis
697 534 976 574 beneficium
997 534 1211 573 recolens
1232 538 1342 572 tunc
1366 543 1552 584 quoque
1575 529 1789 570 carmini-

143 606 230 647 bus
255 607 529 658 complexus
551 612 636 646 est.
662 605 748 646 Cui
769 605 999 645 Dominus
1020 604 1280 644 infantilem
1302 603 1446 643 animi
1472 602 1713 652 affectum,
1744 602 1790 641 id

142 683 227 728 est,
247 683 473 727 tenerum,
493 678 635 716 immo
657 676 874 728 spiritum
895 676 959 715 ita
980 675 1191 727 permisit
1213 681 1262 714 ut
1283 674 1468 714 virilem
1489 674 1632 714 etiam
1649 679 1788 725 atque

143 759 256 800 erga
279 760 441 789 omnes
462 748 700 788 efficacem
722 747 1016 788 concederet.
1046 746 1178 787 Unus
1208 752 1387 796 tamen,
1422 745 1554 797 cujus
1582 745 1790 786 animum

141 820 335 872 Josephi
371 820 583 860 carmina
619 825 663 859 et
699 819 851 858 oratio
880 830 935 858 ac
962 818 1119 869 potius
1148 818 1336 857 divinus
1367 817 1509 857 ardor
1538 817 1790 868 pulsabant

141 891 412 943 impensius,
433 890 706 943 lachrymis,
728 890 852 941 quod
874 889 987 929 mihi
1009 895 1206 939 constet,
1226 889 1509 940 temperavit
1529 899 1785 940 nunquam,

143 963 242 1014 hic,
281 969 532 1015 postquam
558 962 792 1015 Josephus
821 961 1083 1012 peroravit,
1114 960 1410 1000 sacerdotem
1441 960 1634 1000 summis
1664 960 1788 1000 votis

142 1034 389 1086 efflagitat,
428 1034 503 1074 cui
537 1033 678 1074 totius
707 1033 834 1072 vitae
865 1043 978 1072 suae
1009 1031 1208 1071 crimina
1235 1037 1347 1071 nota
1380 1030 1573 1071 faceret.
1605 1030 1788 1071 Placuit

142 1112 298 1147 autem
319 1106 381 1157 ei,
406 1106 484 1158 qui
504 1105 735 1145 humanas
758 1104 941 1144 animas
962 1103 1140 1144 sanctis
1167 1102 1392 1142 institutis
1422 1113 1664 1154 nunquam
1694 1114 1789 1143 non

142 1178 357 1229 instigat,
381 1184 431 1218 ut
453 1183 625 1228 artem,
651 1188 744 1228 qua
766 1181 864 1216 tum
895 1175 1136 1224 utebatur,
1169 1180 1330 1226 utpote
1360 1175 1482 1214 male
1512 1173 1655 1214 fidam
1682 1186 1788 1214 con-

141 1249 388 1300 scientiae,
418 1249 683 1300 relinquere
699 1247 969 1288 enixissime
992 1252 1197 1298 cuperet.
1229 1245 1407 1286 Eodem
1436 1252 1684 1298 praeterea
1715 1245 1788 1286 die

142 1321 203 1362 ad
231 1320 577 1361 confessionem
610 1326 654 1360 et
690 1325 906 1359 sanctum
937 1318 1223 1359 dominicum
1255 1328 1429 1368 corpus
1463 1318 1621 1368 plures
1652 1317 1788 1357 solito

142 1399 460 1434 accesserunt.
486 1391 628 1443 Quid,
653 1391 777 1443 quod
797 1391 1066 1442 frequentes
1088 1389 1340 1429 conciones
1357 1396 1497 1440 atque
1520 1389 1575 1429 de
1598 1389 1676 1429 via
1697 1388 1787 1429 Do-

141 1465 255 1505 mini
293 1465 526 1516 colloquia
563 1463 844 1513 domestica,
883 1474 1001 1514 quae
1039 1462 1237 1513 singulis
1271 1461 1435 1502 diebus
1467 1461 1713 1501 dominicis
1745 1468 1790 1500 et

140 1537 273 1577 festis
307 1548 402 1577 non
437 1536 537 1576 sine
571 1546 745 1586 magno
781 1534 1046 1574 animarum
1080 1533 1273 1574 foenore
1306 1533 1382 1573 hic
1411 1534 1612 1585 populus
1642 1532 1787 1582 audit,

140 1608 276 1659 filios,
298 1620 382 1660 per
402 1607 741 1660 poenitentiam
761 1606 891 1658 prius
913 1605 1130 1646 sordibus
1152 1605 1438 1654 defaecatos,
1463 1611 1689 1656 tanquam
1711 1616 1789 1644 no-

140 1681 290 1720 vellas
332 1680 567 1720 olivarum
606 1679 786 1719 circum
825 1689 1037 1718 mensam
1075 1676 1266 1717 Domini
1287 1709 1294 1723 ,
1338 1677 1543 1728 quotidie
1582 1677 1789 1728 pariunt!

140 1752 267 1792 Inter
288 1763 407 1804 quas
437 1751 716 1791 adolescens
738 1750 928 1802 quidam
950 1755 1185 1789 mercator
1209 1748 1430 1798 occurrit,
1454 1748 1532 1799 qui
1553 1759 1660 1788 cum
1683 1759 1791 1800 qua-

143 1823 251 1864 dam
282 1824 355 1864 die
377 1823 566 1874 privato
595 1822 826 1874 colloquio
854 1821 981 1862 domi
1008 1821 1278 1871 interesset,
1310 1820 1544 1872 singultus
1573 1831 1629 1860 ac
1657 1820 1793 1860 fletus

125 1896 225 1936 ·vix
243 1894 431 1947 quidem
448 1895 647 1946 patiens,
668 1894 798 1934 abire
819 1893 1023 1944 nolebat,
1044 1892 1200 1944 quoad
1220 1892 1267 1932 in
1283 1892 1545 1943 Collegium
1562 1897 1790 1942 nostrum,

143 1967 327 2008 muneri
349 1966 491 2006 etiam
523 1965 681 2006 infimo
704 1964 964 2016 addictum,
990 1964 1358 2004 admitteremus.
1393 1963 1529 2003 Hanc
1558 1970 1717 2004 autem
1737 1963 1794 2003 de

143 2039 332 2079 homine
367 2050 499 2090 spem
534 2037 858 2089 concepimus,
895 2036 936 2076 si
976 2035 1116 2075 modo
1153 2041 1330 2075 annuat
1367 2035 1517 2085 Deus,
1556 2035 1682 2075 ubibi
1717 2035 1792 2085 sit,

148 2110 335 2151 Christo
354 2109 556 2150 Domino
578 2109 815 2149 victurum
837 2119 1038 2159 semper.
1061 2106 1212 2147 Adest
1233 2107 1357 2147 enim
1378 2106 1597 2158 frequens
1620 2114 1663 2147 et
1686 2118 1794 2147 con-

146 2182 350 2222 victibus
371 2187 416 2222 et
437 2181 640 2221 assiduis
663 2179 1052 2220 confessionibus.

229 2252 365 2304 Quod
391 2259 550 2293 tamen
577 2251 743 2292 attinet
772 2251 832 2291 ad
862 2251 1106 2291 literarum
1136 2250 1317 2300 ludum,
1352 2249 1517 2290 Patres
1547 2260 1709 2289 omnes
1740 2262 1796 2289 ac

146 2325 318 2365 fratres
338 2324 487 2364 literis
508 2323 697 2375 quidem
718 2322 984 2373 invigilant.
1008 2320 1100 2361 Sed
1120 2320 1422 2361 nihilominus
1446 2320 1644 2371 Collegii
1672 2321 1796 2360 aedi-

146 2397 251 2437 ficio
274 2395 486 2436 Vicissim
506 2406 675 2446 operas
697 2392 987 2446 impendunt,
1018 2399 1159 2444 atque
1188 2391 1447 2432 domestica
1479 2403 1675 2432 munera
1705 2392 1796 2432 sin-

146 2467 270 2519 gulis
305 2466 558 2507 commissa
593 2465 765 2505 obeunt
803 2463 979 2504 sedulo.
1016 2463 1191 2504 Omnes
1226 2475 1312 2503 nos
1343 2462 1559 2504 Christus
1593 2463 1797 2516 optimus

147 2539 382 2580 maximus
397 2537 686 2578 paternitate
707 2537 807 2577 Tua
829 2535 1001 2587 dignos
1024 2534 1193 2575 efficiat
1214 2534 1334 2575 filios
1357 2541 1508 2586 teque,
1528 2534 1668 2575 Pater
1689 2546 1796 2586 pro-

146 2610 402 2660 batissime,
424 2609 512 2650 sibi
533 2609 612 2649 diu
635 2608 869 2660 sospitare
890 2608 1018 2648 velit.

226 2681 545 2733 Methymnae,
568 2693 636 2720 vn
656 2680 743 2720 cal.
768 2679 1029 2731 Februarii,
1055 2679 1115 2720 M.
1142 2679 1199 2719 D.
1224 2679 1275 2719 L.
1300 2678 1396 2719 ΠΠ.

226 2752 532 2794 Paternitatis
553 2751 682 2792 Tuae
704 2751 928 2803 indignus

227 2824 542 2875 minimusque
563 2823 684 2863 filius

1101 2893 1306 2946 JAcossus
1336 2892 1524 2932 DURAN.

203 3057 211 3075 ¹
253 3056 379 3084 Frater
393 3057 562 3092 Josephus
576 3057 616 3085 de
633 3058 776 3085 Acosta.
