2080 3392
235 192 301 228 150
743 189 968 224 LITTERAE
995 196 1352 229 QUADRIMEsTREs

501 613 782 641 Praecedentium
798 612 893 639 Pauli
910 612 939 639 d'
954 612 1100 639 Achillis
1115 611 1309 638 litterarum
1323 611 1431 637 latina
1446 611 1558 638 versio
1574 611 1595 637 ¹.

315 1063 478 1104 Gratia
509 1070 552 1103 et
586 1075 679 1114 pax
714 1062 905 1102 Domini
926 1062 1074 1101 nostri
1101 1061 1203 1101 Iesu
1231 1059 1403 1100 Christi
1430 1059 1488 1099 sit
1510 1069 1692 1110 semper
1713 1059 1864 1098 nobis-

234 1147 357 1175 cum,
381 1134 547 1175 Amen.

311 1205 372 1246 Ut
394 1205 600 1245 iniuncto
622 1204 774 1253 nobis,
798 1203 897 1243 Rde
920 1204 965 1243 in
987 1203 1173 1243 Christo
1196 1201 1349 1252 Pater,
1374 1201 1663 1242 obedientiae
1685 1201 1863 1241 muneri

234 1276 600 1326 satisfaciamus,
624 1275 809 1326 paucis,
845 1285 963 1325 quae
986 1286 1012 1313 a
1033 1273 1133 1313 Deo
1155 1279 1249 1324 opt.
1274 1284 1397 1312 max.
1430 1277 1631 1323 quatuor
1659 1272 1730 1312 his
1758 1284 1861 1312 exa-

234 1348 321 1388 ctis
351 1347 606 1387 novissime
637 1346 873 1386 mensibus
902 1357 983 1396 per
1011 1344 1179 1384 fratres
1209 1350 1395 1383 nostros
1425 1349 1558 1394 gesta
1586 1349 1716 1391 sunt,
1750 1343 1862 1382 resc-

237 1430 406 1458 remus.
1282 1409 1287 1415 ’

312 1488 614 1528 Reverendus
635 1488 682 1527 in
703 1487 888 1528 Christo
916 1485 964 1525 P.
998 1485 1177 1525 Natalis
1208 1485 1314 1524 huic
1342 1490 1502 1524 nostro
1530 1483 1738 1535 Collegio
1770 1496 1861 1524 non

231 1560 384 1599 minus
417 1559 630 1599 utilitatis
663 1569 803 1609 quam
832 1555 1131 1597 iucunditatis
1160 1556 1364 1595 adventu
1399 1567 1482 1595 suo
1516 1558 1710 1607 peperit.
1743 1555 1862 1595 Nam

230 1628 466 1680 nonnulla,
491 1642 609 1681 quae
630 1629 728 1669 eius
748 1627 1064 1680 praesentiam
1085 1626 1351 1666 desiderare
1372 1626 1667 1676 videbantur,
1689 1626 1863 1666 stabili-

230 1702 317 1751 vit,
342 1707 385 1741 et
407 1701 544 1740 huius
565 1700 712 1740 nostri
734 1698 929 1749 Collegii
950 1703 1123 1737 statum
1144 1709 1323 1749 summa
1347 1697 1585 1747 diligentia
1617 1697 1861 1737 confirma-

230 1772 309 1812 vit:
333 1772 522 1822 negotia
543 1771 698 1811 omnia
719 1770 836 1810 miro
858 1769 1016 1809 labore
1039 1774 1082 1808 et
1103 1767 1331 1807 industria
1353 1767 1568 1808 confecit:
1594 1768 1750 1808 multis
1772 1768 1862 1819 piis

231 1843 447 1894 operibus
470 1842 696 1891 incubuit,
723 1847 767 1881 et
789 1840 1015 1892 quotidie,
1040 1840 1138 1879 sine
1160 1840 1253 1878 ulla
1274 1839 1397 1878 soliti
1427 1839 1600 1879 laboris
1629 1839 1862 1878 remissio-

230 1926 308 1964 ne,
333 1913 485 1964 magis
506 1924 561 1952 ac
582 1912 734 1963 magis
755 1911 994 1951 incumbit.
1018 1910 1140 1950 Inter
1163 1915 1350 1949 caetera
1372 1909 1576 1949 maxime
1600 1921 1722 1960 *opus
1752 1909 1863 1949 illud

230 1983 367 2034 (quod
387 1984 531 2033 vulgo
552 1983 689 2023 Mons
709 1982 899 2022 Pietatis
921 1980 1122 2030 dicitur),
1147 1980 1234 2020 hac
1256 1980 1302 2020 in
1324 1980 1514 2020 civitate
1533 1991 1743 2020 summae
1762 1980 1862 2020 reli-

231 2055 404 2105 gionis,
427 2054 551 2105 quod
579 2054 637 2093 ad
666 2063 924 2104 pauperum
955 2051 1308 2092 subventionem
1334 2049 1418 2089 fuit
1449 2050 1732 2100 institutum,
1766 2050 1862 2090 suis

233 2125 438 2165 consiliis
459 2130 502 2164 et
524 2123 936 2164 intercessionibus
957 2122 1148 2162 adiuvit.

311 2195 462 2245 Multi,
487 2195 563 2246 qui
586 2194 756 2234 diutius
784 2193 1054 2234 carceribus
1076 2193 1241 2232 inclusi
1262 2192 1466 2242 fuerant,
1497 2192 1618 2231 illius
1638 2190 1862 2231 beneficio

231 2266 431 2306 vinculis
452 2265 656 2316 exempti
677 2270 797 2310 sunt.
816 2264 934 2304 Nam
951 2264 1086 2303 simul
1107 2275 1162 2303 ac
1185 2263 1242 2302 ad
1264 2274 1348 2302 nos
1369 2262 1594 2313 pervenit,
1619 2262 1666 2302 15
1683 2262 1863 2302 solven—

231 2338 338 2387 dos,
369 2343 411 2377 et
434 2337 492 2376 ad
522 2336 736 2376 Natalem
765 2335 955 2375 Domini
982 2335 1137 2386 plures
1163 2333 1216 2373 50
1247 2333 1453 2383 curavit,
1484 2333 1694 2373 nonnihil
1722 2332 1862 2372 etiam

233 2409 478 2448 conferens
499 2408 558 2447 ad
574 2408 758 2447 illorum
775 2418 855 2446 aes
872 2406 1072 2445 alienum
1088 2404 1450 2456 persolvendum
1466 2404 1705 2455 pecuniae,
1725 2415 1864 2455 quam

230 2479 375 2518 variis
391 2478 499 2518 hinc
515 2478 621 2518 inde
639 2476 949 2528 eleemosynis
966 2486 1137 2526 magna
1155 2475 1462 2514 sollicitudine
1475 2476 1741 2525 collegerat.
1759 2473 1862 2525 Qua

232 2549 275 2587 in
300 2561 347 2588 re
369 2549 539 2597 multis,
563 2559 679 2599 quos
695 2547 990 2587 miseriarum
1011 2545 1285 2596 magnitudo
1306 2545 1402 2584 fere
1419 2545 1466 2584 in
1487 2545 1861 2597 desperationem

234 2620 471 2670 adegerat,
496 2619 700 2658 maximo
714 2617 801 2658 fuit
822 2617 1003 2657 solatio.
1034 2616 1109 2656 Ad
1135 2615 1251 2655 haec
1273 2615 1466 2666 perfecit
1487 2621 1536 2655 ut
1557 2616 1733 2665 multis,
1757 2626 1862 2654 cum

232 2690 406 2740 egenis,
432 2695 529 2729 tum
546 2688 755 2739 infirmis,
775 2687 1115 2737 subveniretur,
1138 2686 1203 2726 ita
1223 2692 1292 2735 ut,
1317 2685 1405 2725 Dei
1425 2686 1599 2737 gratia,
1621 2685 1672 2726 20
1692 2697 1861 2736 paupe·

232 2772 335 2800 rum
355 2760 542 2799 familiis
563 2760 662 2799 sive
684 2758 910 2808 domibus,
930 2757 1125 2808 singulis
1142 2756 1522 2807 hebdomadibus,
1541 2756 1858 2808 provideatur.

286 2943 294 2962 ¹
336 2943 599 2978 Autographum
614 2941 646 2969 in
662 2942 740 2969 folio
756 2941 892 2976 duplici,
907 2949 960 2968 nn.
978 2941 1027 2967 174
1042 2944 1074 2967 et
1091 2940 1156 2971 175:
1172 2940 1204 2966 in
1225 2947 1263 2966 eo
1286 2944 1418 2967 tantum
1440 2939 1579 2966 ultimae
1599 2938 1729 2971 lineae,
1745 2945 1765 2964 a
1780 2944 1863 2964 voce

233 2992 417 3022 Panormi,
430 2994 465 3018 et
475 2989 718 3024 superscriptio
735 2993 813 3016 sunt
827 2995 929 3015 manu
945 2987 1059 3015 Patris
1075 2987 1103 3014 d’
1118 2987 1273 3014 Achillis.
