2080 3392
311 187 361 224 90
822 187 1049 224 LITTERAE
1075 197 1430 230 QUADRIMESTRES

316 284 529 324 meditati
550 289 670 333 sunt,
696 283 784 323 viri
807 283 930 322 docti
952 289 995 322 et
1012 282 1212 322 nominis
1235 282 1281 322 in
1302 282 1528 332 religione
1559 293 1658 333 sua,
1691 283 1942 323 laetantur-

315 366 404 406 que
426 355 472 394 in
494 354 734 394 audiendis
756 353 1002 394 Societatis
1019 354 1173 403 rebus,
1198 352 1453 404 eidemque,
1478 353 1525 392 in
1545 353 1712 404 quibus
1729 359 1937 404 possunt,

316 425 510 465 libenter
530 431 717 477 praesto
739 430 857 464 sunt.

396 495 483 546 Qui
505 495 689 535 demum
710 495 785 534 hic
809 507 1050 535 manemus
1067 507 1225 535 sumus
1247 507 1305 534 ex
1328 495 1418 534 alia
1440 495 1636 546 epistola
1668 495 1779 535 noti.
1803 494 1940 535 Vale-

315 577 432 616 rnus,
457 566 512 606 de
529 578 619 617 quo
641 566 843 605 Domino
861 566 1041 616 gratias
1059 566 1256 616 agimus,
1279 565 1466 616 reliqui3
1490 565 1616 605 solus
1636 565 1686 605 P.
1706 571 1938 616 aegrotat:

312 647 477 676 omnes
500 636 885 687 occupationibus
906 636 1020 676 satis
1041 636 1345 676 abundamus.

396 706 680 755 Vallisoleti,
704 707 887 746 kalend.
911 706 1121 758 Januarii
1146 706 1259 746 1553.

661 778 885 828 Indignus
905 777 953 816 P.
977 777 1035 818 V.
1061 777 1193 828 filius,

1334 920 1506 961 VALDE
1536 920 1780 960 RAx·ANUs.

427 1272 707 1300 Praecedentium
723 1272 836 1300 Patris
851 1273 989 1306 Joannis
1005 1273 1044 1299 de
1058 1272 1318 1301 Valderrabano
1334 1274 1528 1301 litterarum
1544 1273 1659 1300 italica
1673 1273 1786 1300 versio
1803 1275 1824 1300 ¹.

1083 1484 1180 1526 IHS

392 1696 558 1736 Gratia
574 1702 617 1736 et
638 1708 747 1747 pax,
773 1703 859 1737 etc.

391 1767 531 1807 Molte
553 1779 661 1807 cose
688 1767 803 1817 (R.d0
826 1769 872 1808 in
895 1768 1028 1808 Chr.⁰
1050 1769 1116 1819 P.)
1140 1770 1178 1809 si
1200 1769 1260 1809 ha
1282 1770 1474 1820 dignato
1505 1770 1535 1809 il
1557 1768 1753 1820 Signore
1780 1774 1942 1809 nostro

308 1839 490 1888 operar'
526 1839 573 1878 in
603 1839 753 1889 questi
784 1839 809 1877 4
834 1840 949 1879 mesi
976 1851 1057 1890 per
1083 1840 1113 1879 li
1134 1840 1334 1880 ministri
1362 1840 1406 1880 di
1442 1846 1603 1892 questa
1630 1852 1714 1880 sua
1751 1840 1942 1880 minima

308 1908 623 1960 Compagnia,
649 1921 674 1948 a
698 1910 849 1960 gloria
874 1910 919 1949 di
940 1922 1024 1949 sua
1048 1910 1149 1949 ΜΝ
1170 1917 1214 1950 et
1236 1911 1480 1950 confusion
1496 1917 1671 1950 nostra.

389 1979 462 2020 Un
481 1980 685 2030 giovane
707 1981 791 2020 che
814 1981 973 2020 soleva
996 1982 1137 2021 molto
1159 1984 1299 2021 esser'
1326 1982 1434 2021 dato
1457 1983 1544 2022 alle
1561 1982 1721 2022 vanita
1742 1988 1786 2021 et
1808 1982 1937 2021 lasci-

308 2050 385 2090 vie
407 2049 480 2089 del
501 2050 686 2101 mondo,
713 2051 878 2090 adesso
902 2063 984 2102 per
1005 2063 1108 2102 gra.
1133 2052 1202 2092 del
1227 2052 1297 2092 S.1·
1313 2054 1347 2092 s’
1369 2056 1392 2091 e
1415 2052 1681 2092 confessato
1705 2053 1827 2104 (qual
1847 2064 1940 2092 non

305 2122 469 2160 soleva
490 2133 650 2172 spesso
672 2121 998 2172 confessarsi);
1021 2122 1186 2162 adesso
1208 2134 1256 2162 se
1278 2123 1491 2163 confessa
1509 2123 1618 2174 ogni
1634 2122 1755 2162 festa
1773 2123 1938 2174 princi-

307 2192 412 2242 pale
428 2198 472 2231 et
487 2191 672 2243 quando
687 2192 920 2232 mancassi
932 2193 1128 2243 qualche
1143 2194 1284 2242 volta,
1303 2205 1421 2233 vene
1439 2193 1704 2244 piangendo
1722 2204 1747 2232 a
1766 2193 1939 2233 diman-

306 2262 408 2302 dar'
428 2263 635 2314 perdono
656 2274 682 2302 a
711 2269 798 2309 n.¹‘0
818 2261 888 2302 ΞΑ·
904 2263 1024 2303 della
1041 2264 1327 2315 negligentia
1346 2271 1551 2315 passata,
1575 2277 1668 2304 non
1687 2276 1827 2305 senza
1849 2265 1939 2305 edi-

308 2332 516 2372 fication'
541 2338 719 2372 nostra.

390 2403 530 2443 Molte
556 2415 754 2455 persone
784 2404 1060 2445 desiderano
1094 2407 1269 2445 mutar'
1307 2417 1390 2445 sua
1426 2406 1523 2445 vita
1554 2407 1600 2446 in
1636 2406 1826 2457 meglio,
1863 2417 1938 2445 ve-

308 2475 461 2514 nendo
482 2475 529 2514 in
549 2481 711 2515 nostra
733 2486 845 2515 casa
861 2476 992 2516 accio
1015 2487 1063 2515 se
1082 2476 1112 2515 li
1129 2476 1352 2527 imponga
1370 2477 1566 2527 qualche
1586 2488 1696 2516 cosa
1713 2487 1796 2527 per
1817 2487 1937 2516 esse-

305 2546 461 2596 guirla
483 2552 526 2586 et
547 2553 714 2586 stanno
745 2547 887 2586 molto
919 2546 1149 2586 risormati
1170 2547 1244 2586 nei
1271 2547 1380 2586 boni
1410 2547 1622 2596 costumi,
1654 2552 1697 2587 et
1719 2547 1939 2587 admirati

309 2616 427 2655 della
449 2617 598 2656 cecita
621 2617 704 2656 che
726 2617 880 2656 inanzi
903 2623 1115 2666 stavano,
1140 2617 1375 2657 laudando
1397 2624 1440 2657 et
1461 2617 1698 2658 iubilando
1719 2618 1761 2657 al
1778 2616 1850 2670 ‚Sf

387 2685 422 2724 11
443 2686 489 2725 di
510 2686 629 2726 della
650 2686 849 2726 nativita
871 2686 943 2726 del
958 2685 1027 2726 ΞΕ
1046 2698 1094 2726 se
1112 2687 1210 2726 son’
1225 2686 1478 2727 confessati
1497 2687 1577 2727 300
1598 2699 1796 2739 persone
1818 2699 1937 2738 poco

306 2756 387 2807 piu
408 2768 433 2795 0
454 2768 604 2807 meno,
639 2757 757 2797 onde
778 2768 872 2796 non
901 2757 1040 2808 pochi
1061 2759 1095 2796 s'
1127 2757 1282 2796 hanno
1313 2758 1652 2798 mirabilmente
1688 2757 1934 2808 aggiutati;

306 2827 630 2878 spetialmente
656 2828 795 2878 quelli
822 2827 945 2878 quali
972 2827 1208 2866 vivevano
1237 2828 1329 2867 mal
1350 2828 1555 2867 maritati
1575 2834 1620 2868 et
1655 2828 1873 2879 apartati,
1897 2828 1938 2868 si

362 2986 371 3005 ¹
413 2985 508 3013 Folio
523 2987 631 3018 unico,
645 2995 675 3014 n.
691 2986 752 3014 330.
