2080 3392
821 202 904 239 AN.
939 201 1031 239 1553
1674 199 1746 235 ³:33

109 303 373 344 trahuntur.
398 301 531 342 Multi
547 312 763 352 namque,
788 313 846 341 ex
868 300 934 340 eis
954 298 1245 351 praesertim,
1270 297 1348 350 qui
1369 297 1416 337 in
1442 296 1615 336 nostris
1642 307 1743 336 ver-

102 381 265 415 santur
300 374 488 424 scholis,
520 372 703 413 admitti
735 372 781 412 in
816 371 1097 412 Societatem
1132 376 1339 422 possent.
1378 368 1501 420 quod
1536 367 1582 407 in
1614 367 1744 407 initio

103 446 203 487 fieri
225 446 454 497 optimum
481 456 583 485 esse
616 456 710 484 non
731 443 968 493 duximus3
1003 453 1122 493 quae
1153 441 1310 481 omnia
1338 440 1385 479 in
1418 439 1643 479 maiorem
1673 438 1746 478 sui

102 517 304 558 nominis
324 516 524 568 gloriam
545 521 590 555 et
611 515 836 555 honorem
858 513 1112 553 constituat
1133 510 1506 564 sapientissimus
1528 509 1672 549 Deus.

186 587 525 638 Algarbiorum
544 586 806 637 Episcopus
827 585 917 625 hoc
934 584 1212 635 praesertim
1229 590 1439 634 tempore
1456 592 1746 632 magnopere

104 672 130 700 a
150 659 286 699 nobis
308 657 585 708 efflagitavit
603 663 653 696 ut
674 656 816 708 aliqui
839 668 896 696 ex
917 655 1092 694 nostris
1120 655 1176 704 ei,
1201 653 1260 693 ad
1281 653 1542 703 Collegium
1565 652 1742 703 erigen-

105 729 230 779 dum,
268 729 624 780 praeberentur3
660 728 792 767 cuius
831 733 927 766 tam
961 731 1125 765 sancto
1157 725 1389 764 desiderio
1426 723 1748 763 satisfaciendi

108 806 326 852 captatur
347 800 550 839 occasio.
572 798 845 839 Portuensis
873 797 1033 837 itidem
1054 796 1240 845 civitas,
1274 797 1349 835 vel
1378 796 1437 835 ad
1465 794 1741 845 Collegium,

104 873 179 912 vel
192 871 251 911 ad
262 870 583 922 professorum
598 870 786 910 domum
803 867 1184 917 construendam,
1201 867 1383 917 aliquos
1399 867 1619 917 postulat.
1635 865 1746 905 Dux

107 943 249 983 etiam
283 941 568 993 Bargantiae
597 953 704 981 cum
737 940 867 992 prius
896 940 1200 979 vehementer
1234 938 1552 977 contendisset
1587 944 1636 977 ut
1670 938 1746 976 vel

106 1015 222 1054 duos
244 1014 409 1053 saltem
430 1025 488 1052 ex
509 1011 756 1062 Societate,
781 1011 858 1063 qui
880 1010 982 1061 sibi,
1006 1010 1164 1050 curiae
1186 1021 1241 1049 ac
1264 1008 1469 1048 familiae
1487 1020 1599 1048 suae
1619 1008 1746 1047 ades—

107 1090 225 1136 sent,
249 1085 493 1133 obtineret,
513 1095 638 1123 nunc
656 1089 700 1122 et
719 1083 968 1122 nonnullos
985 1081 1140 1129 etiam,
1158 1086 1208 1120 ut
1225 1079 1486 1130 Collegium
1503 1078 1750 1119 Societatis

110 1155 350 1196 aedificari
371 1155 535 1206 possit,
563 1154 733 1194 obnixe
759 1154 897 1205 petit3
927 1153 1017 1203 cui,
1046 1158 1145 1192 turn
1167 1151 1291 1203 quod
1319 1164 1346 1190 a
1375 1162 1487 1201 rege
1516 1149 1750 1190 secundus

108 1228 155 1267 in
177 1226 425 1267 Lusitania
447 1226 527 1275 sit,
553 1233 650 1265 tum
671 1225 813 1265 etiam
834 1224 958 1276 quod
979 1229 1109 1263 tanta
1130 1222 1323 1272 virtute,
1344 1221 1547 1261 maxime
1569 1220 1749 1260 satisfa-

109 1310 215 1339 cere
237 1309 477 1338 conamur.
502 1297 615 1337 Erat
642 1297 689 1336 in
709 1295 939 1336 Almerini
961 1294 1130 1346 oppido
1153 1293 1319 1333 domus
1342 1291 1572 1344 quaedam
1606 1291 1750 1331 Patri-

111 1370 197 1409 bus
218 1369 289 1419 iis,
321 1369 400 1420 qui
433 1368 572 1408 simul
606 1379 712 1407 cum
748 1367 878 1406 curia
906 1365 1242 1415 adventabant,
1280 1364 1355 1404 cui
1383 1375 1490 1404 cum
1520 1363 1752 1415 quaedam

113 1440 310 1481 Infantis
330 1439 524 1490 Mariae,
549 1439 727 1479 sororis
753 1438 911 1489 Regis,
937 1438 1101 1477 domus
1124 1436 1347 1486 contigua
1375 1442 1512 1485 esset,
1545 1447 1649 1474 eam
1675 1434 1752 1474 illa

113 1518 305 1552 nostrae
344 1511 556 1551 adiunxit
587 1517 631 1550 et
665 1509 874 1560 tradidit,
912 1515 961 1548 ut
996 1508 1134 1548 latior
1168 1507 1299 1547 fieret
1334 1513 1473 1558 atque
1512 1506 1750 1557 capacior.

111 1584 357 1635 Templum
377 1588 624 1634 praeterea
651 1581 1033 1633 pulcherrimum,
1067 1579 1191 1631 quod
1219 1579 1265 1618 in
1301 1577 1549 1618 Santarem
1581 1577 1751 1629 oppido

109 1655 331 1707 possidet,
345 1654 479 1694 nobis
497 1653 674 1693 obtulit.
694 1652 852 1693 Infans
868 1658 1114 1703 praeterea
1131 1649 1395 1690 Cardinalis
1411 1649 1608 1699 Eborae,
1631 1660 1752 1700 quae

109 1726 182 1767 sui
202 1725 655 1777 Archiepiscopatus
677 1724 948 1775 metropolis
970 1728 1054 1771 est,
1075 1720 1334 1771 Collegium
1352 1721 1630 1760 decreverat
1646 1731 1751 1759 con-

109 1798 218 1838 dere
239 1797 425 1848 iamque
447 1797 546 1836 eius
569 1795 782 1836 aedificia
804 1795 994 1846 (optima
1017 1794 1219 1846 quidem)
1237 1805 1383 1846 prope
1405 1798 1540 1832 erant
1569 1789 1762 1831 absolu!

108 1875 171 1909 ta.
196 1868 314 1909 Cum
335 1880 450 1908 vero
478 1879 637 1907 mense
659 1866 876 1918 Augusto
900 1866 1141 1918 superiore
1169 1865 1218 1905 Ρ.
1250 1864 1432 1905 Natalis
1460 1875 1515 1903 eo
1542 1862 1750 1902 venisset

110 1942 218 1992 <quo
241 1939 456 1980 omnibus
478 1939 525 1979 in
546 1939 685 1979 rebus
713 1939 830 1978 duce
864 1938 935 1978 usi
961 1937 1134 1977 fuimus
1154 1948 1239 1988 pro
1266 1947 1380 1976 vero
1402 1935 1584 1986 spiritu,
1615 1946 1753 1985 quem

106 2011 171 2051 illi
191 2010 321 2051 Deus
343 2011 546 2062 optimus
568 2010 802 2050 maximus
825 2008 1022 2059 infudit),
1048 2007 1316 2048 Cardinalis
1338 2006 1598 2056 Collegium
1618 2005 1753 2045 nobis

108 2083 338 2135 simulque
366 2083 490 2122 mille
519 2093 772 2122 aureorum
794 2081 1004 2121 redditus
1028 2079 1256 2131 praebuit.
1285 2079 1502 2119 Divisum
1527 2089 1642 2117 vero
1670 2087 1752 2128 gy—

107 2154 341 2194 mnasium
358 2160 427 2193 est
445 2154 491 2193 in
506 2160 602 2193 tres
619 2152 956 2204 grammatices
973 2152 1164 2201 classes,
1184 2161 1327 2190 unam
1346 2161 1457 2189 vero
1477 2148 1750 2195 rhetorices,

108 2236 294 2265 necnon
318 2231 362 2264 et
390 2225 528 2264 lectio
557 2224 811 2264 constituta
838 2229 908 2263 est
942 2222 1270 2274 quaestionum
1306 2221 1444 2272 (quas
1474 2231 1612 2260 casus
1646 2231 1753 2259 con-

108 2296 334 2336 scientiae
354 2296 499 2346 vulgo
525 2295 848 2346 appellamus).
881 2294 931 2334 In
959 2295 1048 2334 hoc
1076 2293 1338 2333 studiorum
1365 2290 1559 2331 exordio
1592 2290 1752 2330 habita

109 2372 179 2407 est
200 2367 367 2417 oratio,
405 2377 524 2418 quae
546 2366 634 2417 ipsi
669 2365 908 2406 Cardinali
937 2364 1211 2416 perplacuit.
1245 2362 1558 2403 Perseverant
1588 2361 1753 2401 eodem

109 2438 271 2478 ordine
291 2437 516 2477 lectiones
536 2437 745 2477 maxima
766 2437 1034 2476 auditorum
1054 2435 1337 2486 frequentia;
1363 2445 1468 2473 cum
1490 2433 1615 2472 enim
1640 2433 1753 2472 urbs

109 2509 228 2550 satis
249 2509 309 2549 sit
330 2509 542 2559 celebris,
562 2514 896 2560 praeceptores
917 2507 1091 2559 privati
1113 2513 1220 2546 sunt
1242 2505 1412 2546 sublati
1434 2517 1460 2544 a
1492 2504 1747 2545 Cardinali.

108 2580 402 2621 Incredibilis
423 2585 580 2619 autem
599 2579 796 2629 fructus,
819 2586 917 2618 tum
940 2578 985 2618 in
1009 2577 1315 2618 concionibus
1332 2582 1376 2615 et
1398 2576 1454 2615 de
1476 2575 1652 2615 Christi
1673 2574 1748 2614 do-

108 2652 262 2692 ctrina
283 2651 500 2701 lectione,
519 2657 618 2690 tum
639 2651 782 2690 etiam
807 2662 866 2690 ex
893 2656 1299 2690 sacramentorum
1321 2647 1511 2687 assidua
1538 2646 1748 2698 frequen-

107 2723 307 2773 tatione,
327 2722 489 2773 oritur,
513 2722 722 2762 maxima
741 2733 835 2761 non
856 2722 1005 2761 solum
1026 2720 1170 2771 regis,
1193 2730 1359 2759 verum
1380 2718 1523 2758 etiam
1544 2726 1750 2757 caetero—

107 2805 213 2834 rum
234 2793 443 2833 omnium
458 2793 636 2832 laetitia
657 2799 702 2832 et
725 2791 1149 2842 congratulatione.

187 2864 444 2905 Maximam
471 2875 585 2904 vero
621 2863 754 2913 illud,
786 2874 880 2902 non
913 2863 1063 2902 solum
1101 2861 1150 2901 P.
1189 2859 1369 2911 Natali,
1411 2871 1574 2900 verum
1610 2859 1752 2899 etiam

107 2935 240 2976 nobis
262 2935 490 2986 omnibus,
514 2935 561 2974 in
582 2933 785 2974 Domino
802 2932 1029 2972 laetitiam
1047 2932 1215 2981 attulit,
1236 2931 1373 2983 quod,
1394 2931 1586 2980 scilicet,
1610 2930 1752 2970 Pater

108 3006 296 3058 Torres,
337 3006 386 3046 P.
430 3005 727 3055 Franciscus,
767 3016 858 3044 una
898 3010 942 3043 et
977 3003 1132 3043 socius
1171 3002 1270 3042 eius
1309 3002 1606 3052 Bustamans‚
1645 3013 1753 3041 cum
