2080 3392
297 206 364 242 142
803 205 1027 241 Lirrssuffi
1054 215 1411 247 QUAoRnffisTREs

293 303 489 343 fratrum
516 310 705 343 nostrae
735 301 1003 352 Societatis,
1034 302 1081 341 in
1107 302 1288 341 occulto
1319 308 1495 351 tamen,
1525 301 1788 352 theologiae
1816 301 1925 341 bac-

293 376 552 423 calaureus,
573 374 618 413 in
637 373 750 413 aede
767 384 903 412 sacra
920 372 1354 422 Dominicanorum,
1370 372 1416 411 in
1430 372 1696 423 praesentia
1715 372 1923 412 omnium

292 445 427 484 huius
445 446 594 483 almae
612 444 942 484 Universitatis
958 455 1220 495 procerum,
1240 443 1356 483 adeo
1372 443 1497 493 piam
1518 443 1796 494 cultamque,
1818 454 1923 482 nec-

291 527 384 554 non
418 521 546 554 tanta
576 526 680 554 cum
706 514 861 565 gratia
887 520 1252 565 cunctorumque
1282 513 1547 553 auditorum
1584 513 1924 563 satisfactione,

291 585 551 625 orationem
571 585 754 635 habuit,
779 597 918 636 quam
940 596 1201 625 sermonem
1223 584 1555 625 Universitatis
1586 584 1822 635 appellant
1842 615 1849 633 ,
1873 590 1924 623 ut

292 668 340 695 se
362 655 560 695 antehac
581 667 835 706 numquam
862 656 1014 706 magis
1042 655 1385 695 aedificativam
1408 653 1644 694 audivisse
1666 659 1924 704 protesten-

292 735 382 766 tur.
430 726 598 765 Thema
633 726 866 766 orationis
905 730 1009 766 erat
1045 726 1165 765 illud
1203 724 1577 775 Evangelt'cum,
1613 725 1791 773 Lucae,
1825 736 1922 774 XIII,

296 796 580 836 “coutendite
599 797 783 837 intrare
798 803 886 848 per
902 801 1165 847 angustam
1176 800 1394 847 portam,
1411 795 1521 846 qnia
1539 794 1681 834 multi
1695 798 1923 846 quaerent

291 868 476 907 intrare
496 872 538 907 et
562 879 655 907 uon
670 871 938 919 potemmt„.

371 938 495 978 Huic
529 939 703 978 aceedit
731 943 774 978 et
807 938 928 978 illud
954 949 1034 978 nec
1061 939 1243 988 forsan
1278 938 1459 977 minore
1500 936 1817 976 admiratione
1853 937 1917 976 αἰ·-

292 1021 459 1059 gnum.
486 1009 725 1060 Quaedam
761 1010 982 1060 religiosa
1017 1009 1192 1050 ordinis
1220 1008 1264 1049 S.
1296 1008 1571 1059 Augustini,
1604 1019 1722 1059 quae
1754 1008 1925 1047 multos

294 1092 443 1120 annos
472 1087 620 1120 mater
648 1080 731 1120 fuit
759 1080 949 1119 maioris
970 1080 1275 1129 xenodochii,
1313 1079 1360 1118 in
1395 1090 1484 1129 quo
1522 1078 1660 1118 Pater
1687 1077 1924 1118 Adrianus

291 1151 627 1202 professionem
648 1162 781 1190 suam
802 1151 1077 1201 celebravit,
1102 1162 1242 1202 quam
1263 1151 1309 1190 in
1330 1150 1544 1190 manibus
1576 1149 1775 1200 praefati
1806 1148 1924 1188 Can·

292 1222 467 1262 cellarii
498 1222 603 1273 (qui
636 1222 785 1261 eidem
821 1221 1111 1261 xenodochio
1142 1221 1396 1271 spiritualis
1430 1226 1563 1271 pater
1593 1219 1685 1269 est)
1720 1219 1923 1259 Domino

290 1292 391 1332 Deo
414 1304 685 1343 summoque
708 1292 918 1332 Pontifici
938 1304 994 1332 ac
1014 1292 1073 1333 V.
1098 1291 1148 1331 P.
1172 1292 1349 1343 obtulit,
1373 1292 1504 1341 haec,
1527 1291 1731 1342 inquam,
1755 1296 1920 1339 mater,

291 1364 336 1403 in
358 1375 442 1403 sua
469 1369 706 1403 senectute
734 1363 912 1412 multis,
943 1370 1037 1403 tam
1067 1375 1146 1414 per
1174 1362 1515 1403 confessionem
1543 1373 1682 1413 quam
1710 1361 1922 1412 privatas

291 1435 663 1484 exhortationes,
689 1446 804 1486 quas
833 1447 858 1474 a
885 1434 1023 1474 Patre
1045 1434 1304 1474 crebriores
1333 1433 1538 1484 excepit,
1570 1432 1818 1472 virtutibus
1840 1432 1921 1471 irn-

290 1505 421 1555 buta,
459 1505 584 1545 haud
618 1517 753 1545 secus
782 1517 835 1544 ac
864 1506 1053 1544 lucerna
1091 1505 1291 1554 cunctiS,
1328 1510 1426 1543 tum
1453 1503 1672 1551 infirmis,
1704 1509 1815 1543 tum..
1834 1502 1922 1542 sibi

292 1576 510 1616 subiectis
532 1577 772 1616 sororibus
798 1576 1138 1628 praefulgebat,
1173 1575 1231 1615 ad
1260 1575 1391 1615 cuius
1420 1575 1681 1625 exemplum
1709 1585 1923 1613 sororum

291 1658 462 1698 magna
484 1659 593 1698 pars
616 1647 742 1687 Patri
764 1646 978 1687 confessa
999 1652 1088 1697 est,
1112 1659 1197 1686 nec
1219 1657 1385 1697 parum
1406 1646 1452 1685 in
1476 1645 1696 1696 obsequio
1718 1644 1919 1684 infirmo-

292 1729 393 1758 rum
415 1724 606 1758 mutata.
638 1718 786 1758 Huius
809 1730 914 1757 cum
935 1718 1027 1757 iam
1058 1730 1081 1757 e
1108 1717 1326 1757 vivorum
1356 1716 1658 1756 contubernio
1688 1715 1921 1765 migrandi

291 1796 474 1840 tempus
496 1789 775 1838 immineret,
799 1794 842 1828 et
863 1789 1009 1828 tribus
1036 1787 1196 1828 diebus
1225 1788 1271 1827 in
1300 1794 1509 1827 extrema
1541 1792 1703 1837 ageret
1733 1785 1920 1837 agonia,

289 1871 373 1899 nos
402 1860 535 1900 unice
569 1860 655 1899 sibi
691 1860 854 1899 adesse
889 1860 1076 1910 orabat;
1107 1859 1227 1910 quod
1258 1859 1467 1898 vicissim
1498 1858 1707 1897 fecimus.
1746 1857 1922 1897 Ultimo

290 1937 444 1970 autem
466 1930 558 1981 die,
583 1936 689 1970 ante
710 1932 860 1970 lucem
880 1931 1023 1970 misso
1043 1930 1220 1980 nuntio,
1246 1929 1381 1969 citius
1403 1940 1488 1968 nos
1510 1928 1568 1968 ad
1589 1940 1637 1967 se
1661 1928 1820 1968 venire
1844 1939 1920 1978 po—

288 2002 498 2049 stulavit;
534 2002 616 2051 ivi,
648 2002 827 2052 ipsique
862 2002 1042 2041 locutus
1078 2013 1179 2040 sum
1213 2000 1415 2052 spatium
1448 1999 1580 2050 quasi
1611 1999 1756 2038 horae
1784 1998 1922 2038 unius

289 2072 344 2111 de
366 2073 609 2123 patientia,
641 2073 905 2112 constantia
933 2078 977 2111 et
1003 2072 1239 2111 laboribus
1268 2069 1313 2110 S.
1343 2070 1496 2119 Pauli,
1522 2081 1656 2120 quem
1686 2069 1841 2119 unice,
1873 2075 1923 2108 ut

289 2143 335 2182 in
356 2143 474 2189 vita,
498 2143 561 2182 ita
588 2149 631 2182 et
662 2143 707 2182 in
735 2142 930 2182 articulo
961 2142 1123 2182 mortis
1154 2142 1200 2181 in
1230 2147 1420 2192 pectore
1452 2140 1674 2180 habebat:
1713 2140 1921 2179 auditum

290 2225 492 2265 quoque,
518 2225 606 2264 quo
627 2215 820 2253 multum
847 2213 1032 2264 privata
1063 2213 1235 2262 fuerat,
1266 2219 1361 2251 tam
1389 2218 1553 2251 exacte.
1579 2211 1650 2260 (ut
1680 2210 1781 2261 ipsa
1810 2210 1922 2250 mihi

290 2285 465 2334 retulit)
489 2285 686 2335 recepit,
714 2291 763 2323 ut
790 2284 980 2323 minima
1009 2294 1217 2334 quaeque
1246 2283 1390 2322 verba
1418 2282 1710 2331 intelligeret.
1744 2281 1923 2320 Verum

290 2363 437 2395 morte
481 2356 573 2394 iam
618 2361 838 2406 urgente,
887 2355 933 2394 in
976 2354 1076 2405 ipso
1115 2353 1425 2404 separationis
1471 2352 1687 2392 conflictu
1732 2351 1920 2391 Patrem

292 2425 551 2465 Adrianum
578 2426 751 2476 absque
780 2437 912 2464 mora
945 2424 1107 2464 Vocari
1135 2424 1371 2475 cupiebat,
1406 2423 1538 2474 quasi
1573 2423 1681 2474 quid
1710 2422 1773 2462 illi
1801 2434 1920 2462 com-

290 2496 601 2536 mendandum
622 2497 833 2546 haberet,
857 2495 933 2547 qui
953 2494 1211 2534 accersitas
1239 2506 1380 2545 quum
1407 2505 1510 2533 eam
1540 2494 1749 2543 graviter
1779 2493 1925 2533 nimis

288 2568 577 2607 laborantem
612 2567 924 2618 conspiceret,
955 2576 1114 2605 omnes
1150 2565 1527 2613 circumstantes,
1558 2570 1816 2615 pastorem,
1853 2575 1921 2603 so-

290 2650 419 2677 rores
453 2644 497 2677 et
530 2644 754 2689 quotquot
787 2637 1002 2687 aderant,
1032 2636 1090 2676 ad
1119 2636 1347 2676 orandum
1375 2647 1459 2686 pro
1494 2635 1651 2674 divino
1689 2634 1920 2674 adiutorio

288 2709 576 2748 hortabatur.
612 2708 713 2759 Ipse
748 2714 903 2748 autem
936 2707 997 2747 ad
1031 2706 1362 2746 celebrandum
1394 2706 1603 2746 divinum
1635 2705 1835 2745 officium
1870 2716 1919 2744 se

291 2779 497 2819 vestibus
522 2780 670 2819 sacris
690 2779 930 2826 induebat,
954 2790 1039 2818 nec
1066 2784 1161 2817 tam
1184 2777 1274 2817 cito
1305 2777 1496 2816 missam
1522 2776 1704 2816 finierat
1732 2776 1844 2826 quin
1862 2776 1920 2815 ad

288 2850 577 2889 moriendum
599 2861 648 2889 se
670 2860 866 2900 vergere
894 2849 1062 2899 coepit3
1094 2854 1232 2899 atque
1264 2848 1328 2887 ita
1355 2848 1561 2887 maximo
1590 2847 1796 2886 omnium
1823 2846 1911 2885 fru-

292 2928 367 2959 ctu
397 2926 440 2959 et
461 2927 648 2971 stupore
678 2919 737 2959 ad
766 2919 1016 2960 Dominum
1043 2918 1279 2969 migravit.
1309 2917 1531 2969 Stupore,
1556 2917 1767 2968 inquam,
1792 2917 1916 2967 quod

292 2991 336 3030 in
377 2997 585 3030 extrema
624 2991 712 3030 ista
750 2991 1027 3030 necessitate
1066 2989 1233 3029 nullius
1276 2996 1607 3040 praeterquam
1651 2993 1918 3027 nostrorum
