2080 3392
857 179 941 215 AN.
971 178 1062 215 1:353
1706 175 1780 212 375

136 280 298 320 diebus
318 278 526 327 veneris,
550 277 698 317 donec
721 276 780 316 ad
801 276 974 317 dictam
1002 275 1392 327 supplicationem
1418 285 1561 314 sonus
1590 285 1776 324 campa-

137 362 224 390 nae
244 348 434 400 majoris
456 361 549 389 non
569 355 755 388 evocet:
779 347 1039 388 Dominicis
1056 358 1110 387 ac
1131 346 1261 386 festis
1278 345 1440 386 diebus
1461 357 1487 385 a
1504 351 1776 396 praecepto-

137 422 265 461 ribus
295 421 393 460 suis
427 420 603 471 aliquid
626 432 683 460 ex
719 425 996 459 occurrente
1032 418 1278 469 evangelio
1316 429 1397 468 per
1432 428 1574 456 unam
1608 415 1775 455 horam

140 492 394 543 excipiunt.

218 562 351 603 Nunc
373 562 432 602 ad
452 562 633 602 fructus
654 573 713 602 ex
736 562 839 601 aliis
866 567 1136 601 nostrorum
1157 559 1394 599 laboribus
1428 560 1675 610 decerptos
1705 569 1778 598 ac-

141 634 376 674 cedamus.
415 632 626 684 Quorum
652 645 744 673 non
779 632 1022 672 minimum
1048 642 1150 670 esse
1179 630 1395 679 arbitror,
1425 630 1499 681 qui
1532 642 1590 670 ex
1616 636 1782 669 sancto

137 705 353 756 jubilan,
385 716 532 756 nuper
553 705 629 744 hic
651 703 864 744 Viennae
891 702 1141 748 celebrato,
1172 701 1404 752 provenit.
1442 700 1610 740 Postea
1641 711 1783 752 quam

141 777 266 816 enim
289 776 478 816 litterae
498 775 800 827 Apostolc'ccze
824 773 850 823 ¹,
874 785 994 825 quae
1015 773 1074 813 ad
1095 772 1326 823 Reginam
1354 771 1606 811 Bohemiae
1635 771 1648 789 ‘²
1678 772 1782 811 mis-

142 860 221 887 sae
243 854 400 897 erant,
424 847 485 887 ad
505 853 719 887 nostrum
741 845 1001 895 Collegium
1024 845 1193 884 allatae
1223 850 1377 883 essent
1399 849 1443 882 et
1464 843 1676 893 patribus
1704 854 1783 882 no—

143 919 252 959 stris
268 919 525 968 exhibitae,
550 917 735 958 curavit
751 916 807 956 D.
829 915 1045 957 Canisius
1062 914 1075 933 ³
1092 922 1140 955 ut
1157 914 1583 965 Archipresbytero
1602 920 1646 953 et
1663 914 1783 963 aliis,

143 1002 343 1042 quorum
364 1002 422 1030 ex
445 989 595 1030 officio
617 989 810 1029 interest
832 987 955 1039 apud
983 988 1207 1039 populum
1235 986 1339 1037 pias
1366 997 1646 1036 promovere
1678 997 1784 1024 cau-

143 1074 241 1110 sas,
276 1061 573 1111 offerrentur,
606 1067 650 1100 et
685 1060 731 1099 in
752 1059 1085 1100 Germanicam
1105 1058 1317 1108 linguam
1344 1069 1368 1096 e
1396 1056 1540 1096 latino
1570 1067 1786 1095 sermone

144 1133 519 1183 traducerentur,
555 1132 772 1183 typisque
807 1129 1165 1178 excuderentur,
1203 1128 1359 1168 valvis
1394 1127 1712 1167 Ecclesiarum
1743 1134 1787 1166 et

146 1206 356 1244 locorum
373 1215 618 1244 sacrorum
638 1202 813 1254 passim
835 1201 1111 1252 affigendae.
1134 1199 1336 1240 Parochi
1361 1199 1502 1250 igitur
1525 1198 1622 1238 suis
1644 1199 1788 1237 eccle-

147 1277 229 1316 siis
266 1275 401 1327 hujus
437 1275 588 1315 sancti
618 1274 808 1326 jubilaei
842 1273 1159 1324 indulgentias
1193 1272 1317 1324 plebi
1351 1282 1463 1310 suae
1498 1269 1784 1317 indixerunt,

150 1355 208 1398 et,
232 1354 281 1387 ut
303 1360 329 1387 a
351 1353 512 1387 nostro
534 1352 667 1397 patre
689 1346 762 1398 pie
783 1345 937 1396 rogati
960 1351 1004 1384 et
1025 1343 1251 1384 admoniti
1273 1349 1421 1392 erant,
1459 1342 1573 1382 satis
1596 1341 1788 1391 diligen-

150 1427 220 1459 ter
242 1418 645 1459 commendarunt.
670 1417 792 1469 Quin
815 1423 859 1457 et
879 1417 978 1468 ipse
1000 1414 1138 1455 Pater
1160 1414 1378 1455 Canisius
1400 1412 1606 1461 mirifice,
1632 1419 1681 1457 ut
1702 1423 1789 1463 par

149 1497 270 1540 erat,
309 1491 355 1530 in
391 1489 694 1529 concionibus
730 1499 891 1528 coram
926 1487 1074 1538 Regia
1110 1485 1354 1537 Majestate
1389 1484 1581 1531 habitis,
1621 1483 1788 1523 utilita-

151 1569 244 1603 tem
274 1568 318 1602 et
346 1573 481 1601 usum
510 1561 909 1611 indulgentiarum
939 1558 1177 1610 exposuit,
1203 1556 1453 1608 deplorans
1484 1555 1621 1595 simul
1649 1555 1791 1606 negli-

150 1634 359 1685 gentiam
380 1640 423 1673 et
444 1632 711 1672 socordiam
732 1631 890 1683 populi
911 1630 1192 1681 germanici,
1217 1629 1295 1680 qui
1316 1628 1438 1668 hanc
1461 1633 1506 1666 et
1527 1625 1793 1677 hujusmodi

151 1705 267 1746 alias
288 1704 477 1744 divinae
498 1703 850 1743 misericordiae
870 1701 1051 1753 gratias
1072 1700 1168 1740 fere
1195 1711 1280 1751 pro
1308 1698 1506 1739 ludibrio
1528 1698 1681 1737 habet.
1707 1696 1792 1736 Te-

151 1776 394 1817 stabantur
416 1775 623 1827 plerique
642 1774 735 1814 viri
756 1780 908 1814 aetate
930 1783 1105 1824 graves
1135 1782 1374 1822 nunquam
1404 1781 1454 1810 se
1481 1769 1537 1809 de
1565 1769 1794 1820 dignitate

150 1859 205 1888 ac
226 1848 425 1890 utilitate
446 1846 843 1897 indulgentiarum
864 1845 1007 1885 fuisse
1029 1844 1285 1884 instructos
1306 1848 1350 1882 et
1372 1841 1483 1894 quid
1504 1841 1591 1881 sibi
1618 1841 1794 1881 vellent

151 1919 468 1970 indulgentiae
506 1918 735 1958 hactenus
774 1917 1035 1967 ignorasse.
1073 1914 1294 1955 Nonnulli
1329 1914 1490 1961 etiam,
1529 1912 1639 1952 dum
1674 1911 1791 1951 haec

151 1990 551 2042 praedicarentur,
588 2001 614 2029 a
649 1988 891 2029 lachrimis
931 1999 980 2027 se
1015 1994 1278 2037 temperare
1317 1985 1593 2036 nequibant,
1632 1983 1794 2023 dolore

153 2062 368 2102 videlicet
389 2060 658 2112 compuncti
679 2060 742 2110 (ut
764 2059 956 2099 credere
978 2058 1049 2098 fas
1071 2058 1154 2107 est)
1177 2056 1300 2109 quod
1321 2055 1501 2096 tamdiu
1522 2054 1796 2106 ignorantia

153 2139 391 2174 tantorum
411 2133 640 2173 donorum
660 2132 956 2181 laborantes,
980 2130 1045 2169 ita
1066 2127 1398 2180 multiplicibus
1428 2127 1564 2166 bonis
1595 2138 1644 2166 se
1673 2125 1794 2165 frau-

154 2205 289 2245 datos
308 2204 453 2244 fuisse
474 2203 802 2254 intelligerent.
827 2202 898 2242 Ex
919 2202 1031 2251 hac,
1062 2211 1204 2252 quam
1232 2210 1356 2239 nunc
1385 2198 1504 2247 dixi,
1536 2197 1585 2237 P.
1620 2196 1798 2237 Canisii

154 2276 397 2328 diligentia
418 2275 595 2315 factum
614 2281 684 2314 est
705 2280 755 2314 ut
776 2274 914 2324 longe
935 2273 1092 2324 plures
1113 2270 1327 2322 germani
1349 2268 1540 2320 jubilaei
1567 2267 1796 2319 praedicti

154 2348 360 2399 gratiam
380 2346 722 2399 promeruerint
745 2356 884 2396 quam
907 2344 1023 2383 alias
1045 2344 1249 2392 soleant3
1273 2341 1395 2381 unde
1418 2339 1683 2391 hujusmodi
1703 2337 1797 2378 fru-

157 2426 283 2459 ctum
315 2418 628 2469 copiosiorem
656 2428 751 2456 non
781 2414 949 2466 injuria
976 2415 1048 2454 his
1077 2413 1233 2453 literis
1263 2411 1277 2430 ⁴
1305 2413 1511 2452 inserere
1539 2410 1668 2450 volui
1696 2415 1797 2449 tan-

157 2496 298 2538 quam
331 2483 630 2536 peculiariter
663 2494 744 2534 per
779 2482 1091 2521 instrumenta
1118 2478 1368 2520 Societatis
1399 2477 1679 2517 derivatum.
1717 2475 1792 2514 Hi-

156 2568 349 2608 spanos,
387 2562 553 2606 sponte
587 2565 672 2594 sua
701 2565 807 2593 cum
832 2553 1065 2605 plerisque
1095 2551 1220 2592 italis
1253 2549 1313 2590 ad
1340 2549 1430 2589 hoc
1459 2559 1647 2588 sacrum
1677 2545 1796 2598 jubi-

156 2630 310 2668 laeum
331 2626 632 2667 obtinendum
653 2630 984 2677 properantes,
1009 2635 1102 2663 non
1122 2623 1208 2662 fuit
1229 2632 1346 2672 opus
1374 2619 1646 2668 admonere;
1681 2618 1798 2657 satis

156 2706 258 2740 erat
279 2699 402 2751 quod
422 2698 512 2738 illis
533 2703 771 2737 constaret
793 2697 935 2736 talem
956 2695 1160 2746 gratiam
1183 2704 1285 2732 esse
1307 2704 1333 2731 a
1354 2690 1546 2731 Summo
1574 2689 1798 2730 Pontifice

213 2859 220 2878 ¹
261 2859 368 2886 Bulla
385 2866 472 2885 suae
488 2857 555 2885 Sais
571 2857 738 2884 Erardus.

211 2904 224 2924 ²
262 2905 349 2932 Vide
366 2912 480 2939 supra,
497 2912 577 2939 pag.
594 2904 656 2932 112.

211 2952 224 2971 3
262 2953 298 2980 Ρ.
312 2952 431 2979 Petrus
448 2951 615 2980 Canisius.

212 3001 227 3020 ⁴
264 3000 410 3028 chartis.
424 2999 592 3028 ErarduS.
