2080 3392
324 218 393 254 226
831 216 1057 252 LITTERAE
1083 225 1443 258 QUADRIMESTRES

323 314 454 364 ginta
476 313 686 352 homines
708 318 845 362 atque
866 311 1004 351 etiam
1033 310 1231 361 amplius
1260 310 1320 350 ad
1350 317 1560 350 mutuum
1589 321 1796 350 amorem
1823 311 1958 350 redu-

324 389 516 433 xerunt,
539 394 682 434 quum
703 393 804 422 sese
826 387 963 421 antea
984 381 1062 421 alii
1084 381 1202 420 alios
1222 381 1422 432 pessime
1444 381 1663 420 odissent.
1686 379 1763 421 Ad
1784 380 1957 421 Castel-

323 456 417 494 lum
439 453 579 493 etiam
605 452 839 504 quoddam
864 453 1068 503 regium,
1101 452 1138 492 T
1143 463 1274 491 omar
1302 452 1445 502 vulgo
1476 451 1762 502 nominatur,
1786 451 1956 491 missus

323 524 406 564 suit
427 523 476 564 Ρ.
500 524 699 563 Michael
723 523 777 563 de
806 522 976 571 Sousa,
1009 523 1109 573 ipso
1137 522 1264 572 Rege
1280 521 1336 567 „id
1363 523 1647 573 postulante,
1678 521 1754 562 ubi
1780 527 1859 561 aut
1884 522 1956 561 bis

323 602 402 634 aut
430 602 500 634 ter
526 594 722 645 singulis
749 593 1054 634 hebdomadis
1082 594 1279 633 docebat
1306 594 1549 644 populum,
1580 593 1798 633 audiebat
1826 606 1951 634 arca-

323 676 408 705 nas
428 665 763 716 poenitentium
785 664 1122 713 confessiones,
1147 663 1505 703 administrabat
1532 670 1748 703 sanctum
1774 664 1954 704 Eucha-

322 736 482 777 ristiae
515 741 882 785 sacramentum,
917 735 975 775 ad
1006 735 1130 786 quod
1164 735 1296 774 multi
1325 746 1463 786 saepe
1493 746 1576 786 pro
1607 746 1736 775 more
1767 736 1952 775 accede-

322 809 454 858 bant,
478 807 659 847 incitati
680 807 739 847 ad
760 807 805 846 id
825 806 1090 846 faciendum
1110 806 1159 846 Ρ.
1184 806 1241 845 D.
1266 806 1460 846 Gonzali
1488 806 1813 857 concionibus,
1839 818 1964 858 quas>

322 889 443 918 anno
470 877 682 929 proxime
716 878 876 929 elapso
907 877 967 917 ibi
994 877 1220 917 habuerat
1249 883 1293 916 et
1320 876 1586 928 frequentes
1616 882 1660 916 et
1688 877 1952 917 ardentissi-

320 960 435 989 mas.
458 948 568 989 Inde
587 960 721 999 vero,
746 949 907 989 diebus
934 948 1180 988 dominicis
1201 954 1244 987 et
1265 947 1394 988 festis
1422 947 1539 988 duas
1566 948 1818 999 parochias
1839 949 1951 988 vici·

319 1032 426 1070 nas,
458 1020 654 1060 alteram
679 1031 837 1070 mane,
869 1021 1065 1059 alteram
1099 1019 1375 1070 vespertinis
1403 1019 1551 1069 horis,
1588 1019 1951 1059 concionaturus

320 1091 527 1142 petebat,
558 1103 616 1130 ex
646 1089 776 1141 cujus
803 1090 1012 1130 sollicitis
1048 1090 1449 1130 adhortationibus
1479 1090 1738 1129 uberrimos
1772 1089 1952 1130 fructus

319 1162 383 1201 illi
400 1161 610 1201 homines
639 1167 934 1211 acceperunt.
969 1160 1057 1201 Sed
1085 1161 1124 1200 is
1151 1160 1237 1200 fuit
1268 1161 1405 1212 longe
1435 1160 1691 1210 maximus,
1725 1160 1849 1211 quod
1879 1159 1954 1199 130

319 1238 398 1272 aut
422 1231 496 1271 140
515 1231 747 1282 homines,
771 1231 1048 1282 capitalibus
1076 1231 1192 1271 odiis
1223 1231 1452 1283 impliciti,
1485 1231 1741 1271 maximam
1769 1236 1951 1282 partem

318 1302 521 1353 diutinis,
547 1303 605 1342 ad
627 1302 925 1342 concordiam
947 1308 991 1341 et
1012 1302 1379 1342 familiaritatem
1399 1302 1610 1342 revocati
1627 1307 1755 1351 sunt,
1776 1312 1835 1341 ex
1856 1302 1951 1353 qui-

317 1374 402 1413 bus
422 1373 553 1413 multi
574 1373 780 1423 publice,
806 1373 1073 1424 obortisque
1103 1373 1382 1424 lachrymis,
1417 1384 1472 1412 ac
1499 1372 1759 1424 provolutis
1781 1372 1840 1412 ad
1861 1378 1949 1412 ter-

317 1455 418 1484 ram
445 1444 662 1494 genibus,
697 1444 775 1483 alii
804 1444 920 1483 alios
954 1444 1141 1483 veniam
1176 1443 1496 1494 postulabant,
1531 1443 1634 1483 aliis
1665 1454 1827 1483 omnes
1861 1443 1949 1483 sibi

316 1515 469 1554 illatas
490 1514 685 1566 injurias
702 1521 866 1565 sponte
882 1514 1073 1565 propria
1095 1514 1482 1554 condonantibus.
1499 1514 1550 1554 In
1567 1514 1729 1554 eodem
1748 1513 1950 1554 Castello

315 1586 384 1625 bis
405 1597 682 1637 unoquoque
704 1585 777 1625 die
797 1585 942 1625 frater
963 1585 1152 1636 quidam
1174 1597 1232 1625 ex
1252 1585 1428 1625 nostris
1452 1584 1477 1635 ¹,
1503 1597 1620 1636 quos
1647 1593 1822 1625 vocant
1844 1596 1948 1625 con-

316 1657 537 1696 scientiae
572 1668 731 1706 casus,
763 1656 1064 1707 praelegebat
1098 1656 1323 1696 ministris
1357 1656 1615 1706 Ecclesiae,
1654 1667 1851 1707 quorum
1888 1655 1951 1695 ibi

317 1727 480 1778 ingens
508 1733 577 1767 est
607 1739 850 1778 numerus,
880 1727 926 1767 id
961 1727 1084 1778 quod
1119 1727 1230 1776 illis,
1269 1726 1347 1778 qui
1381 1726 1700 1767 confessiones
1736 1725 1948 1774 audiunt,

314 1799 564 1850 plurimum
603 1798 834 1850 profuisse
870 1797 1115 1838 credimus.
1155 1797 1225 1837 De
1259 1797 1362 1837 aliis
1402 1797 1678 1849 quibusdam
1713 1796 1943 1846 Patribus,

314 1881 430 1920 quos
459 1869 517 1909 ad
545 1869 895 1920 Episcopatum,
928 1870 1073 1920 vulgo
1095 1868 1150 1908 de
1171 1868 1445 1919 Portalegre
1466 1874 1702 1918 vocatum,
1726 1868 1949 1908 miserant

315 1941 699 1990 concionaturos,
723 1939 838 1979 nihil
860 1939 1086 1979 habemus
1114 1939 1319 1979 scribere
1349 1939 1477 1979 Tuae
1503 1939 1628 1990 Pat.;
1658 1951 1767 1979 nam
1796 1950 1949 1990 neque

314 2012 401 2063 ipsi
423 2011 603 2051 reversi
625 2017 751 2061 sunt,
776 2022 926 2062 neque
949 2011 1070 2050 ullas
1094 2010 1152 2050 ad
1174 2022 1260 2050 nos
1282 2010 1441 2050 literas
1463 2010 1702 2050 dederunt.

395 2081 469 2122 Ad
491 2081 627 2122 Indos
649 2082 851 2133 quinque
869 2082 957 2121 hoc
979 2093 1101 2120 anno
1120 2081 1248 2120 missi
1265 2087 1385 2130 sunt,
1408 2087 1504 2120 tum
1520 2080 1698 2130 Patres,
1719 2085 1816 2120 tum
1836 2079 1945 2119 Fra-

315 2160 424 2203 tres,
444 2153 503 2193 ad
523 2153 822 2193 brasilienses
844 2164 956 2192 vero
979 2158 1169 2203 septem,
1194 2152 1272 2203 qui
1294 2164 1454 2192 omnes
1474 2163 1646 2203 magno
1669 2151 1823 2192 animo
1845 2162 1948 2191 sese

315 2224 552 2264 laboribus
570 2224 811 2275 quibusvis
828 2223 1132 2273 devoverunt,
1153 2234 1297 2274 quum
1316 2223 1523 2274 plerique
1545 2234 1705 2262 eorum
1721 2222 1947 2273 gravibus

316 2295 488 2334 morbis
510 2295 855 2343 cruciarentur3
879 2305 987 2333 nam
1019 2294 1180 2333 divina
1210 2293 1415 2333 bonitate
1443 2293 1551 2333 hinc
1579 2293 1782 2333 indidem
1811 2304 1951 2343 argu·

315 2371 523 2405 mentum
563 2365 727 2405 efficax
766 2365 880 2404 satis
919 2370 1241 2415 sumpserunt,
1297 2375 1386 2414 quo
1432 2364 1769 2415 profectionem
1815 2375 1947 2404 suam

316 2435 364 2475 P.
395 2435 590 2476 Doctori
620 2436 903 2487 persuadere
931 2441 1141 2486 possent,
1165 2441 1347 2474 tantum
1375 2435 1504 2474 abest
1540 2441 1589 2474 ut
1618 2434 1947 2485 impedimento

316 2506 468 2546 fuerit.
495 2506 726 2546 Dicebant
749 2506 955 2546 medicos
976 2505 1022 2545 id
1041 2506 1241 2556 probare
1263 2505 1527 2546 consilium:
1551 2505 1760 2555 morbos,
1784 2505 1954 2556 quibus

318 2577 609 2630 tenebantur,
632 2577 703 2616 his
732 2577 779 2616 in
799 2576 913 2616 locis
941 2587 1106 2615 curare
1128 2587 1221 2615 non
1248 2587 1405 2626 posse,
1429 2587 1578 2627 neque
1609 2575 1804 2615 forsitan
1827 2575 1944 2615 aliis:

318 2648 490 2687 sineret
511 2647 704 2698 proinde
726 2658 806 2686 eos
827 2646 1080 2698 proficisci,
1111 2646 1231 2685 inter
1254 2645 1462 2686 infideles
1482 2646 1647 2686 saltem
1678 2646 1945 2685 morituros:

319 2730 382 2768 se,
407 2719 445 2758 si
466 2730 558 2758 non
581 2718 682 2757 aliis
704 2718 862 2768 rebus,
896 2723 943 2757 at
973 2722 1097 2756 certe
1124 2717 1432 2767 perdocendis
1459 2716 1666 2768 puerulis
1695 2728 1833 2768 posse
1856 2715 1945 2755 suf-

319 2788 457 2828 ficere
481 2788 508 2828 ².

375 2923 381 2940 ¹
425 2921 560 2949 Marcus
575 2922 742 2956 Georgius
758 2922 905 2957 (sorge).
920 2922 1085 2954 Potmco,
1102 2922 1193 2954 ibid„
1208 2929 1286 2955 pag.
1302 2922 1363 2952 415.
1377 2929 1407 2948 n.
1423 2922 1485 2948 913.

371 2970 383 2987 ‘-'
423 2969 578 2996 clariora
605 2970 687 2996 haec
713 2970 818 2996 multo
843 2969 923 2996 fient
946 2970 1136 3003 legentibus
1161 2976 1244 3002 quae
1267 2969 1370 2996 habet
1395 2969 1561 3003 PotANco,
1589 2969 1620 2996 in
1645 2969 1819 3001 Chronico,
1846 2973 1868 2995 t.
1895 2975 1948 3002 111,.

320 3023 397 3048 pag.
414 3016 476 3049 411,
492 3024 522 3043 n.
539 3016 601 3049 007,
616 3021 646 3043 et
663 3021 842 3050 sequentes
857 3016 962 3043 Marci
975 3016 1075 3050 Jorge
1091 3016 1238 3043 litteras.
