2080 3392
301 186 371 223 188
810 186 1037 223 LITTERAE
1064 196 1420 228 QUADRIMESTRES

301 283 508 332 affectus,
532 283 719 322 monitis
741 289 785 322 et
812 282 1017 322 consiliis
1037 282 1190 322 Patris
1211 283 1347 323 rediit
1369 284 1415 323 in
1436 296 1539 324 eam
1566 291 1767 325 mentem
1796 292 1839 326 et
1861 288 1934 326 sui

301 354 447 401 ipsius
469 354 799 404 cognitionem,
824 360 872 392 ut
892 365 985 393 non
1007 354 1156 393 solum
1184 354 1476 395 confessione
1504 356 1760 396 remedium
1787 357 1931 408 inqui-

300 424 443 474 sierit,
467 423 548 463 sed
570 431 613 463 et
645 424 932 464 adversariis
958 424 1154 464 libenter
1181 425 1534 476 condonaverit,
1565 438 1591 465 a
1619 427 1786 478 quibus
1812 429 1937 468 male

298 495 383 534 suit
412 495 698 540 vulneratus,
737 495 991 535 maximam
1024 495 1192 535 mentis
1226 497 1609 547 tranquillitatem
1638 504 1682 538 et
1709 498 1932 548 gaudium

299 565 403 604 inde
426 569 730 605 consecutus:
752 566 870 605 alius
891 565 1089 605 insectus
1109 567 1346 617 perversis
1363 569 1686 618 corltrafidenz
1709 569 1931 620 opinioni-

298 636 383 675 bus
405 636 525 684 (cum
546 641 703 675 tamen
725 643 847 676 esset
867 636 1037 676 indicio
1058 648 1145 676 sno
1166 637 1288 676 satis
1310 638 1491 687 doctus)
1515 639 1561 678 in
1588 639 1741 679 Patris
1768 652 1933 680 manus

297 707 479 755 incidit,
504 713 549 746 et
577 719 631 746 ea
662 707 845 747 ratione
874 714 1126 748 revocatus
1155 714 1224 748 est
1252 709 1309 748 ab
1339 710 1586 759 erroribus,
1623 716 1672 750 ut
1701 712 1934 761 posterius

298 777 596 818 induceretur
618 779 663 818 in
686 790 906 829 magnam
934 791 1046 819 suae
1069 780 1311 819 caecitatis
1341 780 1700 821 admirationem
1727 794 1780 821 ac
1804 794 1932 833 prae-

298 848 475 888 dicaret
488 855 903 889 commemoratum
912 850 1100 890 Patrem
1114 862 1211 890 rem
1223 852 1516 902 praeclaram
1530 853 1749 902 gessisse,
1764 853 1937 904 quippe

297 919 374 970 qui
396 920 643 971 eripuisset
665 920 762 960 eius
784 921 989 960 animam
1010 933 1068 960 ex
1089 921 1236 961 hostis
1265 922 1478 962 manibus
1497 934 1503 969 ;
1530 929 1573 962 et
1603 922 1806 971 tandem,
1830 936 1930 975 pec-

298 997 510 1030 catorum
537 992 665 1031 luctu
696 998 739 1031 et
761 992 1053 1032 confessione
1074 992 1347 1038 illustratus,
1385 993 1585 1033 removit
1613 1006 1639 1033 a
1661 1006 1710 1034 se
1738 1005 1936 1044 prorsus

299 1062 586 1112 opinionem,
623 1074 678 1101 ac
715 1063 894 1113 quoties
924 1062 1112 1102 Patrem
1144 1063 1358 1103 eumdem
1393 1065 1626 1112 convenit,
1660 1065 1724 1105 illi
1752 1066 1937 1117 gratias

298 1132 396 1183 agit
426 1133 654 1183 singulari
675 1134 799 1183 grati
820 1134 963 1173 animi
993 1134 1349 1184 significatione.
1381 1135 1651 1176 Invisuntur
1680 1142 1724 1176 et
1755 1137 1816 1186 hi,
1856 1137 1932 1188 qui

296 1204 343 1243 in
365 1204 576 1243 custodia
602 1210 831 1253 tenentur,
864 1216 1034 1255 magno
1062 1216 1165 1244 cnm
1186 1206 1379 1255 fructu,
1410 1207 1580 1258 quippe
1608 1219 1713 1247 cum
1743 1219 1827 1247 sua
1851 1207 1937 1247 hu*

299 1275 494 1314 militate
516 1281 560 1315 et
581 1276 888 1315 submissione
911 1276 969 1316 ad
991 1276 1318 1327 excipiendum
1334 1277 1481 1317 cibum
1509 1279 1795 1329 spiritualem
1818 1279 1932 1318 satis

302 1345 514 1396 dispositi
535 1346 640 1385 sint.
665 1346 805 1398 Apud
826 1347 910 1386 hos
932 1358 1044 1397 ergo
1066 1354 1223 1387 noster
1252 1347 1389 1387 Pater
1411 1349 1557 1388 verba
1578 1348 1689 1388 facit
1717 1349 1934 1389 hortatus

299 1416 357 1455 ad
379 1422 678 1466 peccatorum
701 1418 891 1465 luctum,
916 1424 960 1457 et
981 1418 1026 1457 in
1042 1418 1229 1457 miseria
1248 1419 1521 1469 patientiam
1540 1419 1928 1470 amplectandam:

303 1488 525 1538 importat
550 1487 691 1527 etiam
713 1500 871 1528 secum
893 1500 1076 1539 panem,
1101 1500 1234 1539 quem
1256 1490 1452 1540 singulis
1487 1491 1727 1541 elargitur.
1766 1491 1932 1531 Cuncti

303 1557 475 1597 Christi
495 1558 598 1598 Iesu
615 1559 903 1610 benignitate
925 1565 1031 1599 sunt
1053 1560 1270 1608 confessi,
1290 1567 1334 1600 et
1357 1562 1475 1600 alter
1492 1562 1625 1601 alteri
1648 1562 1935 1601 condonavit

302 1628 496 1668 iniurias
524 1636 757 1680 acceptas.
790 1630 851 1669 At
887 1642 1000 1669 vero
1029 1642 1135 1670 cum
1164 1631 1254 1670 illic
1283 1631 1471 1682 quidam
1494 1631 1822 1680 custodiretur,
1855 1633 1931 1682 qui

297 1700 424 1738 nullo
442 1700 580 1739 modo
603 1712 657 1739 ac
676 1701 856 1740 ratione
885 1700 959 1740 vel
989 1701 1205 1752 exemplo
1233 1701 1439 1741 aliorum
1468 1702 1640 1753 impelli
1669 1709 1853 1753 poterat
1883 1709 1933 1742 ut

297 1770 497 1810 inimicis
519 1770 747 1810 iniuriam
769 1772 1074 1822 condonaret,
1095 1778 1193 1812 tum
1225 1773 1412 1824 quidam
1434 1772 1571 1813 Pater
1597 1785 1655 1813 eX
1675 1774 1848 1813 nostris
1872 1774 1930 1814 ad

296 1841 395 1880 eius
416 1841 557 1892 pedes
587 1853 688 1881 sese
718 1843 988 1893 prostravit,
1019 1854 1074 1882 ac
1111 1843 1374 1883 vehementi
1410 1844 1600 1894 spiritus
1629 1844 1818 1895 impetu,
1849 1856 1932 1895 per

296 1923 503 1951 amorem
526 1912 703 1963 (inquit)
727 1912 911 1961 Christi,
944 1914 1020 1964 qui
1050 1914 1179 1953 cruci
1207 1914 1371 1953 affixus
1401 1915 1601 1954 inimicis
1627 1915 1851 1965 pepercit,
1888 1922 1931 1954 et

295 1988 343 2021 tu
379 1983 535 2022 omnia
563 1983 776 2023 condona
806 1984 1020 2030 inimicis,
1059 1991 1102 2024 et
1130 1984 1258 2024 Deus
1285 1985 1367 2024 tibi
1402 1991 1480 2024 tua
1518 1985 1814 2025 condonabit.
1846 1985 1931 2025 Re-

294 2059 432 2103 pente
454 2065 535 2093 cor
556 2054 756 2094 hominis
778 2067 972 2094 saxeum
995 2062 1063 2095 est
1081 2055 1360 2102 emollstmn,
1377 2062 1421 2095 et
1448 2057 1514 2095 rei
1536 2062 1725 2107 stupore
1748 2062 1928 2107 captus,

294 2124 465 2163 clamat
486 2136 535 2164 se
556 2125 790 2164 universis
810 2126 1069 2175 ignoscere,
1096 2132 1140 2166 et
1167 2127 1364 2177 amplius
1393 2128 1514 2166 nolle
1538 2127 1714 2175 ulcisci,
1748 2127 1829 2167 sed
1850 2139 1928 2178 po—

294 2194 384 2234 tius
408 2194 616 2246 perferre
638 2196 868 2246 patienter
891 2208 1075 2236 omnem
1110 2197 1328 2236 iniuriam
1355 2204 1399 2237 et
1436 2197 1783 2237 adversitatem.
1816 2197 1929 2237 Erat

294 2265 464 2305 ibidem
484 2266 646 2306 mulier
669 2267 899 2317 quaedam
922 2268 1088 2318 pannis
1109 2275 1153 2307 et
1172 2269 1387 2319 squalore
1410 2269 1581 2318 obsita,
1603 2269 1697 2319 egit
1714 2279 1827 2318 ergo
1846 2267 1925 2308 Pa—

295 2343 362 2375 ter
391 2337 514 2387 apud
542 2337 825 2388 Episcopum
860 2344 909 2377 ut
944 2339 985 2377 ei
1020 2339 1216 2378 donaret
1255 2339 1538 2378 necessaria.
1584 2339 1648 2379 Ea
1690 2340 1844 2390 itaque
1881 2340 1928 2379 in

295 2418 479 2457 eorum,
498 2408 575 2457 qui
592 2408 638 2446 in
655 2419 847 2447 carcere
866 2409 1200 2457 versabantur,
1223 2410 1419 2448 salutem
1438 2410 1648 2449 adhibita
1664 2416 1733 2449 est
1754 2421 1865 2450 cura
1884 2418 1928 2450 et

294 2489 451 2528 opera,
478 2485 526 2517 ut
548 2490 710 2518 omnes
731 2478 1001 2518 [mimarum
1023 2491 1226 2518 suarum
1247 2480 1401 2519 saluti
1418 2480 1745 2520 consuluerint
1766 2487 1809 2520 et
1830 2492 1926 2520 ma-

293 2548 417 2587 xima
440 2548 485 2587 in
508 2548 711 2588 Domino
734 2550 1054 2589 consolatione
1076 2551 1246 2600 expleti
1260 2550 1468 2600 suerint.
1494 2550 1743 2590 Praeterea
1766 2557 1922 2591 custos

293 2619 513 2669 carceris,
547 2631 652 2659 cum
686 2631 847 2668 uxore,
880 2619 1007 2659 Patri
1036 2627 1229 2671 peccata
1260 2633 1350 2660 sua
1378 2622 1629 2661 triennium
1660 2622 1825 2668 celata,
1866 2622 1927 2660 cm'

294 2699 495 2738 qnorum
530 2690 894 2740 patefactionem
922 2696 965 2730 et
998 2691 1204 2730 dolorem
1234 2692 1363 2742 prius
1396 2691 1565 2731 adduci
1592 2703 1687 2731 non
1721 2698 1920 2742 poterat,

294 2759 537 2799 confessus
558 2761 746 2801 tandem
768 2767 850 2801 est.
876 2761 1097 2801 Vicarius
1117 2762 1257 2801 etiam
1279 2762 1508 2813 Episcopi
1523 2763 1695 2813 pietate
1725 2769 1769 2802 et
1796 2773 1929 2802 reve-

291 2829 443 2869 rentia
465 2841 647 2880 magna
669 2830 727 2870 ad
748 2831 913 2871 Patres
935 2832 1133 2871 accessit
1161 2832 1319 2883 eisque
1348 2832 1591 2872 confessus
1621 2838 1704 2872 est.
1741 2832 1779 2872 O
1815 2838 1925 2883 quot

291 2900 489 2950 animae,
514 2901 560 2939 si
577 2901 792 2951 operarii
804 2913 896 2941 non
914 2902 1144 2952 deessent,
1162 2902 1349 2942 Christo
1367 2909 1662 2953 pararentur,
1681 2909 1725 2942 et
1742 2903 1787 2942 in
1804 2903 1922 2942 salu-

293 2971 352 3010 tis
370 2971 495 3010 viam
512 2972 863 3022 reducerentur,
878 2985 996 3024 quae
1013 2973 1180 3013 misere
1196 2981 1405 3024 pereunt,
1422 2973 1528 3024 quia
1546 2985 1638 3013 non
1655 2979 1723 3013 est
1742 2973 1818 3024 qui
1839 2983 1926 3012 eas
