2080 3392
250 189 321 225 278
762 188 988 224 LITTERAE
1015 197 1371 230 QUADlesssTREs

250 284 455 324 missarii
480 283 487 301 ¹
511 283 818 334 praescripto,
841 282 1109 323 Ferrariam
1136 289 1205 323 est
1231 283 1415 322 missus.
1448 282 1621 334 Magna
1651 283 1881 334 quaedam

250 355 307 394 ab
329 366 382 394 eo
404 360 685 405 spectamus,
706 354 875 405 quippe
898 354 974 405 qui
996 359 1040 393 et
1057 354 1354 405 simplicitate
1381 354 1646 394 columbina
1674 359 1718 394 et
1739 354 1880 394 admi-

250 425 387 464 rabili
407 424 615 464 bonitate
636 425 695 464 sit
717 430 923 464 ornatus.

330 495 530 545 Magnus
556 495 735 535 fructus
762 495 1081 546 perciperetur
1111 495 1158 535 in
1186 495 1275 535 hac
1301 496 1430 546 urbe,
1454 496 1494 536 si
1528 502 1770 536 manerent
1806 495 1881 535 hic

250 566 455 616 operarii
476 566 600 614 boni,
624 566 860 617 quoniam,
883 566 990 606 licet
1018 566 1229 606 homines
1257 566 1288 606 ii
1314 567 1405 606 sint
1436 566 1681 618 depravati
1713 572 1757 606 et
1789 567 1881 618 opi-

250 636 439 676 nionum
452 637 762 687 perversitate
775 637 947 685 infecti,
964 643 1121 677 tamen
1137 636 1354 676 facillime
1369 643 1556 688 possent
1569 638 1626 676 ab
1643 637 1881 677 erroribus

250 707 466 746 revocari
488 707 546 746 ad
568 707 832 757 veritatem,
856 707 1151 758 maximeque
1178 708 1266 747 hoc
1288 713 1511 758 tempore,
1541 719 1651 747 nam
1679 708 1768 757 ille,
1805 708 1883 759 qui

250 778 499 817 seminavit
517 778 746 817 zizaniam
767 789 979 818 errorum
1002 778 1354 817 lutheranorum
1384 784 1427 817 et
1455 778 1577 818 hanc
1599 779 1761 818 urbem
1790 779 1882 830 opi-

250 848 440 887 nionum
473 849 707 899 pravitate
737 849 983 898 infecerat,
1016 849 1088 888 die
1119 849 1277 899 lunae,
1310 848 1399 888 hoc
1421 855 1491 888 est
1521 849 1728 889 calendis
1755 850 1880 899 maii,

249 919 432 969 publice
447 919 493 959 in
510 931 690 960 summo
707 922 894 971 templo,
908 920 985 960 ubi
1003 920 1164 960 solitus
1182 920 1333 959 fuerat
1350 920 1635 971 concionari,
1651 932 1756 960 cum
1772 922 1881 960 mul-

249 989 310 1029 tis
330 990 565 1030 mensibus
587 991 760 1041 egisset
780 991 1129 1042 poenitentiam,
1155 991 1320 1030 refellit
1342 991 1678 1042 revocavitque
1704 992 1884 1042 pravis-

252 1060 408 1110 simas,
440 1073 555 1112 quas
586 1062 819 1111 emiserat,
847 1062 1104 1113 opiniones,
1137 1073 1185 1101 se
1218 1061 1419 1101 maxime
1442 1062 1707 1101 accusando
1737 1068 1781 1102 et
1808 1075 1884 1102 ve·

251 1132 377 1171 niam
419 1144 443 1171 a
486 1133 656 1184 populo
691 1138 735 1172 et
771 1133 1005 1184 Episcopo
1040 1133 1172 1172 flexis
1218 1132 1415 1183 genibus
1448 1132 1705 1183 precando;
1746 1132 1882 1184 idque

251 1203 460 1242 maxima
481 1204 689 1243 omnium
710 1203 1016 1243 instructione
1034 1210 1077 1243 et
1100 1203 1345 1254 disciplina
1367 1203 1476 1254 egit.

333 1273 477 1314 Nobis
498 1286 591 1314 non
613 1274 742 1314 deest
763 1274 946 1313 animus
972 1280 1098 1314 recte
1120 1273 1364 1322 efficiendi,
1389 1285 1553 1313 verum
1580 1273 1754 1314 debiles
1775 1280 1882 1314 sunt

252 1345 380 1384 vires
396 1352 600 1393 nostrae,
624 1345 846 1396 quocirca
861 1351 967 1396 apte
982 1356 1232 1396 possumus
1251 1355 1538 1395 cognoscere
1552 1345 1690 1395 quod,
1706 1345 1746 1384 si
1762 1345 1883 1396 quic-

253 1427 392 1466 quam
414 1415 551 1455 officii
572 1422 878 1467 praestamus,
900 1415 943 1455 id
965 1416 1164 1467 benigne
1186 1421 1230 1455 et
1250 1427 1365 1466 pure
1387 1427 1414 1454 a
1432 1415 1516 1455 deo
1539 1421 1710 1455 manat.
1731 1415 1885 1467 Atque

254 1487 366 1526 illud
405 1493 585 1526 tantum
620 1487 893 1526 deberemus
935 1486 1092 1527 dolere
1127 1486 1249 1537 quod
1290 1498 1382 1526 non
1421 1497 1726 1526 exerceamus
1764 1486 1886 1526 dona

255 1564 449 1609 accepta
485 1564 533 1598 ut
554 1570 640 1609 par
668 1564 737 1597 est
760 1570 814 1597 ac
846 1558 1101 1597 secundum
1133 1557 1353 1608 gratiam,
1385 1568 1524 1608 quam
1551 1568 1733 1597 summa
1759 1557 1885 1596 boni-

257 1635 330 1668 tas
366 1629 501 1669 nobis
541 1629 781 1679 elargitur.
826 1629 981 1679 Quare
1019 1634 1064 1668 te
1104 1628 1337 1680 supplices
1376 1628 1583 1667 universi
1620 1639 1882 1679 precamur,

255 1699 330 1739 Pr.
362 1700 549 1751 optime,
581 1711 636 1739 ac
665 1711 826 1739 omnes
854 1699 973 1739 RflOS
1000 1699 1126 1739 Pres.
1159 1706 1202 1738 et
1231 1699 1437 1738 chainnwS
1457 1699 1503 1738 in
1538 1697 1659 1738 Dno.
1696 1698 1804 1738 fres.
1840 1704 1888 1738 ut

257 1770 395 1810 deum
414 1782 498 1821 pro
514 1771 647 1810 nobis
664 1770 806 1810 oretis
823 1782 929 1822 quo,
950 1770 1007 1810 ab
1025 1781 1079 1809 eo
1096 1769 1302 1821 perfecto
1318 1780 1448 1820 grae.
1468 1768 1639 1808 lumine
1663 1775 1707 1809 et
1724 1780 1887 1808 amore

258 1842 391 1881 nobis
413 1853 652 1891 concesso,
676 1842 908 1893 possimus
928 1841 1195 1892 perspicere
1223 1847 1266 1880 et
1287 1840 1511 1891 perficere
1533 1841 1631 1881 eius
1651 1840 1887 1880 sanctissi-

258 1924 384 1951 mam
405 1913 711 1952 voluntatem.

337 1983 558 2033 Mutinae,
581 1983 645 2022 3.0
666 1994 814 2023 nonas
836 1982 943 2022 maii
967 1982 1080 2022 1553.

338 2053 480 2103 Tuus,

1153 2196 1189 2236 F
1194 2208 1440 2235 RANCISCUS
1470 2196 1675 2235 BORDON.

342 2411 495 2450 Patris
518 2411 735 2451 Caesaris
757 2410 1064 2460 praescripto.

341 2481 709 2532 Superscrzptlo.
732 2481 793 2521 Al
813 2481 955 2521 molto
978 2479 1079 2520 R.d0
1107 2480 1152 2519 in
1174 2479 1255 2519 Χ.υ
1276 2479 1396 2529 Pre.,
1420 2479 1449 2518 il
1472 2477 1520 2518 P.
1543 2476 1607 2517 Μ.
1636 2477 1816 2528 Ignatio
1835 2477 1891 2516 de

260 2552 454 2603 Loyola,
478 2552 721 2603 Preposito
741 2552 795 2591 de
816 2553 860 2591 la
877 2551 1168 2602 Compagnia
1185 2551 1229 2590 di
1251 2550 1368 2599 Iesu,
1392 2550 1439 2589 in
1460 2549 1622 2589 Roma.

342 2623 404 2662 Et
425 2623 521 2662 alia
542 2634 701 2662 mann.
720 2623 914 2663 Mutina.
1079 2628 1081 2631 ’

342 2693 503 2733 Manet
524 2693 785 2744 vestigium
807 2705 938 2733 cerae
960 2693 1143 2732 rubrae.

320 2853 328 2871 ¹
370 2852 482 2880 Patris
498 2854 635 2886 joannis
651 2854 828 2888 Baptistae
844 2853 955 2880 Viola.
