2080 3392
260 155 329 192 670
771 152 996 188 LlTTERAE
1023 160 1378 193 QUADmMESTREs

263 250 444 290 ieiuniis
465 256 613 297 taceo,
638 259 742 287 cum
764 253 808 286 et
839 247 975 295 alios,
1006 246 1247 286 Ecclesiae
1273 247 1538 298 praeceptis
1569 247 1888 299 obtemperan-

262 328 345 370 tes,
367 331 450 371 per
470 318 767 358 insolentiam
787 317 1090 357 incesserent.
1114 316 1292 356 Verum
1313 316 1403 357 hac
1423 317 1489 357 illi
1509 317 1886 368 quadragesima,

261 398 310 430 ut
337 390 511 430 diversi
538 395 582 428 et
609 387 737 428 Patri
758 394 802 427 et
829 388 962 427 nobis
989 389 1264 437 retulerunt,
1294 399 1387 427 non
1415 389 1565 428 solum
1596 388 1653 428 ab
1681 399 1763 428 esu
1793 400 1890 428 car-

261 462 388 501 nium
415 460 497 500 sed
530 467 573 499 et
602 472 629 499 a
660 459 908 499 lacticiniis
929 458 1267 498 abstinuerunt.
1299 457 1476 498 Variae
1497 458 1738 508 haereses,
1773 471 1891 511 quae

261 533 306 571 in
333 533 578 583 plerosque
613 530 786 570 civium
820 529 1000 569 animos
1035 529 1344 580 irrepserant,
1374 529 1557 580 publice
1588 541 1641 569 ac
1671 529 1890 581 privatim

261 604 469 653 linguam
491 613 683 641 exerere
704 601 995 652 inceperant;
1018 611 1184 640 verum
1204 600 1293 640 hoc
1313 611 1438 640 nunc
1458 601 1654 651 malum,
1678 599 1767 640 Dei
1787 612 1891 651 gra-

262 674 325 713 tia
346 673 644 723 adventuque
665 671 833 721 Patris,
857 678 1105 722 utcumque
1128 682 1393 722 repressum
1415 677 1483 711 est
1505 682 1621 722 eque
1641 672 1891 711 multorum

263 744 432 784 animis
452 742 660 783 funditus
681 743 822 782 etiam
843 743 1147 782 eradicatum.
1172 741 1302 782 Haec
1323 748 1453 782 tanta
1474 754 1580 782 cum
1603 741 1763 782 divino
1791 743 1889 782 sub-

262 815 380 855 sidio
402 813 588 865 adjutus
607 813 913 865 praestiterit,
942 813 1209 853 invidorum
1230 813 1364 862 dens,
1389 813 1467 864 qui
1485 819 1642 853 tamen
1663 813 1710 853 in
1731 814 1812 853 tali
1842 825 1891 853 re

262 886 387 925 vires
408 897 518 925 suas
538 885 741 924 maxime
772 883 1010 924 effundere
1036 884 1175 934 solet,
1208 895 1440 935 nusquam
1469 895 1518 923 se
1549 884 1775 935 prodidit,
1799 884 1891 923 imo

262 957 291 996 ii
314 956 422 1007 ipsi,
446 955 523 1007 qui
551 956 641 995 hoc
669 954 854 994 nomine
880 954 1090 994 nonnihil
1117 955 1321 1004 suspecti
1353 961 1508 1005 erant,
1540 954 1810 1006 suppliciter
1842 966 1891 994 se

262 1027 579 1077 demittentes,
604 1038 628 1066 e
648 1026 953 1065 concionibus
971 1032 1135 1065 notatu
1156 1025 1373 1075 digniora
1395 1025 1610 1076 excipere
1626 1025 1797 1065 frustra
1816 1038 1888 1077 po-

262 1099 509 1138 stularunt.

341 1169 446 1221 Jam
466 1169 595 1220 quid,
618 1181 704 1221 pro
725 1175 821 1209 tam
842 1169 1016 1219 insigni
1043 1168 1280 1218 beneficio,
1313 1167 1524 1208 beneficii
1555 1168 1739 1208 auditor
1771 1176 1888 1208 retu-

261 1240 365 1280 lerit
389 1238 423 1290 ¹,
452 1246 502 1279 ut
523 1246 730 1289 caetera,
754 1240 984 1292 patienter
1003 1239 1200 1290 suscipe.
1224 1239 1455 1290 Imprimis
1475 1239 1670 1289 singuli,
1695 1251 1891 1291 quorum

262 1311 517 1351 auctoritas
538 1311 585 1351 in
605 1312 694 1351 hac
714 1311 952 1362 republica
976 1310 1226 1361 plurimum
1247 1311 1393 1360 valet,
1427 1321 1528 1350 sese
1558 1309 1687 1350 Patri
1719 1311 1889 1350 obtule-

262 1388 368 1421 runt
394 1382 454 1422 ad
480 1382 637 1422 omnia
664 1382 884 1432 petitione
912 1382 1052 1432 digna
1084 1381 1424 1432 paratissimos.
1459 1380 1654 1432 Quoque
1685 1381 1890 1421 animum

261 1464 396 1493 suum
429 1453 476 1492 in
502 1452 690 1493 Patrem
716 1458 761 1492 et
789 1453 1048 1503 Collegium
1075 1459 1222 1492 totum
1249 1452 1412 1491 melius
1446 1452 1762 1502 declararent,
1796 1453 1889 1503 qui-

261 1524 368 1564 dam
390 1535 566 1574 eorum,
584 1524 644 1563 ad
666 1524 755 1564 hoc
773 1535 940 1563 munus
962 1536 989 1563 a
1011 1523 1123 1563 R.m0
1143 1523 1286 1564 Car.le
1309 1523 1338 1573 ‘·',
1362 1522 1615 1573 Interrege,
1641 1523 1887 1574 designati,

262 1606 483 1646 magnam
504 1606 734 1635 summam
754 1595 1074 1646 pecuniariam
1095 1595 1482 1635 eleemosinarum
1503 1606 1586 1645 pro
1603 1594 1888 1634 exstruenda

262 1665 456 1716 Collegii
477 1665 616 1705 domo
638 1666 942 1716 collegerunt.
973 1665 1113 1716 Huic,
1138 1677 1229 1717 quo
1252 1664 1541 1705 commodius
1572 1664 1883 1713 aedificemus,

263 1742 426 1787 quater
447 1736 572 1776 mille
597 1748 740 1787 supra
761 1736 1042 1787 quingentos
1062 1736 1339 1776 ducatorum
1364 1735 1619 1775 liberalitas
1640 1735 1887 1786 Imperato-

263 1807 327 1847 ris
344 1806 372 1857 ⁵,
393 1819 420 1846 a
441 1818 530 1858 quo
552 1813 596 1847 et
617 1807 735 1847 alios
757 1814 1004 1846 sexcentos
1026 1808 1169 1846 annui
1190 1807 1399 1847 redditus
1421 1806 1717 1855 obtinuimus,
1738 1817 1890 1846 acces-

262 1885 434 1919 serunt.
458 1878 738 1918 Benedictus
759 1877 901 1927 Deus,
926 1878 1019 1929 qui,
1042 1889 1131 1929 quo
1153 1878 1304 1917 minus
1326 1885 1555 1929 speratur,
1580 1889 1633 1917 eo
1654 1877 1891 1917 liberalius

261 1950 416 1989 omnia
447 1949 597 1989 servis
633 1949 729 1989 suis
762 1949 1044 2000 suppeditat.
1081 1948 1186 1988 Dici
1217 1961 1310 1988 non
1338 1954 1489 2000 potest
1521 1959 1662 2000 quam
1694 1953 1891 1999 paterno

262 2020 429 2060 affectu
452 2021 673 2060 universa
695 2020 862 2059 civitas
884 2026 927 2059 et
948 2020 1197 2070 praecipue
1220 2019 1362 2059 vicini
1384 2019 1529 2058 nostri
1550 2029 1664 2069 erga
1681 2029 1765 2058 nos
1787 2018 1891 2058 affe-

263 2092 324 2130 cti
345 2091 458 2141 sint3
482 2091 563 2130 sed
584 2091 693 2142 quia
714 2091 830 2130 haec
854 2090 969 2129 alias
991 2090 1245 2140 attigimus,
1267 2089 1363 2141 jam
1384 2081 1755 2139 praetereantur.

343 2162 589 2213 Reliquum
617 2169 686 2201 est
714 2161 1050 2201 submisissime
1078 2140 1363 2200 obtestemur
1391 2168 1439 2200 ut
1468 2159 1687 2211 quicquid
1717 2159 1892 2199 factum

263 2241 343 2274 aut
364 2233 680 2274 intermissum
703 2238 787 2282 est,
810 2232 920 2272 boni
941 2232 1172 2272 consulas.
1197 2231 1389 2271 Fratres
1406 2242 1566 2270 omnes
1588 2237 1632 2270 et
1654 2241 1741 2281 ego
1762 2241 1891 2281 prae-

263 2305 412 2356 cipue,
431 2310 481 2344 ut
502 2303 579 2355 qui
600 2303 799 2343 caeteris
815 2304 918 2354 plus
935 2313 1066 2353 egeo,
1085 2314 1187 2342 sese
1204 2302 1250 2341 in
1270 2302 1432 2353 primis
1448 2301 1571 2341 Rdae
1592 2300 1693 2340 Ρ.ϊίὃ
1714 2300 1820 2341 V.²²e
1837 2312 1891 2340 ac

262 2369 427 2409 deinde
448 2369 645 2408 aliorum
668 2368 886 2418 omnium,
911 2368 988 2419 qui
1010 2367 1213 2407 audituri
1234 2373 1312 2407 aut
1334 2366 1498 2406 lecturi
1520 2372 1642 2416 sunt,
1669 2365 1882 2405 orationi-

262 2441 348 2480 bus
369 2451 509 2492 quam
525 2445 720 2490 possunt
737 2439 939 2478 maxime
960 2438 1303 2478 commendant.

342 2511 414 2551 Ex
435 2510 649 2562 Neapoli,
673 2509 823 2561 pridie
844 2521 993 2549 nonas
1014 2509 1123 2548 Maii
1146 2509 1205 2548 M.
1230 2508 1286 2548 D.
1312 2507 1448 2548 LIIII.

343 2581 564 2621 Minimus
586 2581 791 2621 omnium
813 2586 1019 2627 tuorum,

1299 2719 1337 2758 T
1340 2732 1384 2759 H.
1417 2717 1677 2758 PELTANUS.

320 2859 326 2877 ¹
368 2858 475 2891 Magis
489 2859 676 2892 perspicue:
690 2858 773 2893 sam
789 2859 874 2892 quid
886 2858 1059 2892 beneficii,
1070 2860 1134 2891 pro
1150 2858 1248 2882 tanto
1263 2855 1440 2889 beneficio,
1452 2854 1634 2880 auditores
1650 2852 1890 2886 rependerim.

317 2906 330 2924 ·-’
370 2905 489 2931 Petrus
505 2905 675 2937 Pacheco,
693 2905 938 2940 Neapolitanus
954 2904 1108 2931 Pro—rex.

317 2954 331 2970 ³
370 2953 512 2978 Carolus
531 2953 568 2978 V.
