2080 3392
281 167 352 204 304
793 163 1019 200 LITTERAE
1046 171 1403 205 QUADRIMESTRES

281 262 371 303 Dei
386 261 724 310 misericordia,
744 260 835 311 qui,
855 260 981 310 ipsos
996 259 1043 298 in
1058 258 1181 299 hanc
1198 258 1351 298 cordis
1368 258 1754 298 illuminationem
1771 259 1911 299 addu-

283 339 457 382 cturus,
483 332 722 381 hucusque
748 330 969 382 pepercit,
1001 341 1091 381 quo
1122 329 1169 369 in
1191 329 1484 381 displicentia
1512 339 1702 369 suorum
1728 329 1915 380 pondus

280 408 585 455 peccatorum
607 402 904 452 deponerent.

359 473 610 514 Laicorum
632 478 789 511 autem
811 470 1258 511 communicantium
1275 475 1413 521 atque
1435 470 1765 518 confitentium,
1789 470 1910 510 festi-

278 545 351 584 vis
372 544 622 595 praecipue
645 542 820 590 diebus,
846 548 1003 581 tantus
1034 546 1102 581 est
1122 552 1343 581 numerus
1364 541 1411 581 in
1437 547 1634 593 utroque
1661 541 1832 592 templo
1862 546 1913 581 ut

280 615 359 655 vix
379 613 646 654 celebrandi
667 619 849 664 tempus
871 612 1262 652 subministretur.

358 685 446 725 Vir
468 685 656 737 quidam
678 684 889 735 insignis,
914 683 991 723 ubi
1014 684 1286 723 conclusum
1307 694 1408 722 esse
1430 682 1638 734 percepit
1657 682 1846 722 Patrem
1865 682 1913 721 in

278 745 477 798 ecclesia
496 755 655 796 Sancti
676 755 815 804 Petri,
840 755 1106 794 auditurum
1123 753 1480 803 confessionem,
1501 765 1609 793 mox
1624 765 1800 793 novam
1817 753 1916 793 suis

278 827 536 879 sumptibus
561 826 695 866 iussit
717 825 924 866 construi
950 824 1121 874 sedem,
1146 824 1516 864 confessionibus
1548 823 1790 864 audiendis
1816 829 1913 863 tam

276 910 362 951 pro
391 898 606 938 audiente
634 908 773 948 quam
801 895 1046 936 confitente
1081 895 1451 944 convenientem,
1482 907 1574 934 una
1606 906 1711 935 cum
1744 895 1913 934 cistula

278 969 494 1021 quadam,
522 968 569 1008 in
599 967 762 1008 eadem
782 967 1027 1016 fabricata,
1061 966 1119 1006 ad
1151 966 1481 1006 includendum
1514 977 1650 1005 omne
1672 966 1794 1017 quod
1825 977 1910 1016 pro

277 1040 556 1080 necessitate
578 1051 693 1090 opus
713 1050 815 1078 esse
837 1038 1052 1089 potuerit.
1073 1037 1192 1077 Huic
1212 1044 1255 1077 et
1276 1037 1364 1077 hoc
1383 1037 1577 1087 accedit,
1599 1036 1738 1076 aliam
1754 1047 1913 1087 quam-

278 1111 385 1151 dam
411 1122 675 1162 personam,
699 1109 894 1160 probam
921 1115 964 1149 et
991 1108 1292 1159 singulariter
1321 1107 1421 1147 Deo
1453 1107 1688 1158 devotam,
1717 1108 1911 1157 longam

278 1183 514 1233 latamque
533 1192 592 1220 ex
612 1180 874 1220 holoserico
897 1180 1089 1220 iussisse
1111 1178 1276 1219 confici
1303 1180 1486 1228 stolam,
1517 1179 1564 1218 in
1593 1178 1725 1219 cuius
1756 1177 1910 1218 medio

277 1252 322 1293 S.
344 1264 512 1293 nomen
528 1250 699 1292 IESUS
717 1251 870 1290 aureis
887 1250 1083 1290 habetur
1101 1255 1371 1290 contextum
1389 1249 1569 1298 litteris,
1591 1260 1709 1300 quae
1728 1248 1914 1299 quidem

278 1324 491 1363 omnibus
525 1322 769 1362 dominicis
798 1333 853 1361 ac
880 1321 1061 1361 festivis
1092 1321 1253 1360 diebus
1289 1321 1336 1360 in
1363 1320 1499 1360 altari
1535 1326 1844 1359 conservatur
1865 1319 1912 1358 in

278 1406 413 1434 usum
443 1393 611 1443 Patris,
644 1405 785 1444 quum
816 1391 1280 1439 communicantibus,
1311 1391 1388 1442 qui
1416 1403 1474 1430 ex
1505 1390 1608 1430 aliis
1634 1390 1912 1442 parochiali-

276 1466 361 1505 bus
374 1477 428 1504 eo
446 1464 682 1504 confluunt
699 1463 922 1507 ecclesiis,
943 1462 1288 1502 sanctissimum
1305 1461 1630 1501 Eucharistiae
1648 1472 1910 1500 sacramen-

277 1542 373 1576 tum
403 1535 720 1583 administrat,
759 1535 867 1585 quia
889 1534 1102 1573 omnibus
1124 1533 1208 1573 sub
1239 1544 1388 1584 poena
1411 1531 1914 1572 excommunicationis

277 1607 523 1646 inhibitum
544 1612 612 1645 est
640 1617 665 1644 a
693 1605 860 1656 quovis
882 1605 1132 1644 coelestem
1153 1603 1276 1643 hunc
1307 1604 1545 1654 suscipere
1573 1614 1743 1654 panem
1772 1613 1912 1653 quam

276 1689 302 1716 a
323 1677 513 1728 proprio
530 1677 793 1726 sacerdote,
813 1681 856 1715 et
874 1675 1092 1726 quoniam
1110 1674 1245 1714 nobis
1262 1674 1397 1714 huius
1412 1673 1660 1725 prohibere
1677 1679 1911 1724 nequeunt

277 1747 743 1797 administrationem,
769 1747 871 1786 ideo
893 1746 1037 1786 tutius
1054 1745 1111 1785 ad
1133 1757 1219 1785 nos
1241 1745 1551 1785 concurritur.

356 1818 598 1869 Quaedam
614 1818 835 1868 religiosa
855 1818 901 1857 in
923 1816 1125 1868 quodam
1155 1816 1406 1867 beginagio
1439 1815 1464 1866 ¹,
1498 1821 1547 1855 ut
1569 1815 1791 1864 dicimus,
1816 1825 1911 1854 ma-

274 1890 518 1940 gisterium
550 1889 801 1928 exercebat
836 1899 974 1939 super
1001 1888 1173 1927 multas
1209 1893 1305 1927 tam
1335 1886 1601 1938 spirituales
1630 1885 1736 1935 (sic)
1768 1896 1906 1936 quam

274 1960 540 2000 saeculares
562 1959 854 2009 iuvenculas,
886 1970 1003 2010 quas
1035 1970 1121 1998 acu
1148 1958 1342 2009 pingere
1370 1957 1567 1998 docebat
1596 1956 1803 2005 curiosa,
1839 1966 1912 1994 su-

276 2031 452 2082 perflua
488 2036 625 2081 atque
661 2030 859 2081 superba
896 2041 1059 2081 opera,
1097 2029 1144 2069 in
1185 2028 1407 2078 sudariis,
1450 2028 1665 2077 indusiis‚
1714 2026 1908 2077 aliisque

276 2101 586 2150 ornamentis,
610 2101 655 2139 in
676 2112 829 2149 usum,
849 2101 924 2139 vel
942 2100 1100 2139 Verius
1122 2099 1295 2139 fastum
1317 2105 1360 2139 et
1385 2099 1756 2148 delectationem,
1782 2108 1910 2136 mun-

276 2172 504 2212 danorum
525 2171 764 2222 utriusque
785 2182 925 2210 sexus
946 2170 1207 2219 hominum,
1238 2169 1441 2221 quotidie
1473 2169 1657 2209 noviter
1684 2169 1904 2216 humana,

275 2254 358 2283 seu
378 2242 530 2294 potius
552 2241 801 2291 diabolica,
835 2242 1103 2281 inventione
1133 2241 1402 2291 excogitata
1423 2249 1429 2288 ;
1454 2241 1571 2280 haec
1605 2245 1775 2286 autem,
1799 2250 1909 2289 quo-

277 2314 385 2353 dam
415 2320 621 2363 tempore
650 2312 886 2352 lovanium
913 2312 1121 2363 veniens,
1145 2311 1332 2351 Patrem
1354 2311 1594 2360 convenit;
1629 2310 1720 2361 qui,
1755 2321 1804 2349 re
1836 2320 1907 2349 co-

275 2384 430 2435 gnita,
455 2384 518 2423 ita
535 2395 639 2423 eam
656 2384 701 2422 in
718 2383 845 2422 hisce
862 2382 1082 2422 instruxit
1099 2382 1452 2422 curiositatibus
1470 2414 1477 2432 ,
1497 2381 1643 2421 variis
1661 2381 1909 2420 declarans

277 2455 536 2494 rationibus
573 2454 685 2493 talia
724 2454 913 2493 minime
952 2453 1117 2492 decere
1157 2453 1430 2502 religiosam
1469 2463 1524 2491 ac
1564 2451 1664 2491 Deo
1704 2450 1909 2490 deditam

278 2525 530 2575 virginem,
564 2536 682 2575 quae
712 2523 934 2563 mundum
963 2522 1213 2574 mundique
1249 2522 1404 2562 omnia
1437 2522 1682 2573 reliquisse
1715 2526 1910 2560 externo

277 2595 478 2635 ostendit
506 2595 631 2634 vitae
659 2605 852 2645 genere,
883 2593 1047 2645 quibus
1074 2593 1176 2643 ipsa
1211 2593 1277 2633 uti
1306 2594 1460 2643 Vellet,
1498 2603 1585 2632 nec
1623 2591 1681 2631 ad
1712 2591 1910 2631 aliorum

278 2664 543 2716 augendum
565 2665 831 2716 superbiam
852 2675 906 2704 ea
926 2664 1082 2704 facere
1104 2663 1313 2714 aliasque
1330 2663 1499 2703 docere
1517 2662 1707 2711 debere,
1733 2667 1782 2701 ut
1798 2672 1909 2700 mox
1928 2647 1930 2649 ‚

278 2747 327 2775 se
352 2742 566 2786 paratam
596 2735 957 2782 demonstraret,
991 2733 1121 2773 iuxta
1149 2733 1359 2773 divinum
1387 2732 1634 2783 Patrisque
1663 2731 1908 2771 consilium

279 2806 441 2846 eodem
462 2806 602 2845 etiam
623 2806 695 2845 die
717 2805 874 2845 omnia
894 2805 1155 2855 relinquere
1177 2815 1430 2855 omnesque
1445 2834 1454 2852 ,
1478 2815 1593 2855 quas
1617 2803 1674 2843 ad
1696 2802 1908 2842 eamdem

332 2964 342 2984 ¹
383 2963 467 2990 Vide
483 2971 595 2997 supra,
613 2967 634 2990 t.
650 2970 669 2996 1,
685 2970 763 2996 pag.
779 2962 840 2989 550.
