2080 3392
841 197 924 234 ΑΝ.
956 197 1051 234 1553
1694 195 1758 232 181

121 297 292 346 Itaque
311 294 443 334 locus
464 293 544 334 ille
566 305 660 334 non
680 298 750 333 est
771 293 899 333 alins
920 305 1060 344 qnam
1084 291 1348 332 societatis.
1374 292 1437 331 Et
1457 291 1506 330 ίιι
1528 291 1576 330 id
1593 291 1760 331 damus

123 378 313 418 operam
328 371 378 405 ut
395 366 442 405 in
460 365 752 405 xenodochio
771 366 914 404 semel
930 365 975 403 in
994 364 1303 412 hebdomada,
1324 362 1634 414 praecedente
1653 374 1759 402 con-

121 438 336 488 fessione,
367 437 629 488 percipiant
651 435 1000 477 Eucharistiam
1022 447 1114 474 non
1137 434 1275 474 modo
1298 434 1482 485 aegroti
1509 433 1590 474 sed
1619 434 1759 474 etiam

122 509 175 557 ii,
200 508 277 560 qui
298 507 431 548 firmo
460 514 567 548 sunt
598 519 815 559 corpore,
847 507 938 546 hoc
970 513 1040 545 est
1067 505 1244 545 familia
1272 505 1469 556 hospitis
1501 517 1762 557 pauperum

122 585 166 620 et
186 580 285 630 ipse
312 579 497 631 hospes.
528 579 705 620 Diebus
733 578 977 619 dominicis
999 577 1209 617 nonnulli
1229 589 1287 617 ex
1308 576 1532 617 fratribus
1554 577 1762 616 invisunt

122 656 345 702 aegrotos
376 657 420 690 et
447 650 621 690 habent
651 650 925 690 concionem
954 649 1001 688 in
1028 660 1190 688 eorum
1222 648 1593 688 consolationem
1624 654 1668 688 et
1699 648 1762 687 in-

121 722 439 762 structionem.
464 721 630 762 Patres
652 733 835 773 quoque
853 732 933 760 eos
953 719 1125 759 adeunt
1142 726 1185 759 et
1203 731 1366 759 eorum
1383 719 1523 758 saluti
1540 719 1588 758 ιἰι
1605 720 1763 758 dando

122 793 316 833 consilio
338 799 382 832 et
405 793 649 833 audiendis
671 791 1047 832 confessionibus
1068 790 1344 830 inserviunt.
1377 790 1427 829 In
1458 790 1530 829 his
1558 798 1665 830 sunt
1699 791 1763 829 in-

121 865 251 904 venti
270 864 441 904 milites
462 863 800 904 consuetudine
821 862 1049 914 peccandi
1071 861 1337 909 inveterati,
1362 862 1440 912 qui
1467 862 1624 901 multis
1656 868 1764 901 ante

122 936 256 976 annis
277 948 427 987 neque
449 935 653 975 confessi
674 946 759 974 nec
782 935 838 974 de
867 940 1169 985 peccatorum
1192 934 1318 972 luctu
1341 939 1385 972 et
1408 932 1592 972 animae
1614 934 1764 972 salute

120 1018 327 1058 unquam
348 1007 631 1057 cogitarunt.
656 1006 716 1045 Hi
738 1017 868 1056 ergO,
889 1004 1065 1045 Christi
1081 1004 1183 1044 Iesu
1202 1003 1434 1054 auspiciO,
1460 1002 1653 1043 Patrum
1670 1015 1764 1043 rna-

121 1078 256 1118 nibus
277 1078 461 1128 traditi,
486 1078 545 1118 ad
573 1089 739 1117 sanam
769 1083 973 1117 mentem
1001 1082 1046 1115 et
1065 1075 1298 1127 'pietatem
1324 1074 1633 1124 reducuntur,
1656 1087 1765 1114 nam

121 1148 338 1189 effectum
358 1149 548 1189 tandem
570 1155 640 1189 est
661 1154 710 1188 ut
732 1161 790 1188 ex
820 1148 988 1187 animis
1015 1154 1196 1198 pestem
1226 1152 1531 1198 peccatorum
1558 1147 1764 1186 maximo

121 1220 282 1260 dolore
303 1221 429 1260 vitae
450 1226 722 1260 transactae
744 1220 981 1269 elicerent,
1007 1230 1180 1270 eosque
1203 1218 1499 1258 confessione
1523 1218 1766 1258 abluentes

123 1292 436 1332 deliberarent
471 1292 645 1332 rectius
681 1291 903 1343 deinceps
939 1291 1087 1331 vitam
1121 1290 1378 1330 instituere.
1417 1290 1605 1329 Horum
1640 1302 1766 1329 unns

122 1364 299 1405 mansit
321 1369 421 1404 tres
449 1376 620 1411 almos,
640 1365 688 1403 l'n
721 1364 889 1415 quibus
918 1375 1161 1414 nunqnam
1186 1366 1490 1414 peccatorum
1512 1363 1767 1413 poenituit,

123 1447 202 1475 nec
222 1448 275 1476 ea
297 1437 551 1487 confessus
572 1440 660 1476 est:
681 1436 808 1475 alins
829 1436 938 1475 stem
961 1447 1146 1475 novem:
1167 1435 1296 1474 alsus
1312 1434 1574 1483 duodecem,
1590 1438 1634 1474 et
1650 1436 1765 1474 adeo

122 1511 261 1548 erant
282 1520 309 1547 a
330 1508 506 1547 mundo
528 1508 772 1547 excaecati
795 1511 848 1546 ut
875 1507 1059 1546 nnllam
1085 1512 1298 1558 prorsus
1328 1506 1505 1545 salutis
1535 1506 1768 1546 rationem

123 1580 360 1620 haberem.
385 1579 528 1619 Alius
549 1579 708 1627 etiam,
727 1579 868 1630 gravi
891 1580 1085 1619 vulnere
1107 1578 1317 1627 aflectus,
1343 1577 1533 1617 monitis
1550 1583 1595 1617 et
1617 1579 1766 1618 consi-

122 1652 195 1691 liis
215 1651 369 1691 Patris
390 1651 527 1691 rediit
556 1651 602 1691 in
630 1663 735 1691 eam
763 1656 966 1690 mentem
994 1657 1039 1689 et
1067 1650 1137 1689 sui
1169 1649 1315 1701 ipsius
1344 1650 1681 1700 cognitionem,
1717 1658 1765 1689 ut

118 1735 212 1763 non
233 1723 386 1763 solum
407 1722 717 1762 confessionis
738 1721 997 1762 remedium
1020 1721 1340 1772 inquisiverit,
1372 1721 1453 1760 sed
1476 1727 1519 1760 et
1543 1721 1765 1760 adversa-

121 1795 201 1834 riis
223 1795 420 1834 libenter
441 1778 801 1841 condonaverits
822 1806 848 1833 a
871 1793 1037 1845 quibus
1054 1793 1241 1832 artibus
1257 1796 1301 1832 et
1317 1792 1443 1831 dolls
1459 1793 1665 1842 qnadmn
1683 1804 1760 1831 no-

120 1870 188 1905 cte
208 1865 293 1906 fuit
317 1867 607 1916 vulneratus;
633 1866 757 1916 qnod
777 1864 1087 1904 ll'bentissl'mo
1111 1864 1268 1903 am'mo
1291 1864 1505 1915 effic‘l'ens
1533 1864 1764 1903 remansis!

119 1937 323 1977 maxima
346 1937 515 1977 mentis
537 1936 876 1988 tranquillitate
898 1943 941 1975 et
961 1935 1136 1987 gaudio
1158 1935 1405 1985 affectus;
1433 1938 1475 1974 et
1506 1935 1624 1974 alius
1662 1939 1766 1974 erat

120 2008 321 2049 infectus
342 2008 581 2060 perversis
604 2008 900 2060 opinionibus
921 2011 964 2046 et
985 2007 1248 2057 erroribus,
1270 2006 1354 2056 qm'
1378 2005 1426 2045 ίιι
1454 2007 1666 2046 am'mltm
1695 2006 1761 2045 l'lz-

117 2080 284 2120 (lucere
307 2091 400 2120 non
416 2083 609 2131 poterat
630 2080 838 2119 existere
853 2078 1224 2130 purgatorium,
1241 2089 1348 2118 cum
1368 2085 1526 2118 tamen
1543 2084 1667 2118 esset
1686 2078 1763 2117 do-

120 2158 224 2191 ctus
252 2155 295 2191 et
323 2151 646 2192 arbitraretur
673 2163 723 2190 se
751 2150 913 2201 magis
942 2155 1110 2201 sapere
1128 2182 1139 2199 ,
1168 2161 1309 2200 <ptam
1341 2161 1510 2188 revera
1537 2149 1762 2200 sapiebas.

132 2222 298 2262 Verum
320 2223 366 2262 in
386 2222 540 2263 Patris
562 2235 729 2263 manus
751 2222 928 2270 incidit,
954 2228 998 2261 et
1027 2234 1081 2261 ea
1110 2221 1293 2261 ratione
1321 2227 1576 2260 revocatus
1603 2226 1671 2260 est
1707 2222 1764 2260 ab

119 2294 355 2334 erroribus
376 2300 425 2334 ut
445 2294 680 2346 posterius
701 2293 1014 2334 adduceretur
1044 2293 1091 2332 in
1118 2303 1344 2343 magnam
1371 2303 1484 2332 suae
1520 2292 1765 2331 caecitatis

121 2365 479 2406 admirationem
499 2398 506 2416 ,
551 2377 607 2406 ac
642 2365 940 2417 praedicaret
976 2370 1397 2404 commemoratum
1436 2363 1625 2403 Patrem
1664 2375 1762 2403 rem

120 2437 416 2487 praeclaram
436 2437 656 2488 gessisse,
680 2437 850 2488 quippe
873 2436 951 2487 qui
973 2436 1220 2487 eripuisset
1242 2435 1340 2475 eius
1369 2434 1575 2474 animam
1605 2446 1664 2474 ex
1685 2434 1763 2474 ho-

120 2507 202 2547 stis
229 2508 464 2558 manibus,
496 2514 540 2547 et
560 2508 751 2548 tandem
779 2514 1083 2559 peccatorum
1110 2507 1240 2546 luctu
1268 2512 1313 2546 et
1341 2506 1636 2545 confessione
1663 2506 1761 2545 illu-

120 2584 295 2619 stratus
330 2580 530 2619 removit
566 2591 593 2618 a
627 2591 676 2619 se
711 2590 906 2629 prorsus
941 2579 1223 2630 opinionem,
1263 2589 1319 2617 ac
1354 2577 1537 2628 quoties
1574 2576 1763 2616 Patrem

120 2650 332 2691 cumdem
354 2651 590 2699 convenit,
614 2650 680 2690 illi
702 2651 882 2701 gratias
905 2650 1003 2701 agit
1030 2649 1260 2700 singulari
1291 2649 1417 2700 grati
1448 2648 1591 2688 animi
1620 2648 1762 2699 signi-

120 2719 354 2762 ficatione.

199 2792 472 2833 Invisuntur
493 2799 537 2833 et
558 2793 619 2841 hi,
645 2793 724 2844 qui
740 2793 788 2832 in
805 2793 1016 2833 custodia
1034 2797 1264 2841 tenentur,
1285 2803 1348 2830 ex
1365 2790 1531 2841 qulbus
1547 2802 1763 2841 magmas

121 2862 348 2903 hauritur
358 2864 580 2914 fructus,
602 2865 772 2915 quippe
793 2875 899 2904 cum
921 2876 1005 2903 sua
1026 2863 1286 2903 humilitate
1308 2868 1352 2901 et
1373 2862 1683 2902 submissione
1702 2862 1763 2901 ad

123 2935 451 2986 excipiendum
466 2940 641 2986 panem
668 2935 961 2986 spiritualem
988 2934 1102 2974 satis
1129 2933 1343 2984 dispositi
1370 2933 1475 2972 sint.
1509 2932 1649 2984 Apud
1674 2933 1761 2972 hos

122 3015 236 3055 ergo
257 3012 418 3045 noster
439 3005 577 3046 Pater
598 3006 744 3046 verba
767 3005 879 3046 facit
901 3016 955 3044 ac
976 3006 1190 3045 hortatur
1212 3003 1271 3043 ad
1292 3010 1596 3055 peccatorum
1615 3004 1760 3043 snscc'-
