2080 3392
833 155 916 192 AN.
952 155 1044 193 1553
1687 155 1760 193 359

748 678 1130 733 CCXXXVII

182 979 349 1017 Lucius
371 979 513 1017 Croee

231 1045 353 1082 Patri
370 1045 539 1092 Ignatio
559 1044 612 1082 de
632 1044 817 1092 Loyola.

278 1110 498 1156 Valentia,
520 1111 543 1148 3
560 1110 755 1158 Augusti
777 1110 869 1149 1553
890 1110 916 1146 ¹.

878 1409 976 1450 IHS

186 1678 286 1719 Rde
307 1679 354 1719 in
376 1678 563 1719 Christo
586 1679 739 1719 Pater.

184 1750 384 1790 Evoluto
406 1751 622 1802 proximo
645 1736 991 1802 quadrimestri‚
1017 1750 1132 1791 ordo
1154 1751 1253 1802 ipse
1271 1749 1370 1802 jam
1397 1763 1654 1805 exposcere
1684 1754 1747 1793 vi-

101 1821 240 1862 detur
275 1827 324 1862 ut
359 1822 650 1873 praescripta
685 1821 932 1873 provincia
960 1833 986 1861 a
1016 1822 1152 1862 nobis
1181 1822 1499 1873 susciperetur
1521 1835 1575 1863 ac
1598 1823 1654 1864 de
1676 1824 1750 1864 his

103 1893 319 1933 omnibus
354 1898 484 1933 tuam
517 1893 852 1944 paternitatem
879 1891 893 1911 ‘²
929 1893 1178 1933 certiorem
1210 1892 1464 1944 faciamus,
1505 1906 1623 1946 quae
1659 1895 1748 1936 hoe

101 1970 296 2015 peracto
319 1964 651 2016 quadrimestri
672 1970 779 2004 aeta
802 1969 924 2004 sunt.

184 2035 241 2075 Et
262 2034 444 2075 initium
465 2046 646 2075 sumam
668 2047 695 2075 a
716 2034 818 2075 R.d0
845 2035 985 2075 Patre
1006 2035 1279 2076 Hieronimo
1301 2035 1478 2087 Natali,
1510 2035 1641 2088 cujus
1669 2038 1745 2077 ad-

100 2111 271 2146 ventus
303 2118 444 2158 quam
478 2106 778 2158 gratissimus
807 2106 1022 2147 omnibus
1052 2106 1215 2158 fuerit,
1248 2107 1331 2148 vix
1356 2108 1499 2159 longa
1533 2109 1746 2149 oratione

100 2188 291 2227 possem
313 2178 565 2229 explicare.
588 2177 691 2218 Hoc
714 2177 960 2218 dumtaxat
989 2178 1047 2218 ad
1074 2184 1204 2218 tuam
1232 2185 1328 2230 pat.
1357 2180 1582 2220 scribam:
1615 2187 1746 2220 tanta

102 2248 392 2288 humanitate
414 2254 553 2300 atque
575 2249 784 2290 omnium
807 2251 1038 2301 applausu
1058 2249 1202 2290 fuisse
1234 2257 1504 2303 exceptum,
1535 2263 1744 2302 praeser-

99 2319 185 2359 tim
222 2331 248 2359 a
283 2318 508 2371 Pro-rege
539 2318 552 2338 ³
585 2326 629 2360 et
657 2320 715 2360 ab
746 2320 844 2372 ejus
874 2332 1022 2361 uxore
1049 2319 1084 2371 4,
1121 2327 1171 2361 ut
1206 2321 1552 2373 quodammodo
1586 2322 1745 2374 iniquo

102 2390 260 2430 animo
283 2390 471 2430 tulerint
492 2390 590 2442 ejus
612 2391 889 2443 discessum,
915 2404 970 2432 ae
992 2392 1032 2432 si
1052 2393 1171 2433 inter
1193 2404 1274 2433 eos
1303 2393 1523 2433 diuturna
1549 2393 1744 2435 familia-

98 2461 217 2501 ritas
238 2462 600 2512 intereessisset3
624 2469 674 2502 ut
695 2463 882 2503 interim
902 2470 1198 2515 praeteream
1218 2463 1644 2516 Archiepiseopum
1664 2477 1744 2505 va-

154 2599 165 2619 ¹
207 2600 456 2635 Autographae
472 2598 506 2626 in
520 2599 599 2627 folio
616 2600 751 2634 duplici,
767 2608 798 2628 n.
813 2601 1044 2628 Mle-Earum
1060 2609 1080 2629 a
1094 2601 1254 2635 PoIaneo,
1271 2605 1308 2629 ut
1323 2602 1427 2629 moris
1443 2606 1529 2634 erat,
1547 2603 1742 2630 emendata-

99 2655 175 2675 rum
189 2652 286 2676 extat
302 2647 539 2682 apographum
553 2648 586 2675 in
604 2648 684 2675 folio
698 2648 760 2675 658.
779 2648 871 2682 Quae
888 2649 1083 2677 emendavit
1097 2650 1172 2683 ille,
1188 2650 1231 2676 ad
1247 2651 1376 2677 calcem
1397 2657 1457 2678 nos
1478 2651 1625 2684 paginae
1643 2658 1744 2685 appo-

97 2703 232 2723 nemus.

152 2743 166 2762 Ξ
202 2747 239 2770 ut
254 2743 296 2770 de
313 2744 418 2770 rebus
434 2745 569 2771 nostris
584 2747 677 2771 tuam
692 2743 957 2771 Paternitatem.
973 2745 1153 2772 Polaneus.

152 2791 167 2810 ³
204 2790 438 2818 Bernardinus
454 2791 630 2819 Cardenas
654 2795 686 2818 et
710 2791 876 2826 Pacheco,
898 2792 929 2819 II
950 2792 1138 2827 Maquedae
1154 2793 1250 2827 Dux,
1272 2792 1287 2820 I
1310 2792 1462 2820 Marchio
1484 2793 1525 2820 de
1546 2793 1670 2826 Elche,
1688 2795 1743 2829 qui

96 2842 202 2866 antea
213 2839 326 2866 fuerat
341 2839 522 2866 Navarrae
539 2839 691 2873 Pro-rex,
709 2839 748 2866 de
765 2847 829 2874 quo
845 2841 945 2874 plura
965 2840 998 2867 in
1014 2841 1181 2875 Porum,
1199 2841 1378 2873 Chronico,
1392 2845 1426 2868 et
1441 2841 1475 2868 in
1489 2841 1574 2869 Vita
1589 2841 1621 2868 S.
1637 2841 1744 2869 Fran-

97 2885 179 2913 cisci
194 2885 334 2921 Borgia,
347 2891 487 2914 auctore
505 2886 605 2915 Card.
625 2886 840 2923 Cienfuegos.

152 2933 167 2952 ⁴
203 2934 386 2962 Elisabeth
407 2935 446 2962 de
467 2935 626 2969 VelascO,
650 2935 720 2964 filia
744 2935 850 2964 Eneci
876 2936 1074 2964 Fernandez
1097 2938 1137 2964 de
1153 2937 1313 2970 Velaseo,
1336 2934 1478 2964 Comitis·
1499 2937 1634 2965 stabilis
1650 2937 1746 2972 (Con-

96 2981 271 3016 destable)
289 2982 474 3016 Camenae,
491 2983 530 3010 de
547 2990 611 3017 quo
627 2984 726 3018 plura
741 2984 774 3011 in
790 2983 952 3018 Porum,
970 2984 1147 3012 Chronico.
