2080 3392
828 195 911 232 Ax.
942 194 1034 231 1053
1682 197 1752 234 337

114 289 404 329 incumbunt.
427 288 518 330 Sed
538 289 584 329 id
604 290 762 331 animo
783 291 970 343 quidem
1000 292 1047 332 in
1073 292 1171 332 dies
1198 292 1509 343 vigilantiori:
1540 292 1663 345 quod
1690 301 1753 333 te-

106 366 264 401 statur
285 361 607 412 quotidianus,
632 362 911 414 uberiorque
932 363 980 402 in
999 363 1252 403 virtutibus
1273 375 1574 415 progressus,
1598 377 1655 405 ac
1676 364 1752 405 Di-

112 431 209 471 vini
231 432 432 472 nominis
452 433 731 484 propalandi
761 433 877 473 sitis.
908 433 1005 474 Nec
1036 446 1115 474 eos
1143 442 1408 475 remoratur
1434 436 1525 476 loci
1553 448 1755 476 commo-

105 502 234 542 -ditas
254 503 420 553 minor,
440 515 582 555 quam
600 504 775 554 requiri
797 510 841 544 et
860 504 1022 555 possit,
1043 510 1087 544 et
1109 504 1289 546 debeat.
1314 505 1477 546 Studia
1498 518 1626 557 sane,
1648 518 1751 558 gra-

112 575 248 614 viora
269 574 480 625 negotia,
511 574 856 625 quodammodo
884 575 1247 627 interceperunt.
1279 576 1500 617 Studetur
1526 579 1756 619 nihilomi-

113 657 222 695 nus,
247 645 429 697 quoties
451 645 588 685 datur
608 645 873 697 respirandi
893 652 1098 698 tempus,
1124 653 1167 686 et
1199 648 1391 699 mirum,
1422 660 1513 700 quo
1540 655 1681 700 pacto
1711 650 1757 690 id

111 722 374 767 praestetur
396 727 421 756 a
443 716 577 756 nobis
599 717 723 768 quod
744 717 789 756 in
806 717 972 757 litteris
990 724 1300 769 praestamus,
1321 720 1508 770 quando
1527 728 1571 760 et
1588 732 1757 761 munus

106 786 311 827 docendi
331 792 479 827 totum
501 787 736 828 hominem
758 788 825 828 sic
845 789 1076 840 requirat,
1101 795 1151 829 ut
1172 790 1294 841 quod
1323 797 1556 842 superest,
1589 792 1669 832 vix
1699 793 1758 832 sit

112 858 412 909 quiescendo.
435 858 582 898 Nemo
604 865 673 899 est
693 859 741 899 in
761 860 1031 911 lectoribUS,
1058 861 1136 912 qui
1156 873 1251 901 non
1275 868 1530 913 occupetur
1551 863 1750 914 penitus.

113 927 229 969 Sunt
250 929 374 969 enim
396 930 443 969 in
464 930 636 970 scholis
658 930 848 971 assidui.
871 930 1082 982 Quorum
1101 932 1233 972 labor
1250 938 1299 972 ut
1315 944 1530 983 magnus,
1551 934 1615 974 ita
1633 942 1759 975 certe

113 1012 207 1041 non
242 1000 417 1041 irritus.
454 1001 670 1053 Augetur
705 1003 829 1042 enim
863 1009 908 1043 et
941 1003 1277 1055 discipulorum
1311 1004 1357 1044 in
1385 1004 1636 1052 virtutibus
1668 1014 1758 1046 stu-

106 1072 254 1123 -dium,
280 1078 324 1112 et
344 1072 391 1112 in
412 1073 579 1113 litteris
600 1073 667 1113 sic
687 1080 983 1125 promovent,
1007 1080 1056 1114 ut
1077 1075 1311 1116 neminem
1332 1076 1561 1116 hactenus
1583 1077 1760 1129 aliquot

113 1154 299 1183 menses
339 1144 462 1195 apud
501 1156 589 1184 nos
626 1145 816 1185 trivisse
854 1146 1158 1197 poenituerit,
1208 1146 1517 1199 effectumque
1566 1154 1659 1198 est,
1712 1156 1760 1189 ut

114 1215 294 1254 maiora
325 1215 382 1254 ab
411 1215 501 1255 hoc
531 1215 774 1256 societatis
808 1223 1001 1257 nostrae
1032 1218 1230 1268 collegio
1261 1218 1430 1258 civitas
1461 1218 1687 1260 beneficia
1718 1227 1762 1260 et

112 1286 326 1337 recipiat,
348 1291 392 1326 et
413 1292 584 1337 speret.
608 1286 706 1327 Nec
728 1299 813 1327 sua
835 1299 917 1339 spe
938 1288 1123 1329 ludetur
1141 1288 1338 1341 (opinor)
1361 1290 1400 1330 si
1417 1289 1546 1330 Deus
1569 1302 1762 1331 suorum

109 1362 312 1409 conatus
333 1357 617 1397 secundarit.
640 1357 789 1398 Actus
811 1364 881 1398 est
901 1359 1031 1399 hisce
1058 1359 1360 1400 Pentecostes
1387 1361 1519 1402 festis
1549 1374 1575 1402 a
1604 1363 1763 1413 pueris

114 1429 297 1480 publice
325 1428 555 1479 Dialogus
590 1429 636 1469 in
658 1429 920 1470 studiorum
949 1430 1156 1480 laudem,
1188 1433 1413 1483 carmine;
1443 1433 1631 1474 habitae
1655 1442 1762 1474 sunt

115 1506 159 1540 et
182 1500 358 1552 aliquot
380 1500 640 1540 orationes:
665 1501 789 1552 quod
809 1501 895 1541 fuit
915 1502 1072 1542 multis
1100 1503 1444 1555 gratissimum,
1477 1510 1521 1545 et
1548 1506 1762 1546 omnibus

110 1571 432 1612 admirationi.
452 1571 650 1625 Jamque
669 1572 806 1613 desiit
828 1573 949 1613 inter
970 1575 1141 1625 vulgus
1164 1575 1321 1626 opinio
1344 1577 1577 1627 quaedam
1597 1578 1759 1627 teneri,

116 1643 228 1683 nulli
248 1643 401 1694 magis
424 1655 564 1695 quam
586 1644 690 1684 urbi
710 1644 819 1696 ipsi,
853 1645 892 1685 si
914 1644 1151 1697 durasset,
1187 1646 1430 1688 offectura.
1461 1648 1576 1688 Erat
1605 1655 1763 1689 autem

117 1725 299 1754 morum
318 1714 700 1756 reformationem
718 1722 1144 1769 quantamcumque
1162 1719 1334 1759 vellent
1354 1732 1381 1759 a
1399 1718 1649 1770 Societate,
1669 1733 1763 1761 non

114 1786 296 1826 litteras
317 1786 577 1838 sperandas
598 1798 722 1838 esse3
745 1787 960 1828 laudetur
982 1788 1020 1828 is
1041 1789 1231 1841 ubique,
1266 1790 1344 1841 qui
1372 1790 1498 1831 vires
1529 1797 1575 1831 et
1602 1798 1760 1832 contu-

114 1858 185 1908 lit,
210 1864 255 1898 et
275 1858 531 1898 collaturus
552 1864 622 1898 est
642 1859 860 1910 maiores,
886 1860 925 1899 si
949 1861 1066 1900 tales
1088 1873 1174 1901 nos
1195 1862 1549 1912 praebuerimus
1567 1895 1575 1913 ,
1601 1865 1763 1915 quales

116 1929 204 1969 hoc
224 1941 393 1969 munus
414 1929 664 1970 desiderat.
685 1930 781 1970 Nec
804 1931 954 1971 solum
971 1931 1204 1972 Dominus
1220 1933 1421 1973 fratrum
1444 1946 1589 1985 opera
1611 1946 1763 1975 novos

114 2001 283 2041 vineae
305 2013 417 2041 suae
438 2001 654 2053 palmites
675 2002 819 2053 fovet,
842 2003 1024 2055 illisque
1047 2003 1176 2044 addit
1197 2005 1560 2057 incrementum,
1585 2007 1696 2056 quin
1716 2014 1761 2047 et

116 2072 408 2112 luxuriantes
434 2073 627 2113 Patrum
660 2080 930 2114 nostrorum
957 2075 1216 2115 ministerio
1244 2083 1401 2128 putat,
1435 2083 1480 2117 et
1507 2078 1563 2118 de
1594 2078 1762 2130 quibus

116 2144 244 2183 nulla
265 2155 374 2194 spes
394 2144 574 2184 fructus
596 2156 698 2185 esse
720 2144 984 2195 videbatur,
1009 2158 1116 2186 cum
1137 2147 1231 2187 iam
1253 2160 1280 2187 a
1302 2149 1459 2188 multis
1481 2149 1617 2189 annis
1648 2150 1762 2189 nihil

117 2214 443 2265 reddidissent,
467 2216 642 2268 vixque
662 2216 821 2257 vitalis
842 2217 1052 2258 humoris
1074 2219 1121 2258 in
1143 2220 1331 2259 surculo
1355 2220 1587 2260 tantillum
1605 2232 1760 2272 super-

120 2292 256 2336 esset,
283 2287 443 2337 largos
463 2287 557 2327 iam
579 2288 695 2328 satis
714 2295 973 2340 proventus
993 2290 1288 2341 pollicentur.
1321 2291 1378 2331 Et
1406 2292 1584 2332 utinam
1607 2294 1762 2344 plures

118 2357 337 2397 adessent
368 2358 661 2409 sacerdotes,
695 2360 774 2411 qui
809 2360 1087 2412 importunis
1122 2362 1298 2402 civium
1326 2363 1542 2414 precibus
1571 2371 1761 2415 possent

120 2428 408 2469 satisfacere.
434 2429 715 2470 Detinentur
734 2431 883 2471 nostri
904 2432 1078 2472 solidos
1109 2433 1207 2473 dies
1234 2434 1282 2474 in
1313 2434 1557 2474 audiendis
1585 2435 1762 2475 confes-

119 2499 343 2551 sionibus,
365 2511 473 2540 cum
494 2500 633 2552 domi,
653 2513 743 2553 quo
764 2503 952 2554 plurimi
973 2503 1227 2554 confluunt,
1249 2505 1406 2557 illique
1426 2518 1520 2546 non
1541 2507 1764 2557 vulgares

122 2571 273 2622 cives,
299 2576 397 2612 tum
418 2571 554 2622 foriS,
578 2571 625 2611 in
646 2574 938 2625 carceribus,
961 2574 1290 2627 hospitalibus,
1322 2578 1580 2628 coenobiis,
1610 2579 1762 2630 priva-

120 2642 273 2694 tisque
311 2642 527 2683 aedibus:
565 2649 609 2683 et
642 2649 742 2684 toto
773 2645 1175 2697 quadragesimali
1212 2653 1423 2699 tempore
1457 2648 1643 2690 fuerunt
1676 2649 1764 2690 fre-

120 2714 458 2764 quentissimae
482 2714 831 2766 occupationes.
854 2715 995 2757 Novit
1015 2717 1144 2758 Deus
1166 2725 1341 2770 quanta
1369 2720 1621 2761 multorum
1647 2721 1763 2761 utili-

122 2790 241 2836 tate,
265 2786 344 2836 qui
365 2785 432 2825 sic
460 2785 770 2826 confessionis
796 2785 1156 2829 Sacramentum
1182 2789 1481 2842 frequentare
1509 2804 1764 2833 consueve-

122 2861 247 2907 rant,
271 2862 320 2896 ut
342 2855 451 2907 quid
473 2863 610 2907 esset,
634 2857 909 2908 ignorarent
928 2859 1082 2910 plane:
1105 2866 1184 2900 aut
1205 2860 1244 2901 si
1266 2861 1492 2903 adiissent
1513 2864 1764 2915 aliquando

122 2926 489 2976 confessarium,
515 2940 665 2968 annos
685 2928 831 2969 ferme
851 2935 975 2971 totos
996 2931 1043 2971 in
1071 2932 1334 2984 adulteriis,
1364 2933 1520 2983 furtis,
1552 2936 1691 2987 odiis,
1722 2942 1766 2976 et

122 2997 172 3037 id
201 3009 351 3048 genus
387 2999 660 3040 criminibus
689 3001 1026 3042 contriverant.
1056 3002 1189 3043 Multi
1217 3003 1399 3056 decem,
1432 3006 1510 3046 alii
1541 3006 1608 3056 15,
1642 3013 1687 3048 et
1715 3007 1768 3047 20

320 3075 369 3111 T.
392 3087 432 3110 ιι.
1533 3094 1576 3116 22
