2080 3392
826 153 911 190 AN.
941 153 1033 190 1553
1679 154 1749 191 417

100 262 213 291 cum
243 249 495 290 devotione
529 250 735 301 quotidie
765 250 998 291 intersunt
1032 250 1196 290 sacris.
1225 250 1505 291 Doctrinam
1536 251 1749 292 christia-

105 333 217 362 nam
247 321 320 361 die
354 322 564 362 veneris:
601 322 763 362 diebus
797 322 978 362 Dnicis.
1016 333 1071 361 ac
1105 321 1237 362 festis
1267 323 1518 366 conciones
1555 323 1749 363 audiunt

107 393 298 442 devote,
324 405 379 433 ac
401 393 465 433 ita
488 394 677 444 devote,
701 399 751 434 ut
771 406 864 434 non
887 394 1125 434 auditores
1152 394 1292 434 modo
1315 395 1468 445 verbi,
1500 395 1581 435 sed
1609 395 1750 435 etiam

105 464 312 504 factores
334 464 426 505 dici
444 465 638 516 possint.
663 463 869 516 Singulis
890 470 1137 516 praeterea
1158 465 1396 505 mensibus
1417 465 1476 505 ad
1499 465 1749 506 confessio-

107 547 235 587 nem,
265 537 477 576 nonnulli
507 536 566 576 ad
592 548 780 576 sacram
807 536 948 576 etiam
979 537 1355 576 communionem
1389 537 1586 577 libenter
1620 549 1749 578 acce-

107 607 241 648 dunt:
267 619 354 648 nec
377 608 545 648 desunt
567 608 644 659 qui
665 608 754 647 hoc
776 606 952 647 faciant
981 607 1287 658 frequentius.
1319 607 1440 659 Quid
1470 609 1624 660 plura?
1652 615 1749 649 tan-

106 686 208 719 tum
240 679 287 719 in
324 685 488 718 sancto
516 677 607 718 hoc
641 678 853 718 instituto
892 679 1162 730 sanctisque
1197 679 1434 719 exercitiis
1469 686 1752 731 promovent

94 751 154 790 in
188 750 309 800 dies,
349 757 398 789 ut
426 749 615 800 plurimi
649 749 760 799 sint,
797 755 841 789 et
878 749 1069 801 quidem
1102 750 1252 789 bonae
1284 751 1385 800 spei
1412 750 1749 802 adolescentes,

106 821 205 873 qui,
230 832 377 861 suave
400 820 727 871 Redemptoris
752 821 840 861 nri.
871 820 994 861 IHU.
1030 820 1205 860 Christi
1235 821 1396 871 iugum
1418 823 1655 874 suscipere
1677 836 1751 863 ex-

106 898 344 944 optantes,
368 892 415 932 in
438 892 628 932 domum
656 891 947 944 probationis
974 891 1155 932 admitti
1185 892 1310 932 votis
1340 893 1554 933 omnibus
1581 894 1753 947 effiagi-

105 969 217 1003 tent.
242 963 495 1003 Caeterum
517 963 572 1003 R.
602 963 741 1003 Pater
770 975 839 1004 nr.
868 962 894 1014 ¹,
919 962 978 1003 ad
998 963 1242 1015 probanda
1272 964 1425 1015 magis
1457 977 1618 1005 eorum
1639 966 1753 1006 desi-

108 1035 259 1084 deria,
283 1046 426 1085 quae,
450 1035 489 1074 si
509 1046 623 1075 vera
645 1040 772 1085 sunt,
797 1034 1019 1074 dilatione
1041 1040 1258 1074 crescunt
1279 1034 1317 1085 ²,
1349 1035 1472 1075 iubet
1497 1036 1601 1076 illos
1629 1037 1752 1077 bono

110 1118 213 1147 esse
241 1107 420 1157 animo,
454 1112 498 1146 et
528 1111 772 1157 consueta,
804 1118 911 1146 cum
940 1106 988 1146 in
1017 1106 1206 1157 litteris,
1240 1113 1339 1147 tum
1369 1119 1495 1158 spu.,
1529 1109 1754 1148 exercitia

105 1177 422 1229 frequentare.
450 1176 690 1229 Siquidem
709 1178 824 1229 ipsis
843 1178 1090 1229 pollicetur
1111 1178 1236 1229 quod
1253 1176 1280 1226 ³,
1302 1178 1341 1218 si
1362 1190 1574 1230 pergere,
1599 1191 1752 1231 quem-

107 1248 361 1288 admodum
391 1255 670 1300 coeperunt,
701 1249 942 1300 studeant,
980 1249 1113 1289 brevi
1146 1250 1271 1289 votis
1305 1261 1468 1289 eorum
1503 1257 1751 1291 annuetur.

107 1319 241 1361 Unde
262 1319 311 1360 fit
332 1326 382 1360 ut
408 1320 618 1372 ipsorum
639 1320 782 1360 animi
802 1320 956 1371 magis
976 1321 1222 1372 magisque
1242 1321 1290 1360 in
1312 1321 1411 1361 dies
1434 1322 1754 1362 accendantur

106 1403 162 1432 ac
182 1391 307 1431 bona
329 1392 565 1431 desideria
587 1396 771 1444 sem'per
792 1391 852 1431 ad
872 1392 1072 1432 virtutes
1094 1391 1455 1432 inflammentur.
1478 1392 1536 1432 Et
1558 1393 1674 1433 haec
1698 1392 1753 1433 de

104 1462 404 1503 scholasticis
429 1462 673 1503 hactenus.

185 1533 262 1575 Ad
282 1535 536 1574 conciones
557 1534 768 1585 veniam3
793 1534 918 1586 quod
939 1546 1129 1584 munus,
1155 1541 1203 1574 ut
1224 1535 1410 1586 legendi
1432 1535 1574 1575 etiam
1595 1536 1751 1587 singu-

103 1606 161 1646 lis
199 1606 364 1646 diebus
399 1605 662 1646 doctrinam
701 1605 1038 1657 Christianam,
1082 1606 1388 1647 charissimus
1429 1607 1475 1647 in
1516 1607 1648 1648 Chr.⁰
1692 1607 1748 1648 fr.

106 1676 163 1718 D.
189 1677 391 1718 Michael
413 1678 618 1718 Botellus
639 1678 900 1729 exequitur.
920 1677 1008 1728 Qui
1026 1689 1131 1718 cum
1149 1690 1272 1718 anno
1290 1679 1449 1730 elapso
1468 1679 1629 1719 diebus
1652 1686 1751 1719 tan-

103 1754 202 1788 tum
222 1748 470 1789 dominicis
493 1749 874 1799 concionaretur;
899 1760 1023 1789 nunc
1052 1754 1095 1789 et
1125 1749 1372 1789 dominicis
1398 1750 1444 1790 id
1475 1757 1684 1801 praestat
1708 1757 1751 1791 et

103 1819 258 1870 festis,
284 1831 460 1871 magno
490 1831 596 1860 cum
623 1820 892 1860 auditorum
918 1831 1113 1860 numero
1142 1826 1186 1860 et
1213 1822 1455 1872 applausu,
1482 1821 1585 1872 Qua
1613 1834 1671 1862 ex
1701 1834 1751 1863 re

103 1890 154 1931 fit
184 1897 234 1930 ut
262 1892 491 1942 plurimus
519 1890 533 1909 ⁴
565 1891 725 1932 divina
756 1891 977 1943 largitate
1010 1891 1192 1932 fructus
1228 1892 1491 1943 colligatur.
1522 1893 1657 1934 Multi
1688 1901 1750 1934 et-

104 1962 226 2002 enim
249 1963 326 2014 qui
348 1962 590 2003 diabolicis
617 1963 784 2003 irretiti
810 1963 990 2014 laqueis
1012 1963 1090 2003 diu
1111 1963 1320 2014 fuerant,
1344 1964 1492 2004 variis
1514 1976 1569 2004 ac
1592 1965 1748 2005 nefan-

106 2033 179 2073 dis
200 2033 473 2074 criminibus
501 2034 709 2085 obnoxii,
734 2046 761 2074 a
781 2034 990 2086 pristinis
1020 2034 1157 2074 malis
1188 2035 1487 2085 recedentes,
1513 2048 1572 2076 ex
1594 2038 1751 2078 animo

105 2115 310 2156 vereque
338 2117 388 2145 se
417 2105 476 2146 ad
502 2105 892 2157 benignissimum
922 2105 1094 2146 Dnum.
1128 2113 1480 2157 converterunt,
1514 2109 1588 2148 cui
1610 2108 1750 2149 fideli-

104 2181 177 2215 ter
216 2175 309 2216 iam
353 2177 592 2217 deservire
622 2177 920 2229 incipientes,
964 2177 1149 2217 animae
1191 2178 1301 2218 olim
1341 2179 1608 2229 neglectae,
1656 2192 1749 2220 sor-

105 2247 255 2287 dentis
277 2253 321 2287 et
342 2248 602 2299 squalidae,
627 2259 850 2299 magnam
878 2259 1042 2288 curam
1070 2248 1264 2299 habent,
1297 2249 1442 2289 vitam
1470 2250 1516 2289 in
1538 2251 1751 2302 singulos

101 2317 203 2358 dies
223 2319 463 2371 propriam
484 2320 803 2371 emendando,
836 2331 991 2360 mores
1022 2321 1372 2371 componendo,
1398 2321 1577 2373 piisque
1601 2322 1751 2373 operi—

103 2389 191 2430 bus
212 2401 297 2441 pro
319 2402 403 2430 sua
425 2391 619 2442 quisque
639 2391 861 2431 facultate
883 2391 1188 2432 libentissime
1216 2392 1492 2432 insudando.
1525 2393 1594 2432 llli
1615 2405 1744 2442 vero,

103 2461 183 2512 qui
218 2461 430 2501 confiteri
464 2462 692 2502 hactenus
721 2469 767 2503 et
797 2463 1147 2503 communicare
1176 2463 1464 2515 frequentius
1495 2464 1541 2503 in
1573 2465 1746 2515 templo

101 2539 266 2572 nostro
288 2541 655 2584 consueverunt,
679 2534 739 2574 ad
760 2534 953 2574 meliora
975 2534 1203 2575 Virtutum
1219 2547 1362 2586 opera
1380 2547 1563 2586 semper
1581 2547 1745 2575 accen-

105 2602 297 2645 duntur:
335 2610 517 2645 tantum
548 2605 679 2645 abest
707 2612 755 2646 ut
783 2618 810 2646 a
841 2606 1020 2657 coeptis
1051 2606 1161 2646 olim
1190 2606 1379 2658 pietatis
1415 2618 1470 2646 ac
1509 2607 1751 2658 religionis

106 2675 326 2726 operibus
379 2676 533 2727 aliqua
582 2688 684 2716 sese
728 2677 979 2717 occasione
1026 2677 1361 2718 subtraxerint.
1419 2677 1630 2728 Quorum
1676 2680 1755 2718 alii

171 2835 181 2855 ¹
220 2835 256 2862 P.
274 2836 503 2873 Hieronymus
518 2836 724 2871 Domenech,
743 2836 879 2864 Siciliae
895 2837 1137 2865 provincialis.

170 2882 184 2901 2
222 2884 336 2911 solent
351 2892 519 2912 crescere.
534 2885 712 2913 Polancus.

170 2930 184 2950 ⁵
224 2931 351 2959 Verbis
368 2932 550 2966 Siquidem
569 2933 660 2967 ipsis
672 2933 864 2968 pollicetur
879 2933 968 2967 quod
984 2933 1162 2961 substituit
1178 2933 1347 2960 Polancus
1357 2932 1441 2968 sore
1456 2935 1505 2962 ut.

168 2982 183 3000 ⁴
223 2985 259 3007 ut
277 2981 493 3008 uberrimus.
506 2980 684 3008 Polancus.

304 3039 352 3074 T.
387 3051 428 3075 11.
1477 3050 1521 3085 27
