2080 3392
272 179 341 229 646
786 191 1012 228 LITTERAE
1039 202 1397 234 QUADRIMESTRES

267 286 363 337 jam
385 286 581 325 duorum
602 286 829 326 mensium
851 286 1017 337 spatio,
1042 287 1118 338 qui
1139 287 1320 339 possint
1348 288 1457 327 alibi
1485 288 1653 327 docere
1674 300 1792 339 quae
1814 291 1902 331 hoc

273 365 480 407 tempore
502 356 789 409 didicerunt3
813 364 856 396 et
878 357 949 396 his
970 356 1018 397 fit
1040 357 1310 408 quotidiana
1338 359 1546 398 accessio
1575 359 1792 410 aliorum;
1825 361 1901 402 ha-

273 428 350 466 bet
372 426 495 466 enim
516 427 619 477 plus
640 427 921 478 quingentos
944 427 1194 468 auditores.
1220 428 1431 468 Gandiae
1454 429 1492 468 si
1514 429 1627 469 nihil
1649 429 1774 470 aliud
1803 442 1902 482 pro-

273 497 456 545 fuisset,
488 496 575 536 hoc
607 508 719 536 sane
754 497 1009 537 maximum
1043 498 1205 538 fuisset
1236 498 1510 538 beneficium
1541 499 1754 549 Domini,
1784 501 1906 551 quod

273 574 369 607 toto
394 567 563 618 oppido
584 574 725 607 noctu
757 574 800 607 et
828 568 1029 608 interdiu
1055 567 1168 608 nihil
1195 569 1383 609 omnino
1412 582 1438 609 a
1466 570 1626 620 parvis
1655 571 1903 620 magnisve

275 638 471 688 canitur,
497 638 611 677 nihil
632 638 678 677 in
705 639 904 690 publicis
931 639 1117 679 auditur
1145 639 1410 688 cantilenis,
1442 640 1530 680 nisi
1564 640 1804 680 doctrinae
1838 653 1906 681 sa-

275 721 383 748 crae
419 715 582 749 cantus
619 709 938 760 dulcissimus,
973 710 1361 760 quemadmodum
1396 710 1519 750 domi
1555 718 1742 751 nostrae
1776 712 1907 752 doce·

275 786 365 819 tur.
389 779 643 830 Agricolae
661 780 706 819 in
728 780 857 830 agris
878 781 966 820 hoc
988 786 1128 820 cantu
1149 781 1357 820 laborem
1379 793 1512 821 suum
1533 782 1758 833 solantur,
1784 782 1908 823 hunc

275 857 318 890 et
340 850 599 890 mechanici
622 851 824 902 operarii
846 852 1025 891 artibus
1045 852 1141 891 suis
1163 852 1373 901 miscent,
1409 858 1583 892 matres
1605 853 1729 893 domi
1752 865 1778 892 a
1799 865 1904 904 pue-

273 921 338 960 ris
365 921 460 960 suis
482 921 580 960 sine
612 921 800 971 rubore,
831 933 949 973 quae
977 922 1216 972 ignorant,
1247 922 1506 963 addiscunt.
1543 923 1698 963 Mores
1725 930 1904 975 praete-

275 1003 354 1031 rea
382 999 666 1043 componunt
693 993 945 1032 iuventutis
972 992 1136 1032 Patres
1167 994 1207 1033 ei
1237 994 1417 1033 muneri
1445 994 1690 1045 praesecti;
1720 993 1908 1045 jurandi

273 1062 524 1114 praecipue
546 1074 656 1102 usus
677 1063 861 1113 penitus
880 1064 1106 1103 sublatus.

353 1132 544 1173 Fratres
566 1145 727 1173 omnes
748 1133 882 1184 hujus
905 1133 1101 1184 Collegii
1121 1135 1280 1174 valent
1302 1134 1641 1186 proficiuntque
1666 1135 1713 1174 in
1734 1135 1832 1175 dies
1861 1136 1908 1175 in

274 1204 611 1244 exercitatione
632 1205 858 1244 virtutum
880 1205 1108 1255 omnium,
1133 1205 1215 1245 sed
1241 1206 1513 1245 humilitatis
1543 1212 1587 1245 et
1616 1206 1907 1246 obedientiae

276 1280 534 1314 sectatores
556 1281 662 1315 sunt
685 1275 909 1326 insignes.
935 1276 1007 1315 Me
1030 1276 1227 1327 excipio,
1252 1275 1361 1316 dum
1382 1275 1498 1315 haec
1518 1277 1700 1327 loquor,
1723 1277 1799 1316 vel
1819 1277 1908 1317 hac

277 1346 473 1395 ratione,
499 1346 636 1397 quod,
662 1358 809 1397 nuper
830 1346 919 1386 huc
942 1347 1126 1397 missus,
1152 1347 1233 1387 vix
1255 1347 1439 1397 collegii
1461 1346 1595 1398 hujus
1613 1347 1703 1387 dici
1719 1359 1908 1399 possum

276 1417 427 1456 incola
450 1415 474 1454 ¹.
494 1416 658 1457 Studia
676 1418 892 1457 coluntur
909 1418 1095 1468 optime,
1115 1429 1353 1469 nunquam
1371 1418 1715 1469 quiescentibus
1736 1419 1907 1459 littera-

274 1487 356 1527 riis
382 1488 810 1537 exercitationibus3
838 1488 955 1528 duas
973 1489 1181 1540 quotidie
1198 1488 1309 1528 Divi
1326 1488 1532 1528 Thomae
1550 1489 1773 1529 lectiones
1796 1489 1908 1539 legit

274 1558 323 1599 P.
349 1558 527 1598 Doctor
548 1558 812 1609 Rodriguez
834 1558 863 1609 ⁴³,
887 1571 1023 1610 quem
1049 1571 1143 1599 non
1166 1560 1229 1600 ita
1251 1560 1429 1611 pridem
1451 1560 1541 1599 huc
1570 1572 1752 1600 mecum
1782 1560 1907 1600 misit

275 1628 521 1680 Compluto
546 1629 682 1669 Pater
704 1630 988 1670 Villanueva
1009 1629 1036 1680 ⁵,
1061 1642 1170 1670 nam
1192 1629 1330 1670 Pater
1350 1631 1560 1681 Baptista
1579 1643 1605 1670 a
1633 1631 1907 1670 lectionibus

276 1699 580 1750 supersedere
596 1699 752 1750 jussus
774 1707 857 1750 est;
881 1700 1041 1740 fecerit
1075 1701 1197 1740 enim
1226 1701 1400 1751 negotii
1431 1701 1702 1752 plurimum,
1739 1701 1777 1740 si
1807 1701 1908 1741 reli-

276 1771 378 1821 quis
398 1783 483 1822 par
506 1771 642 1811 suerit
665 1772 1064 1822 occupationibus,
1090 1772 1255 1823 quibus
1278 1784 1447 1824 corpus
1469 1783 1805 1823 nonnunquam
1828 1784 1904 1811 co-

274 1842 399 1892 gitur
420 1853 532 1892 prae
554 1842 820 1882 infirmitate
843 1842 1161 1882 succumbere.

356 1911 471 1952 Sunt
495 1913 692 1963 plurimi,
718 1913 795 1963 qui
817 1920 985 1953 octavo
1009 1924 1190 1964 quoque
1212 1913 1285 1952 die
1307 1925 1496 1953 mensae
1525 1908 1785 1954 dominicae
1807 1926 1909 1965 par·

277 1983 471 2034 ticipant
494 1982 720 2034 Gandiae,
740 1991 788 2023 ut
808 1995 969 2023 eorum
985 1984 1123 2023 noxis
1141 1984 1384 2024 audiendis
1402 1986 1481 2024 vix
1498 1984 1727 2024 sufficiant
1745 1984 1910 2024 Patres

277 2065 365 2104 quo
400 2054 472 2093 die
501 2054 894 2094 communicaturi
923 2061 1045 2094 sunt.
1082 2054 1329 2094 Exercitiis
1357 2055 1672 2106 spiritualibus
1699 2055 1832 2094 multi
1860 2066 1910 2094 se

277 2124 518 2174 dederunt,
542 2125 773 2176 hodieque
795 2126 841 2164 in
867 2125 1032 2164 iisdem
1052 2125 1261 2165 nonnulli
1283 2132 1389 2164 sunt
1411 2128 1582 2176 magno
1605 2137 1709 2165 cum
1737 2126 1910 2165 anima-

277 2207 379 2234 rum
402 2196 670 2245 commodo;
701 2196 782 2235 sed
814 2196 933 2235 inter
960 2202 1195 2245 caeteros,
1228 2197 1506 2236 mercatoris
1535 2196 1775 2247 cujusdam
1804 2196 1907 2236 insi-

277 2266 383 2315 gnis
403 2265 487 2305 suit
511 2266 701 2315 utilitas,
727 2278 862 2317 quem
884 2266 1235 2306 meditationum
1259 2274 1529 2306 sanctarum
1557 2278 1667 2306 usus
1696 2267 1742 2306 in
1775 2278 1908 2306 suam

278 2335 457 2387 Deique
479 2335 584 2388 Opt.
610 2337 736 2376 Max.
762 2336 961 2376 adduxit
985 2337 1315 2387 cognitionem.

357 2407 621 2458 Expectant
643 2408 718 2448 hic
740 2414 784 2447 et
805 2407 1053 2448 Valentiae
1075 2408 1205 2447 multi
1227 2408 1576 2459 efflagitantque
1603 2420 1630 2448 a
1656 2408 1794 2448 Patre
1824 2408 1908 2448 Ba-

277 2478 417 2529 ptista
440 2478 547 2518 huic
570 2478 711 2518 inseri
733 2478 971 2529 Societati,
995 2478 1197 2518 Domino
1219 2486 1444 2530 perpetuo
1478 2479 1671 2530 obsequi
1692 2479 1737 2518 in
1759 2490 1812 2518 ea
1836 2478 1909 2518 de-

278 2549 553 2589 siderantes:
579 2561 636 2589 ex
664 2550 736 2589 his
764 2549 993 2601 quosdam
1019 2550 1169 2589 bonae
1198 2549 1295 2601 spei
1323 2550 1529 2598 admisit,
1559 2550 1674 2589 alios
1702 2556 1910 2589 moratur

278 2619 431 2659 adhuc
462 2620 626 2660 volens
656 2620 812 2660 facere
839 2620 1095 2671 periculum
1116 2620 1269 2660 idonei
1298 2621 1387 2660 sint
1413 2632 1471 2660 an
1503 2621 1646 2671 inepti
1675 2620 1911 2660 vocationi

279 2689 527 2731 Societatis
548 2697 592 2731 et
614 2703 673 2731 an
696 2692 810 2731 satis
833 2691 1146 2742 respondeant
1177 2692 1413 2731 vocationi
1442 2699 1643 2742 Votoque
1673 2691 1801 2730 Tuae
1829 2689 1909 2730 Pa-

280 2762 526 2802 ternitatis.
554 2762 595 2802 A
617 2762 773 2802 multis
794 2762 934 2802 etiam
954 2762 1093 2802 Pater
1115 2773 1163 2801 se
1185 2762 1422 2813 expedivit
1443 2762 1603 2810 libere,
1626 2762 1825 2812 benigne
1844 2760 1910 2800 eis

333 2897 342 2916 ¹
384 2896 470 2923 Vide
488 2897 655 2929 PoLANco,
674 2896 875 2928 Clzronz‘cou,
891 2900 911 2924 t.
926 2904 974 2930 111,
990 2904 1067 2930 pag,
1083 2897 1145 2930 324,
1162 2904 1192 2923 n.
1208 2896 1270 2923 726.

333 2944 346 2962 2
378 2943 413 2970 P.
430 2944 695 2978 Christophorus
715 2944 918 2978 Rodriguez.

331 2990 344 3009 5
383 2990 417 3017 P.
436 2990 640 3018 Franci-cus
657 2992 695 3018 de
714 2990 930 3023 Villanueva,
949 2990 1179 3024 Complutensi
1195 2991 1305 3018 domui
1322 2991 1549 3025 praepositus.
