2080 3392
267 195 340 231 624
790 193 1017 230 LITTERAE
1044 204 1400 237 QUADRIMESTRES

271 296 627 339 conversantur,
653 290 823 341 partim
845 290 985 330 etiam
1007 302 1065 330 ex
1085 290 1171 342 his,
1197 291 1274 341 qui
1297 303 1402 331 cum
1423 293 1597 332 nostris
1612 292 1900 344 frequentius

268 361 479 401 confiteri
500 362 665 400 solent.

346 430 634 482 Multumque
670 429 951 482 adjuvarunt
984 431 1197 482 publicae
1224 431 1274 471 Ρ.
1303 432 1532 472 Manuelis
1560 432 1570 451 ¹
1601 434 1656 473 de
1688 434 1899 475 doctrina

265 501 522 541 christiana
542 502 781 552 lectiones,
816 513 931 553 quas
952 508 1091 542 antea
1114 502 1315 542 habebat
1335 514 1508 554 magno
1531 515 1635 544 cum
1656 505 1899 545 scholasti-

264 583 428 612 corum
449 578 492 611 et
516 578 650 612 coetu
680 578 724 612 et
745 573 964 623 utilitate3
989 572 1070 612 sed
1090 571 1222 612 finire
1243 580 1435 613 coactus
1466 579 1554 625 est,
1587 575 1748 615 deesse
1777 576 1900 616 enim

264 642 530 683 domesticis
551 643 753 694 negotiis
774 655 867 683 non
882 648 1050 694 potest,
1070 644 1236 695 quibus
1258 644 1368 684 solis
1384 650 1511 684 totus
1532 645 1614 685 vix
1634 651 1787 696 potest
1809 647 1898 686 suf-

261 713 414 753 ficere.
439 713 587 762 Adeo,
613 713 799 754 Christo
820 714 989 765 gratia,
1014 719 1254 754 crescente
1275 726 1468 755 numero
1489 715 1709 766 fratrum,
1734 716 1779 756 in
1801 717 1898 757 dies

259 791 508 835 augentur.

342 855 429 895 Hic
457 862 614 895 autem
640 856 751 895 illud
788 856 1093 896 omittendum
1126 867 1219 895 non
1248 856 1470 907 arbitror,
1502 857 1625 908 quod
1652 858 1772 898 inter
1799 870 1893 909 eos,

260 937 376 977 quos
398 926 520 966 domi
542 926 752 966 exerceri
774 927 1010 978 accepisti,
1034 926 1163 966 fuere
1184 927 1274 966 viri
1297 927 1470 978 aliquot
1492 928 1690 979 nobiles,
1715 929 1893 980 opibus,

259 996 431 1036 ditione
453 1004 496 1037 et
518 998 706 1048 generis
728 998 942 1037 claritate
968 997 1206 1048 florentes,
1241 1009 1350 1037 raro
1381 999 1503 1038 enim
1530 1000 1648 1039 solet
1674 1000 1721 1039 id
1748 1011 1898 1051 genus

258 1067 498 1107 hominum
534 1068 592 1108 ad
630 1068 913 1108 christianae
940 1069 1127 1119 pietatis
1151 1068 1303 1108 studia
1336 1068 1469 1109 affici.
1500 1069 1571 1109 Ex
1603 1070 1769 1110 horum
1795 1083 1896 1122 pro—

257 1138 380 1178 fectu
408 1150 607 1190 magnos
641 1150 886 1189 speramus
914 1138 1100 1179 Christo
1127 1139 1308 1179 fructus
1337 1146 1665 1191 proventuros.
1704 1141 1898 1181 Multum

256 1209 379 1249 enim
400 1209 593 1249 interest
610 1211 772 1261 quales
789 1216 997 1250 rectores
1015 1209 1281 1250 Christiana
1298 1211 1562 1262 respublica
1580 1211 1764 1261 habeat,
1788 1224 1896 1264 quo-

256 1292 358 1320 rum
378 1280 475 1320 vita
497 1287 541 1320 et
562 1292 716 1320 mores
738 1281 875 1320 facile
897 1293 923 1320 a
948 1281 1145 1321 caeteris
1167 1281 1214 1320 in
1236 1281 1498 1332 exemplum
1519 1283 1783 1323 trahuntur.
1809 1283 1892 1323 Re-

254 1349 403 1390 feram
429 1351 511 1391 tibi
540 1352 594 1391 de
621 1363 713 1391 uno
745 1351 803 1401 (et
834 1352 891 1391 ab
923 1363 1014 1391 uno
1037 1351 1163 1391 disce
1186 1352 1361 1402 omnes)
1391 1364 1741 1405 speramusque,
1775 1366 1895 1405 quae

256 1420 429 1461 Christi
450 1429 517 1461 est
541 1422 724 1461 bonitas
741 1428 785 1461 et
802 1422 1139 1472 misericordia,
1160 1423 1357 1462 similem
1374 1423 1419 1462 in
1441 1424 1631 1475 reliquis
1652 1424 1778 1464 Vitae
1799 1437 1893 1465 mu-

253 1492 491 1532 tationem.
530 1493 643 1532 Erat
679 1493 724 1532 in
759 1493 902 1532 nobili
938 1493 1139 1544 quodam
1175 1493 1485 1545 Carpetaniae
1516 1495 1683 1546 oppido
1711 1495 1890 1536 Doctor

251 1563 556 1616 jurisperitus
578 1575 778 1615 magnae
801 1564 924 1615 apud
944 1565 1166 1615 populum
1190 1565 1501 1615 authoritatis,
1522 1577 1661 1617 quam
1679 1566 1766 1606 sibi
1784 1578 1890 1606 con-

252 1634 494 1674 ciliaverat
523 1641 653 1674 aetas
684 1634 902 1685 grandis,
933 1647 1126 1675 munera
1154 1635 1360 1687 publica,
1395 1636 1561 1687 quibus
1590 1648 1731 1688 saepe
1758 1637 1890 1688 fungi

251 1705 388 1754 solet,
416 1711 513 1744 tum
535 1705 747 1756 divitiae,
783 1716 901 1756 quae
932 1705 997 1745 illi
1024 1705 1201 1745 affatim
1231 1713 1495 1757 suppetunt.
1528 1705 1619 1747 Sed
1647 1708 1769 1758 quod
1797 1709 1887 1759 ple-

249 1786 444 1826 rumque
466 1777 582 1815 solet
603 1776 674 1815 his
699 1776 958 1826 contigere,
983 1788 1099 1828 quos
1121 1777 1167 1816 in
1189 1777 1344 1817 altiori
1365 1777 1516 1828 gradu
1536 1778 1724 1818 fortuna
1749 1780 1887 1819 collo-

247 1846 396 1895 cavit,
426 1858 511 1886 nec
540 1853 718 1896 tamen,
750 1852 799 1886 ut
828 1858 914 1897 par
943 1853 1063 1897 erat,
1095 1848 1302 1888 moribus
1330 1847 1608 1899 dignitatern
1639 1857 1884 1901 exornant,

249 1916 371 1968 quod
387 1928 548 1956 eorum
564 1918 678 1967 vita,
698 1924 937 1969 tamquam
953 1918 999 1957 in
1016 1918 1199 1958 sublimi
1216 1919 1381 1969 posita,
1403 1919 1459 1959 ab
1478 1920 1690 1960 omnibus
1712 1926 1887 1961 attente

246 1988 567 2039 perspiciatur,
593 2000 688 2027 non
709 1988 826 2028 bene
848 1989 972 2039 apud
992 1990 1243 2040 populares
1264 1990 1502 2040 audiebat,
1537 1991 1652 2030 adeo
1684 1997 1733 2031 ut
1766 1992 1886 2032 illius

247 2069 401 2098 mores
423 2059 753 2110 ingeniumque
775 2058 957 2099 difficile
979 2059 1025 2098 in
1046 2060 1297 2110 proverbio
1319 2061 1748 2101 circumferrentur.

327 2128 462 2169 Hunc
485 2141 597 2180 ergo
614 2129 846 2170 Dominus
861 2130 1011 2183 Jesus,
1031 2131 1111 2182 qui
1128 2143 1420 2183 quacumque
1441 2132 1556 2171 hora
1577 2145 1670 2173 non
1691 2144 1884 2173 renuen-

246 2206 316 2239 tes
336 2208 532 2251 paratus
553 2208 621 2241 est
644 2201 703 2241 ad
724 2213 774 2241 se
796 2201 1053 2253 adducere,
1086 2203 1302 2253 vocavit,
1328 2203 1551 2243 inclinata
1570 2203 1666 2254 jam
1688 2204 1784 2255 die3
1817 2216 1883 2244 56-

246 2272 592 2321 ptuagesimum
619 2272 742 2311 enim
772 2283 946 2312 annum
973 2272 1253 2323 ingreditur;
1286 2273 1704 2325 ardentissimoque
1741 2275 1883 2315 animi

247 2340 416 2381 affectu
437 2342 661 2382 exercitia
693 2342 952 2394 spiritualia
984 2354 1010 2382 a
1038 2342 1177 2383 Patre
1205 2344 1335 2395 petiit
1364 2344 1503 2395 (quod
1533 2345 1685 2395 magis
1713 2345 1881 2385 mirum

244 2418 314 2452 est
335 2413 457 2463 quod
478 2413 593 2452 haec
617 2419 748 2453 aetas
769 2419 813 2453 et
835 2412 951 2452 dura
973 2419 1017 2453 et
1039 2414 1195 2465 inepta
1218 2415 1277 2454 ad
1298 2415 1412 2454 haec
1435 2416 1551 2455 solet
1572 2427 1696 2466 esse,
1732 2416 1779 2455 in
1809 2416 1881 2456 his

244 2483 550 2533 potissimum,
575 2484 653 2534 qui
675 2483 853 2535 reliquo
875 2484 1001 2524 vitae
1022 2490 1231 2536 tempore
1252 2485 1298 2524 in
1320 2486 1423 2525 aliis
1440 2485 1759 2536 insenuerunt)
1781 2492 1880 2526 tan-

243 2559 432 2604 tumque
460 2553 678 2604 profecit,
708 2560 758 2593 ut
792 2565 957 2594 verum
989 2555 1286 2606 experiamur
1314 2556 1425 2595 illud
1452 2556 1783 2607 Evangelium:
1815 2557 1885 2597 Hi

244 2623 498 2663 novissimi
513 2624 624 2674 plus
647 2624 863 2664 omnibus
880 2636 975 2664 una
991 2625 1109 2665 hom
1121 2626 1361 2676 fecerunt.
1382 2626 1516 2667 Nunc
1537 2639 1649 2678 ergo
1673 2628 1879 2668 omnium

242 2693 289 2732 in
310 2705 359 2733 se
376 2706 519 2734 unum
541 2696 701 2735 oculos
717 2707 951 2747 vocesque
969 2697 1215 2747 convertit3
1236 2697 1528 2737 admirantur
1548 2698 1595 2737 in
1611 2698 1687 2738 illo
1704 2710 1878 2738 novam

243 2764 550 2805 humilitatem
571 2766 957 2818 repentinamque
978 2768 1408 2819 metamorphosim;
1428 2769 1625 2820 diligunt
1641 2769 1877 2809 insolitam

241 2833 600 2886 benignitatem,
625 2836 983 2877 subolfacientes
1004 2837 1050 2877 in
1072 2849 1126 2877 eo
1148 2850 1325 2878 novum
1351 2839 1564 2890 spiritum
1591 2840 1876 2880 christianae

296 2992 304 3011 ¹
344 2992 379 3019 P.
393 2992 592 3021 Emmanuel
608 2994 727 3029 Lopez.
744 2995 831 3022 Vide
847 3003 960 3030 supra,
976 3004 1053 3030 pag.
1066 2996 1127 3024 5021.
