2080 3392
242 162 313 200 138
750 158 976 195 LITTERAE
1002 164 1361 199 QUADRIMESTRES

242 257 561 309 expostulent,
595 261 644 295 ut
674 267 726 294 eo
759 253 1086 293 concionatum
1113 257 1209 299 eat,
1239 250 1541 300 horteturque
1569 248 1795 288 moniales
1825 254 1876 287 ut

247 329 468 380 pietatem
506 326 888 376 relligionemque
928 322 1144 374 amplecti
1183 321 1341 361 velint.
1380 319 1471 360 Sed
1505 331 1611 359 cum
1649 319 1747 370 ipse
1787 318 1876 370 piis

244 399 452 439 omnium
474 397 597 436 votis
618 394 888 435 satisfacere
909 406 1002 433 non
1021 393 1190 444 possit,
1223 397 1272 431 ut
1299 397 1367 430 est
1398 392 1498 430 eius
1526 390 1708 429 animus
1737 396 1875 440 atque

246 470 458 509 sincerus
480 467 696 515 affectus,
721 464 970 516 aliquando
992 476 1046 504 ea
1069 462 1295 503 coenobia
1316 461 1437 511 adit,
1462 460 1524 501 ibi
1544 461 1766 500 nonnulla
1797 459 1875 510 pia

249 552 304 580 ac
327 546 461 579 santa
484 538 763 578 documenta
785 535 1019 585 relinquit,
1044 534 1210 585 quibus
1240 532 1505 583 relligiosae
1532 531 1637 571 illae
1669 542 1717 570 se
1747 541 1874 569 exer-

246 615 396 650 ceant.

334 679 423 720 Sed
445 690 502 718 ne
524 678 697 717 diutius
718 677 775 716 iis
805 688 944 728 quam
970 687 1056 727 par
1082 675 1140 715 sit
1168 674 1467 723 haereamus,
1497 672 1556 712 ad
1580 671 1880 723 gymnasium

252 757 466 790 nostrum
493 749 646 788 venio.
676 747 1074 788 Scholasticorum
1103 756 1323 785 numerus
1352 743 1474 783 idem
1498 754 1616 794 pene
1642 748 1711 781 est
1742 752 1880 792 quam

251 821 572 873 superioribus
593 819 758 859 litteris
774 818 827 858 R.
847 817 896 857 P.
918 817 969 857 T.
990 817 1345 867 scripseramus:
1365 826 1526 854 omnes
1547 813 1742 864 singulis
1760 824 1881 852 men-

250 892 384 932 sibus
405 891 683 931 confitentur
704 895 748 929 et
768 884 977 929 nonnulli
1004 899 1061 927 ex
1082 886 1337 927 maioribus
1358 890 1543 925 sumunt
1563 889 1776 923 sanctam
1796 883 1880 922 Eu-

254 963 552 1013 charistiam;
589 973 675 1001 nec
709 972 876 1012 parum
913 958 1159 1011 proficiunt
1199 957 1245 997 in
1284 956 1491 996 moribus
1529 960 1573 995 et
1611 954 1792 994 litteris.
1833 953 1884 993 In

251 1041 323 1086 pa
348 1045 462 1073 vero
485 1034 634 1073 classe
656 1037 763 1072 sunt
784 1038 890 1071 octo
911 1031 986 1069 vel
1007 1029 1169 1069 decem
1198 1028 1537 1073 adolescentes,
1570 1026 1668 1065 nati
1697 1024 1883 1076 optimis

255 1104 488 1155 clarisque
509 1103 795 1155 parentibus,
815 1101 892 1152 qui
908 1101 1045 1140 nobis
1066 1111 1159 1140 non
1180 1110 1377 1150 parvam
1398 1097 1469 1137 sui
1490 1108 1621 1148 spem
1641 1095 1881 1136 dederunt.

253 1175 371 1216 Sunt
399 1175 521 1215 enim
548 1174 748 1225 ingenue
779 1171 983 1220 educati,
1014 1170 1155 1222 quieti
1191 1175 1235 1209 et
1260 1169 1398 1209 valde
1425 1168 1502 1220 pii.
1533 1167 1671 1207 Domi
1697 1172 1885 1206 nostrae

257 1247 412 1286 nullus
433 1245 626 1295 otiatur;
650 1243 963 1294 unusquisque
985 1240 1177 1281 alterius
1198 1240 1418 1279 virtutem
1444 1239 1718 1286 aemulatur,
1748 1249 1884 1276 cona-

254 1323 445 1368 turque,
469 1316 557 1356 Dei
579 1327 665 1366 ope
686 1314 854 1364 fretus,
879 1324 1016 1364 quam
1038 1311 1268 1351 maximos
1298 1310 1345 1350 in
1374 1316 1569 1360 utroque
1598 1308 1751 1348 studio
1782 1319 1884 1359 pro-

259 1399 453 1438 gressus
474 1386 646 1436 facere,
666 1384 830 1424 deinde
851 1389 899 1423 ut
921 1383 979 1423 sit
1001 1383 1046 1422 in
1068 1382 1282 1422 omnibus
1299 1380 1484 1420 Virtutis
1500 1379 1763 1429 exemplum
1781 1389 1884 1429 ope-

257 1469 361 1498 ram
381 1457 474 1497 dat.
498 1456 729 1497 Enitimur
751 1455 890 1494 etiam
911 1465 994 1505 pro
1024 1452 1147 1492 virili
1172 1457 1332 1492 nostra
1364 1462 1499 1502 opem
1524 1450 1646 1490 ferre
1672 1449 1885 1501 proximo

253 1530 302 1568 in
323 1541 376 1569 eo
399 1528 522 1580 quod
543 1528 717 1567 scimus
738 1532 783 1565 et
812 1535 1071 1577 possumus.
1106 1523 1440 1574 Quamobrem,
1472 1521 1521 1562 P.
1551 1521 1628 1571 R.‚
1660 1521 1777 1560 haec
1804 1520 1884 1560 tibi

254 1599 500 1640 sufficient.
529 1598 669 1638 Plura
691 1602 816 1637 certe
837 1595 1011 1635 referre
1032 1605 1237 1646 possem,
1264 1593 1303 1633 si
1324 1593 1368 1633 id
1395 1599 1439 1632 te
1470 1598 1631 1643 optare
1661 1598 1705 1631 et
1736 1591 1775 1631 si
1803 1591 1887 1630 sci-

254 1682 356 1711 rem
383 1676 427 1710 te
454 1675 615 1709 nostra
646 1667 913 1718 prolixitate
944 1665 1181 1705 delectari.
1214 1664 1369 1704 Unum
1401 1668 1582 1703 tantum
1608 1675 1633 1702 a
1665 1661 1719 1701 R.
1749 1660 1798 1701 P.
1833 1661 1885 1701 T.

255 1742 564 1793 postulamus,
588 1745 637 1779 ut
659 1738 811 1778 Deum
843 1736 947 1788 Opt.
980 1747 1115 1776 orare
1140 1735 1257 1775 velis
1284 1739 1334 1774 ut
1362 1733 1566 1785 gratiam
1594 1733 1721 1772 illam
1754 1732 1886 1772 nobis

253 1812 405 1853 servis
428 1810 630 1860 indignis
652 1808 842 1859 elargiri
870 1808 1100 1858 dignetur,
1131 1818 1223 1857 qua
1249 1812 1315 1855 te,
1344 1817 1388 1856 p.
1423 1810 1544 1856 opt.,
1575 1814 1888 1854 agnoscamus

254 1892 626 1932 veneremurque
659 1885 708 1919 ut
737 1878 837 1918 veri
864 1878 965 1928 filii,
996 1877 1194 1917 humiles
1221 1875 1579 1926 obedientesque
1613 1885 1714 1914 esse
1743 1873 1887 1924 possi-

255 1965 375 1994 mus.
399 1952 533 1992 Vale.
558 1951 787 1991 bononiae
811 1949 897 1989 iii.⁰
920 1948 1022 1988 idus
1043 1946 1183 1988 ian.rii
1208 1946 1321 1986 1553.

338 2024 393 2064 R.
416 2023 467 2063 T.
492 2023 542 2063 P.
568 2032 733 2062 servus
754 2021 801 2060 in
821 2019 919 2068 X.0,

1017 2160 1326 2200 HIERONYMUS
1358 2157 1726 2199 GALVANELLUS.

343 2374 692 2428 Superscmptio
714 2374 764 2414 in
785 2377 957 2424 quarta
972 2371 1185 2423 pagina:
1216 2371 1276 2411 Al
1302 2370 1445 2411 Molto
1472 2371 1526 2411 R.
1555 2371 1602 2410 in
1629 2370 1709 2410 X.0
1739 2368 1889 2409 Padre

262 2450 295 2488 il
314 2461 357 2500 p.
377 2448 436 2488 M.
457 2447 577 2498 Ign.⁰
601 2447 657 2486 de
677 2445 847 2496 loyola,
867 2443 1110 2495 Preposito
1130 2443 1282 2493 gnale.
1308 2442 1427 2482 della
1451 2442 1703 2493 Compag.a
1724 2439 1770 2479 di
1789 2439 1890 2480 [esu

263 2521 310 2560 in
332 2520 494 2560 Roma.

344 2590 453 2630 Alsa
476 2601 643 2629 manu:
664 2589 735 2628 Ex
755 2585 980 2628 Bononia.

345 2662 408 2700 Et
429 2660 543 2700 alsa:
566 2661 789 2710 Bologna,
814 2657 887 2697 del
906 2656 970 2696 53.
996 2654 1305 2695 Ianuar.—53.
