2080 3392
306 160 375 196 ¹264
805 160 1031 197 LITTERAE
1058 171 1413 204 QUADRIMESTRES

308 267 452 306 prope
474 256 718 306 accedunt,
740 267 991 308 omnesque
1012 268 1104 296 non
1125 257 1454 308 poenitendum
1470 258 1672 298 fructum
1693 270 1751 298 ex
1768 259 1936 300 studiis

306 337 361 365 ac
382 326 618 365 laboribus
641 326 735 366 suis
762 332 1084 377 reportaturos
1111 338 1367 378 speramus.
1396 328 1569 368 Precor
1591 328 1844 370 Dominum
1868 330 1932 370 Ie-

305 406 406 434 sum
428 402 476 435 ut
497 407 582 435 nos
604 397 851 448 omniaque
874 397 1028 437 studia
1052 403 1095 437 et
1123 398 1346 438 exercitia
1373 404 1532 438 nostra
1555 399 1613 439 ad
1630 400 1830 440 nominis
1861 402 1933 441 sui

304 465 503 515 gloriam
525 467 936 519 proximorumque
964 468 1209 508 utilitatem
1237 469 1437 520 benigne
1466 469 1681 520 dignetur
1713 471 1929 522 dirigere.

306 535 456 576 Amen
481 535 505 576 ¹.

382 606 475 647 Sub
496 607 633 648 finem
650 614 917 650 transactae
938 610 1326 661 quadragesimae
1345 622 1428 650 sex
1443 622 1502 651 ex
1517 611 1740 651 fratribus
1757 613 1931 652 nostris

304 678 460 717 multis
480 679 696 729 precibus
717 680 1026 731 impetrarunt
1048 693 1074 720 a
1094 680 1143 720 P.
1168 680 1367 721 Rectore
1388 687 1450 731 ut,
1475 693 1617 721 verae
1645 683 1934 733 paupertatis

303 749 592 789 exercendae
614 750 783 801 gratia,
810 751 869 792 ad
899 758 1029 791 certa
1049 753 1155 791 loca
1177 752 1391 802 religioni
1416 758 1694 793 consecrata
1714 765 1770 793 ac
1791 753 1936 793 homi-

302 830 412 858 num
435 819 672 860 devotioni
695 821 924 872 dedicata,
950 823 1050 862 sine
1070 834 1184 873 pera
1215 828 1259 863 et
1291 823 1478 863 sacculo
1508 824 1824 864 mitterentur:
1848 836 1934 864 nec

303 889 454 929 inanis
476 890 561 930 fuit
589 903 816 932 concessa
848 893 1069 943 facultas,
1101 894 1217 933 haec
1247 894 1474 945 siquidem
1502 895 1820 945 peregrinatio
1841 907 1936 935 non

304 959 416 1010 ipsis
438 960 698 1012 dumtaxat,
722 963 804 1002 sed
826 970 870 1003 et
898 964 1124 1015 proximis
1146 976 1328 1016 quoque
1358 964 1592 1016 profuisse
1622 971 1817 1005 testatur
1839 966 1938 1006 eius

304 1030 495 1071 effectus
517 1044 571 1072 ac
598 1033 710 1073 felix
737 1045 985 1074 successus
1011 1034 1045 1085 ²,
1076 1047 1160 1075 sua
1187 1035 1359 1075 etenim
1386 1036 1757 1076 conversationis
1785 1037 1932 1076 mode-

304 1102 392 1141 stia
414 1109 458 1142 et
479 1115 660 1144 morum
681 1105 913 1155 probitate
935 1111 1113 1146 tantam
1135 1106 1221 1146 sibi
1238 1106 1610 1146 benevolentiam
1629 1107 1939 1147 conciliarunt

303 1173 426 1224 apud
449 1186 542 1225 eos,
567 1176 626 1215 ad
657 1188 772 1227 quos
800 1176 1095 1217 divertebant
1125 1177 1382 1229 quibusque
1416 1178 1739 1229 loquebantur,
1776 1185 1826 1218 ut
1853 1179 1935 1218 vix

303 1244 549 1296 quisquam
574 1246 862 1287 inveniretur
883 1248 974 1299 qui,
999 1249 1142 1288 semel
1158 1249 1215 1288 ab
1238 1249 1303 1288 eis
1325 1248 1606 1298 admonitus,
1637 1261 1730 1288 non
1751 1261 1932 1289 verere-

301 1320 377 1355 tur
397 1323 560 1366 postea
588 1318 785 1358 verbum
811 1319 1000 1370 aliquod
1028 1319 1300 1359 indecorum
1329 1331 1387 1359 ex
1419 1332 1498 1359 ore
1526 1320 1735 1371 proferre
1764 1320 1934 1360 nedum

301 1385 597 1427 inhonestum
627 1388 865 1440 quippiam
903 1401 1042 1441 opere
1063 1390 1285 1441 perficere
1308 1389 1342 1441 5;
1375 1391 1499 1442 quod
1530 1391 1716 1442 quidem
1752 1396 1935 1430 constat

302 1469 359 1496 ex
383 1463 479 1497 toto
500 1458 678 1499 itineris
700 1471 976 1511 progressu,
1001 1461 1245 1512 speciatim
1267 1467 1424 1501 tamen
1453 1474 1510 1501 ex
1533 1461 1712 1501 duobus
1743 1468 1822 1501 aut
1855 1462 1931 1501 tri-

300 1528 386 1568 bus
408 1530 609 1577 eventis,
635 1542 751 1581 quae
773 1531 887 1582 ipsis
907 1538 1095 1582 praeter
1122 1543 1252 1583 spem
1274 1532 1527 1582 contigere.
1560 1532 1683 1572 Dum
1705 1532 1828 1572 enim
1859 1531 1933 1572 die

302 1600 504 1650 quodam
543 1601 662 1641 festo
709 1602 917 1642 villulam
956 1602 970 1620 '²
1009 1603 1374 1654 pertransirent,
1425 1615 1537 1643 casu
1582 1603 1843 1643 inciderunt
1887 1603 1935 1642 in

302 1677 485 1711 coetum
520 1672 760 1712 hominum
795 1673 1099 1724 rusticorum,
1134 1674 1210 1725 qui
1242 1685 1296 1713 eo
1319 1681 1547 1725 tempore,
1579 1685 1668 1724 quo
1699 1685 1836 1713 sacra
1864 1685 1932 1714 so-

303 1742 470 1781 lemnia
506 1743 780 1793 agebantur,
818 1744 937 1784 lusui
973 1744 1244 1784 chartarum
1280 1755 1471 1796 operam
1505 1744 1697 1795 dabant;
1728 1745 1787 1784 ad
1819 1755 1937 1796 quos

302 1813 493 1863 propius
527 1813 826 1864 accedentes,
864 1827 955 1866 qua
990 1821 1207 1866 poterant
1241 1816 1528 1866 benignitate
1563 1815 1935 1855 adhortabantur

303 1888 441 1934 atque
459 1884 627 1923 obnixe
651 1885 881 1935 rogabant
903 1892 967 1937 ut,
993 1886 1049 1926 ab
1071 1886 1298 1926 eiusmodi
1318 1886 1495 1926 lusibus
1517 1886 1822 1936 abstinentes,
1847 1885 1936 1925 Dei

304 1955 525 2004 templum
561 1955 742 1995 adirent
765 1956 924 1996 divina
956 1956 1104 1996 officia
1133 1957 1350 1996 audituri.
1387 1957 1514 1996 Illico
1544 1957 1671 1996 iussa
1700 1956 1937 1995 facessunt

306 2025 467 2064 rustici
501 2032 544 2064 et
572 2026 697 2065 omni
734 2027 942 2066 vanitate
970 2028 1253 2078 posthabita,
1278 2027 1490 2078 protinus
1512 2039 1671 2067 omnes
1703 2027 1762 2066 ad
1793 2027 1937 2066 eccle-

305 2095 422 2135 siam
457 2096 708 2137 confluunt.
748 2097 851 2137 Non
886 2098 993 2137 huic
1025 2099 1234 2138 absimile
1263 2110 1412 2149 neque
1439 2098 1591 2138 minus
1626 2098 1936 2138 admiratione

306 2166 498 2216 dignum
519 2173 608 2216 est,
634 2168 755 2218 quod
778 2168 886 2208 alibi
908 2169 1119 2220 sequenti
1141 2169 1213 2209 die
1236 2170 1428 2209 accidit:
1463 2181 1603 2220 quum
1626 2169 1749 2208 enim
1776 2169 1937 2220 populi

306 2248 415 2287 pars
437 2249 607 2288 magna
630 2239 824 2278 saltibus
845 2246 888 2278 et
910 2239 1095 2279 choreis
1116 2240 1431 2290 indulgerent,
1457 2239 1823 2291 advenirentque
1846 2239 1932 2279 fra-

306 2316 419 2356 tres,
446 2309 596 2359 coepit
618 2321 736 2348 unus
750 2305 918 2350 'eorum
951 2311 1094 2349 verba
1123 2310 1278 2350 facere
1308 2310 1363 2350 de
1392 2321 1538 2361 regno
1569 2310 1656 2350 Dei
1687 2316 1730 2349 et
1761 2309 1815 2349 de
1845 2310 1937 2350 Do·

307 2378 430 2418 mino
465 2379 566 2419 [esu
595 2380 796 2420 Christo.
833 2380 1068 2421 Saltantes
1096 2393 1208 2420 vero
1245 2381 1312 2420 rei
1341 2382 1552 2421 novitate
1588 2381 1770 2421 attoniti
1807 2387 1850 2420 et
1877 2381 1937 2420 ad

305 2449 654 2499 praedicantem
695 2452 911 2491 conversi
950 2463 1042 2491 non
1084 2453 1233 2491 solum
1268 2464 1359 2491 non
1394 2463 1499 2491 eum
1539 2452 1824 2503 contemptui
1859 2457 1938 2491 aut

306 2520 504 2559 ludibrio
526 2521 812 2569 habuerunt,
840 2533 1003 2561 verum
1026 2522 1215 2571 (mirum
1237 2522 1385 2570 dictu)
1408 2522 1657 2573 prostratis
1679 2522 1738 2562 ad
1762 2528 1938 2562 terram

307 2591 528 2640 genibus,
554 2603 733 2631 summa
757 2603 862 2631 cum
884 2592 1138 2632 attentione
1169 2604 1223 2632 ac
1255 2593 1521 2632 reverentia
1551 2591 1639 2631 Dei
1666 2599 1938 2641 sementem,

364 2774 374 2793 ¹
414 2774 507 2801 Haec
523 2783 542 2802 a
558 2782 641 2802 voce
658 2776 787 2802 Precor
801 2777 988 2810 suppressit
1005 2776 1182 2803 Polancus.

363 2822 376 2840 ‘-'
414 2822 497 2848 haec
512 2822 675 2856 siquidem
693 2824 923 2857 peregrinatio
941 2824 1030 2857 quod
1045 2831 1109 2850 non
1126 2824 1206 2858 ipsis
1221 2825 1400 2851 dumtaxat
1415 2824 1473 2851 sed
1489 2827 1522 2851 et
1542 2823 1703 2858 proximis
1719 2830 1847 2857 quoque
1864 2829 1937 2856 pro-

311 2869 596 2908 fuerit4testatur
613 2870 693 2897 felix
708 2878 894 2898 successus.
911 2870 1088 2898 Polancus.

365 2917 378 2935 ⁵
414 2919 632 2950 perpetrare.
649 2917 830 2946 Polancus.

366 2963 379 2982 4
416 2967 558 2998 pagum.
577 2964 753 2992 Polancus.
