2080 3392
298 199 367 235 470
806 198 1031 235 LirrERAE
1057 209 1413 241 QUADRrMESTREs

378 294 743 345 Superscrzptz'o.
766 296 793 341 †
812 294 942 346 Jhus.

376 364 435 404 Al
451 375 562 416 muy
578 364 679 405 Β.ᾶο
695 377 752 405 en
766 365 848 406 X.⁰
873 365 945 405 Re
973 367 1015 405 el
1032 365 1103 406 Re
1134 365 1338 407 Maestro
1363 366 1553 418 Ignacio
1579 367 1816 419 Preposito
1837 369 1923 409 Ge-

297 436 427 475 neral
448 434 564 475 dela
585 423 842 487 Compafiia
864 436 919 476 de
939 437 1097 489 Jesus,

377 518 434 546 en
454 505 618 547 Roma.

374 577 439 617 25²
459 577 518 617 V.
542 577 597 617 de
618 576 837 617 Coimbra
859 589 956 618 mes
978 577 1034 617 de
1056 578 1260 618 octobre.

375 647 486 687 Alia
506 660 668 688 manu:
693 647 806 700 1553,
832 648 1004 689 Coim.a
1024 648 1073 689 Ρ.
1097 648 1322 689 Melchior
1342 649 1494 700 Cotta,
1520 650 1624 690 ult.⁰
1646 650 1701 690 de
1723 655 1840 690 otu.e

951 1004 1251 1059 CCLVIII

366 1230 413 1266 P.
428 1230 623 1277 Joannes
644 1230 794 1268 Nufiez

415 1295 535 1332 Patri
553 1295 824 1333 Bet-nardino
843 1296 921 1333 dos
941 1296 1058 1333 ReiS.

461 1360 661 1405 Tituano,
685 1361 729 1397 12
746 1361 1009 1398 Novembris
1032 1361 1122 1399 1553
1145 1362 1169 1396 ¹.

374 1568 594 1608 Eiusdem
616 1567 674 1607 ad
696 1567 909 1608 eumdem
929 1567 943 1587 ²
964 1569 1111 1620 pridie
1132 1569 1295 1609 Iduum
1316 1569 1594 1609 Novembris
1620 1569 1732 1608 1553.

372 1639 463 1680 Ubi
483 1639 683 1690 primum
703 1639 864 1678 literae
887 1646 1008 1690 tuae,
1028 1640 1194 1691 quibus
1216 1651 1395 1680 mecum
1412 1640 1467 1679 de
1484 1639 1718 1680 nonnullis
1735 1639 1922 1679 manda-

295 1711 352 1750 tis
374 1710 569 1761 agebaS,
595 1710 653 1749 ad
673 1721 802 1749 meas
822 1722 1080 1761 pervenere
1101 1722 1286 1759 manus,
1311 1716 1359 1750 ut
1381 1711 1557 1762 aliquot
1578 1710 1813 1761 captivos,
1851 1710 1930 1761 qui

294 1782 339 1821 in
360 1781 554 1831 maiore,
581 1792 685 1820 cum
706 1781 935 1832 corporis,
960 1787 1056 1821 tum
1080 1781 1262 1821 animae
1292 1781 1580 1833 perdundae,
1609 1781 1816 1832 periculo
1847 1792 1923 1831 po—

293 1853 370 1892 siti
397 1858 551 1902 erant,
583 1864 606 1891 e
641 1858 771 1892 tanta
805 1852 989 1892 miseria
1026 1859 1210 1904 ereptos
1246 1853 1292 1892 in
1326 1853 1587 1892 libertatem
1616 1851 1921 1902 vindicarem,

294 1934 488 1975 operam
508 1923 626 1973 dedi,
651 1923 829 1962 veritus
849 1934 921 1973 ne,
945 1935 1050 1963 cum
1072 1923 1280 1963 Gadibus
1300 1923 1497 1974 pecunia
1517 1923 1577 1963 ad
1598 1934 1683 1962 nos
1705 1922 1923 1971 ferretur,

296 1994 484 2033 liberari
505 1999 598 2044 aut,
619 1994 910 2033 commerciis
931 1993 1178 2044 impeditis,
1199 1994 1257 2033 ad
1278 2005 1362 2033 vos
1383 1993 1502 2033 mitti
1522 1993 1781 2044 nequirent:
1801 1993 1925 2044 quod

295 2076 435 2116 saepe
456 2064 641 2115 quidem
668 2064 757 2104 hac
787 2064 832 2103 in
863 2064 1053 2115 regione
1080 2065 1317 2114 usuvenit,
1353 2070 1401 2104 ut
1427 2076 1509 2115 per
1537 2075 1621 2104 sex
1651 2065 1726 2104 vel
1753 2070 1929 2115 septem

297 2135 527 2175 mensium
550 2135 753 2186 spatium
771 2134 884 2174 nulli
905 2135 1057 2175 traiici
1081 2135 1257 2186 captivi
1278 2136 1472 2186 possint.

378 2205 507 2245 Deus
528 2205 680 2245 effecit
701 2217 784 2245 sua
805 2205 1011 2245 bonitate
1033 2211 1081 2245 ut
1102 2205 1262 2246 decem
1283 2206 1358 2245 vel
1378 2206 1625 2246 duodecim
1656 2206 1925 2254 obtinerem,

297 2288 414 2328 quos
448 2276 635 2316 tertium
668 2276 761 2315 iam
788 2287 993 2315 mensem
1022 2277 1067 2315 in
1094 2288 1197 2316 mea
1223 2282 1452 2328 potestate
1479 2276 1642 2316 habeo.
1677 2276 1792 2315 Cum
1827 2275 1930 2315 aliis

299 2347 532 2386 nonnullis
554 2353 717 2398 pactus
739 2358 842 2386 sum
864 2346 922 2386 ad
944 2347 989 2386 id
1012 2352 1208 2398 tempus,
1230 2359 1319 2398 quo
1337 2347 1537 2398 primum
1557 2352 1765 2398 ternpore
1786 2346 1930 2385 libera

299 2417 539 2468 coeperint
573 2428 674 2457 esse
704 2417 1005 2467 commercia,
1039 2429 1094 2456 ac
1124 2417 1388 2468 praefectus
1418 2417 1604 2468 quidem
1629 2417 1723 2456 iam
1750 2416 1928 2467 pridem

298 2488 492 2527 liberam
513 2488 729 2528 daturum
751 2499 799 2527 se
821 2488 1114 2527 commeandi
1136 2494 1415 2539 potestatem
1432 2487 1659 2538 promisit,
1677 2486 1923 2538 permissu-

300 2570 493 2610 rumque
515 2559 648 2598 nobis
669 2564 717 2598 ut
739 2559 786 2598 hi
807 2559 975 2610 aliique
997 2560 1127 2598 multi
1148 2559 1479 2610 redemptionis
1510 2557 1539 2609 ³,
1568 2558 1646 2609 qui
1673 2569 1814 2608 penes
1843 2568 1930 2596 nos

358 2670 366 2689 ¹
408 2671 654 2705 Apographum
671 2671 704 2698 in
719 2671 797 2698 folio
812 2671 1034 2698 52l.—Editae
1053 2677 1129 2698 sunt
1145 2672 1209 2698 hae
1224 2671 1363 2698 litterae
1378 2670 1568 2705 hispanice,
1581 2677 1622 2696 ex
1637 2669 1798 2696 Historia
1813 2670 1933 2701 varia,

304 2718 361 2745 sol.
378 2718 441 2752 312,
458 2718 490 2745 in
507 2718 631 2745 Cartas
647 2719 688 2745 de
709 2718 780 2744 San
796 2717 951 2751 Ignmz'o,
966 2722 989 2745 t.
1007 2725 1053 2750 111,
1070 2726 1147 2752 pag.
1162 2719 1224 2745 516.

355 2765 369 2783 ²
409 2765 547 2792 Patrem
564 2765 809 2792 Bernardinum
825 2773 843 2792 a
862 2765 1021 2799 Regibus,
1039 2773 1098 2792 seu
1114 2766 1175 2792 dos
1190 2765 1287 2795 Has,
1301 2765 1353 2792 cui
1368 2765 1470 2792 datae
1485 2768 1562 2792 sunt
1576 2771 1662 2799 quae
1678 2771 1698 2791 a
1710 2764 1805 2791 nobis
1821 2764 1932 2791 editae

307 2820 420 2846 supra,
437 2821 514 2846 pag.
530 2813 592 2846 ⁶102,
612 2818 644 2840 et
661 2813 876 2847 reperiuntur
892 2812 923 2839 in
938 2813 1155 2847 praecedenti
1171 2813 1249 2840 solio
1263 2812 1316 2840 520
1329 2813 1381 2840 v.⁰

357 2860 370 2879 5
408 2861 532 2894 aliique
554 2861 649 2887 multi
671 2861 925 2894 redemptionis,
948 2864 1042 2887 otros
1065 2861 1212 2894 muchos,
1232 2868 1295 2895 que
1311 2865 1471 2895 tenemos‚
1488 2861 1576 2888 dela
1590 2860 1783 2893 redencion,
1799 2867 1854 2893 sc„
1871 2860 1928 2886 alii

305 2907 411 2941 multi,
428 2915 509 2941 quos
522 2915 625 2941 opera
641 2912 674 2935 et
689 2908 837 2935 subsidio
852 2908 1182 2940 confraternitatum,
1196 2915 1257 2942 per
1273 2908 1456 2942 Europam,
1473 2908 1515 2935 ad
1530 2907 1743 2934 redimendos
1756 2915 1797 2933 ex
1813 2907 1933 2934 Africa

306 2954 470 2988 captivos,
485 2958 688 2989 erectarum,
705 2955 843 2982 redemi.
861 2955 958 2989 Vide,
974 2962 1026 2981 ex.
1043 2962 1106 2988 gin,
1122 2962 1207 2989 quae
1224 2955 1312 2989 apud
1329 2954 1494 2989 Scmxost,
1512 2954 1680 2988 POLANco,
1696 2957 1729 2981 et
1748 2954 1870 2981 Cartas
1891 2954 1932 2980 de

307 3000 378 3027 San
394 3001 549 3034 Ignacio,
565 3002 690 3035 passim
704 3002 860 3029 dicuntur
876 3002 916 3028 de
932 3001 1224 3029 Confraternitate
1242 3001 1495 3036 Redemptionis
1509 3002 1738 3036 neapolitana.
