2080 3392
273 186 346 223 ⁴250
796 185 1019 221 LITTERAE
1046 194 1403 226 QUADRIMESTRES

278 282 446 321 dicam:
470 281 648 320 utinam
668 286 734 320 tot
756 281 831 320 hic
852 280 1129 320 haberemus
1147 280 1203 319 de
1220 286 1381 320 nostra
1398 278 1647 331 Societate,
1668 280 1715 320 id
1730 287 1815 331 est,
1837 292 1909 320 ca-

277 352 475 391 tholicos
497 351 812 402 ecclesiastes,
837 357 885 390 ut
913 351 961 390 in
989 350 1398 390 commemorando
1426 350 1790 402 praedicationis
1822 350 1911 390 fru-

277 429 355 461 ctu
373 423 489 461 haec
505 423 669 461 saltem
682 428 882 472 angusta
900 422 1064 462 charta
1081 420 1194 461 mihi
1210 432 1303 460 non
1320 420 1564 461 sufficeret.
1584 420 1803 461 Putarem
1820 433 1915 461 non

281 491 506 531 offensum
528 492 585 531 iri
606 492 713 531 hinc
734 492 783 531 P.
808 492 866 532 V.
891 493 1025 543 quasi
1042 498 1206 532 contra
1224 492 1370 543 ipsius
1386 503 1550 531 recens
1568 492 1840 531 mandatum
1859 491 1914 531 de

278 563 509 602 brevitate
530 562 772 602 literarum
793 563 1145 603 scribendarum
1174 561 1469 602 observanda
1498 562 1673 613 aliquid
1704 562 1913 602 admitte-

280 645 391 673 rem.
416 632 506 673 Sed
528 640 626 673 esto
649 633 764 673 duos
787 639 969 673 tantum
989 634 1262 683 habeamus,
1287 644 1484 684 quorum
1514 634 1629 672 alter
1657 633 1911 684 germanis,

282 706 398 743 alter
426 704 564 753 italis,
594 704 755 744 diebus
782 704 1028 744 dominicis
1064 716 1119 744 ac
1148 704 1279 743 festis
1315 704 1615 743 concionetur
1652 704 1759 753 (non
1794 703 1917 743 enim

278 781 463 825 praeter
486 773 532 814 P.
559 774 799 815 Canisium
821 781 890 814 est
911 775 1160 826 quisquam
1182 774 1494 824 sacerdotum,
1519 774 1597 825 qui
1617 774 1824 824 linguam
1845 785 1914 813 so-

279 851 357 885 net
376 845 580 897 perfecte
603 846 949 896 germanicam,
983 857 1133 897 neque
1165 850 1352 896 praeter
1380 856 1524 884 unum
1551 856 1667 895 opus
1695 851 1764 884 est
1794 845 1918 884 italis

277 914 643 965 concionatore);
669 922 862 967 uterque
884 922 1040 956 tamen
1062 915 1178 955 adeo
1201 915 1398 955 sollicite
1420 927 1476 954 ac
1497 915 1749 965 vigilanter
1770 915 1916 954 verbo

281 986 369 1026 Dei
389 998 498 1026 suos
520 987 718 1026 instituit
747 987 1008 1037 auditores,
1038 992 1087 1026 ut
1115 986 1153 1025 si
1180 986 1382 1026 fructum
1410 986 1738 1037 respiciamus,
1772 986 1917 1025 multo

279 1058 437 1108 plures
460 1057 639 1097 duobus
656 1069 906 1109 possumus
924 1069 1148 1096 asserere.
1172 1056 1401 1096 Dominus
1417 1055 1623 1108 Joannes
1642 1068 1668 1096 a
1686 1056 1916 1101 Victoria,

279 1134 464 1179 praeter
487 1128 796 1168 concionandi
818 1128 1032 1177 officium,
1054 1128 1184 1168 festis
1201 1139 1384 1179 quoque
1400 1127 1561 1167 diebus
1580 1138 1690 1166 suos
1712 1127 1850 1167 italos
1873 1127 1919 1166 in

278 1199 493 1239 doctrina
515 1199 772 1239 christiana
794 1199 959 1248 erudit;
983 1205 1088 1239 sunt
1110 1199 1233 1239 enim
1253 1210 1392 1249 nunc,
1411 1205 1659 1250 postquam
1677 1198 1806 1237 curia
1825 1210 1919 1237 non

284 1270 431 1319 adest,
454 1270 550 1310 fere
573 1269 669 1320 ejus
691 1270 930 1310 auditores
952 1270 1192 1320 tegularii,
1216 1269 1460 1320 lapicidae,
1484 1269 1605 1308 fabri
1626 1269 1838 1319 murarii,
1872 1274 1916 1308 et

281 1339 418 1391 hujus
438 1341 624 1391 generis
646 1341 873 1391 homines,
899 1352 1096 1391 quorum
1118 1351 1299 1380 summa
1330 1346 1399 1379 est
1421 1340 1467 1379 in
1493 1339 1807 1379 fundamentis
1836 1350 1920 1379 no-

283 1417 408 1451 strae
430 1412 670 1462 religionis
696 1412 989 1462 ignorantia:
1019 1411 1184 1451 deinde
1212 1410 1383 1450 fratres
1414 1411 1557 1462 aliqui
1584 1410 1817 1460 designati
1846 1421 1922 1449 ea-

285 1482 391 1522 dem
412 1482 580 1522 docent
602 1495 696 1533 eos,
721 1483 798 1534 qui
819 1489 926 1522 sunt
943 1481 1166 1533 juniores.
1201 1481 1260 1521 D.
1288 1493 1402 1521 vero
1432 1480 1646 1521 Canisius
1674 1492 1783 1520 suas
1816 1492 1921 1520 con-

282 1552 446 1592 ciones
466 1554 763 1603 germanicas
785 1554 831 1593 in
853 1554 1023 1604 templo
1045 1553 1217 1592 Beatae
1239 1551 1453 1603 Virginis
1475 1552 1735 1601 continuat,
1762 1563 1921 1603 quam-

287 1635 426 1674 quam
458 1624 563 1675 piae
591 1624 933 1676 importunitati
961 1623 1232 1663 monialium
1259 1622 1553 1662 diversorum
1588 1622 1923 1662 coenobiorum

289 1694 539 1746 aliquando
562 1695 608 1735 in
630 1696 717 1735 hoc
740 1695 890 1735 officio
913 1707 1089 1735 morem
1106 1705 1271 1745 gerere
1290 1695 1488 1744 cogitur.
1510 1694 1627 1733 Boni
1645 1700 1688 1733 et
1707 1692 1927 1733 catholici

289 1765 418 1804 illum
438 1766 633 1806 libenter
654 1772 909 1817 sequuntur
932 1772 975 1805 et
997 1765 1205 1805 audiunt.
1224 1764 1316 1804 Pro
1333 1764 1499 1816 majori
1516 1770 1649 1815 parte
1667 1763 1923 1815 quadrage-

289 1836 436 1876 simae
475 1837 748 1888 peragravit
789 1837 1031 1877 Austriam
1076 1836 1199 1876 hanc
1246 1835 1514 1875 inferiorem
1560 1834 1926 1886 praedicationis

289 1918 419 1958 ergo;
450 1920 558 1947 narn
589 1907 926 1947 Serenissimus
960 1907 1062 1947 Rex
1096 1907 1155 1947 ad
1188 1912 1400 1946 nostrum
1433 1906 1683 1956 collegium
1713 1905 1836 1945 misit
1867 1916 1927 1945 ex

292 1977 495 2018 Graecio
518 1978 611 2028 (ubi
637 1985 735 2018 tota
764 1979 914 2018 hieme
942 1989 992 2017 se
1021 1977 1271 2025 continuit)
1303 1976 1589 2028 exemplaria
1619 1983 1818 2027 quatuor
1848 1982 1927 2016 aut

291 2049 493 2100 quinque
515 2049 755 2088 literarum
778 2061 884 2088 curn
905 2048 1126 2088 facultate
1153 2047 1466 2087 concionandi
1495 2052 1540 2086 et
1567 2046 1929 2086 administrandi

293 2126 604 2169 sacramenta,
630 2119 906 2171 praesertim
929 2119 975 2159 in
998 2119 1054 2158 iis
1075 2119 1189 2158 locis
1210 2118 1286 2158 ubi
1315 2129 1427 2157 oves
1455 2117 1631 2157 Christi
1658 2117 1929 2168 pastoribus

291 2190 480 2230 omnino
517 2197 624 2230 sunt
661 2190 923 2230 destitutae.
963 2189 1099 2229 Solus
1133 2189 1231 2239 ipse
1263 2188 1560 2228 sacerdotum
1588 2187 1774 2238 explere
1798 2186 1928 2238 jussa

292 2261 441 2312 potuit
462 2293 469 2311 ,
506 2261 584 2312 qui
620 2262 713 2311 (ut,
732 2261 854 2310 dixi)
891 2261 1016 2300 solus
1051 2261 1189 2299 callet
1232 2259 1440 2309 linguam
1480 2258 1821 2309 germanicam:
1867 2257 1931 2309 pii

293 2332 504 2371 homines
525 2332 571 2371 in
592 2332 649 2372 iis
671 2332 799 2382 locis,
823 2332 869 2371 in
891 2331 1058 2382 quibus
1078 2330 1184 2380 fuit,
1213 2329 1369 2380 gavisi
1393 2335 1499 2368 sunt
1524 2329 1579 2368 de
1603 2328 1678 2380 pio
1696 2329 1794 2368 zelo
1812 2328 1930 2368 chri-

294 2402 566 2442 stianissimi
588 2402 731 2453 Regis
752 2403 923 2452 nostri,
948 2408 991 2441 et
1012 2401 1166 2452 gavisi
1188 2407 1293 2440 sunt
1315 2401 1432 2439 tales
1459 2411 1582 2450 esse,
1603 2399 1681 2451 qui
1698 2399 1761 2438 ita
1778 2400 1931 2438 zelose

295 2485 351 2513 ac
373 2474 553 2513 sincere
575 2474 769 2513 verbum
790 2473 877 2513 Dei
897 2472 1240 2524 praedicarent3
1273 2471 1389 2511 dura
1418 2471 1588 2510 etenim
1616 2481 1691 2509 res
1721 2468 1929 2520 hujusce-

294 2544 420 2584 modi
442 2544 531 2584 illis
551 2544 796 2584 videbatur
818 2544 907 2584 ista
927 2543 984 2583 D.
1006 2542 1183 2583 Canisii
1199 2541 1518 2593 peregrinatio
1535 2541 1581 2580 in
1602 2546 1733 2580 tanta
1750 2540 1931 2580 nivium

294 2614 595 2665 abundantia,
614 2615 660 2654 in
676 2621 805 2654 tanto
824 2616 932 2665 gelu
949 2625 1004 2653 ac
1020 2613 1209 2664 frigore,
1230 2624 1301 2662 ac,
1321 2611 1444 2663 quod
1461 2610 1611 2662 majus
1629 2617 1713 2661 est,
1735 2611 1781 2650 in
1799 2616 1932 2650 tanta

296 2685 534 2725 hominum
551 2686 860 2725 barbarorum
877 2690 1013 2735 atque
1030 2683 1376 2723 haereticorum
1394 2682 1571 2734 passim
1587 2681 1932 2721 occurrentium

296 2756 568 2806 petulantia.
684 2750 707 2774 ⁰

376 2826 621 2877 Reliquum
642 2833 710 2866 est
731 2838 854 2866 nunc
875 2827 1023 2866 solum
1044 2836 1319 2876 percurrere
1342 2823 1464 2875 quod
1486 2823 1546 2863 ad
1567 2822 1933 2874 explicationem

296 2897 477 2936 fructus
511 2897 858 2937 confessionum
884 2902 1084 2948 spectat:
1116 2895 1192 2935 hic
1224 2894 1412 2934 minime
1447 2893 1834 2933 dissimulandum
1862 2899 1932 2932 est

296 2980 388 3007 non
411 2979 513 3008 esse
534 2979 658 3008 nunc
680 2968 877 3007 similem
898 2967 1149 3016 rationem,
1175 2972 1400 3017 quantum
1428 2963 1487 3004 ad
1513 2964 1719 3004 fructum
1749 2964 1930 3010 attinet,
