2080 3392
786 236 869 273 AN.
902 236 993 273 1554
1634 234 1704 270 <557

64 336 227 376 obrem
248 347 355 376 eum
374 336 486 376 facti
514 337 736 376 continuo
769 335 974 387 poenitet
1005 341 1050 375 et
1076 334 1247 374 rubore
1283 333 1576 373 suffunditur.
1614 332 1702 372 De-

66 419 193 447 mum
222 407 287 447 ita
311 419 461 459 prava
482 413 526 447 et
556 407 747 458 antiqua
775 407 985 458 ipsorum
1011 404 1300 445 consuetudo
1329 411 1399 444 est
1429 410 1630 454 mutata,
1654 409 1705 444 ut

65 478 144 529 qui
166 484 305 518 antea
326 490 412 518 nec
433 478 521 518 sibi
541 490 627 518 nec
650 478 753 518 aliis
773 477 986 517 homines
1006 476 1292 525 viderentur,
1316 476 1405 516 nisi
1427 488 1508 527 per
1536 475 1702 525 Deum,

67 549 287 601 Sanctos,
330 556 441 600 etc.,
482 550 707 589 audacter
748 549 976 597 iurarent,
1018 559 1142 588 nunc
1182 547 1246 586 illi
1284 547 1402 586 viles
1442 558 1497 586 ac
1538 545 1705 597 perditi

68 621 281 661 homines
303 620 580 671 iudicentur,
605 633 631 660 a
653 621 821 672 quibus
840 619 1166 659 iusiurandum
1196 631 1255 658 ex
1285 619 1357 658 his
1386 617 1593 669 aliquod,
1627 623 1707 657 aut

64 693 209 732 etiam
238 703 322 744 per
350 692 558 731 animum
584 691 828 743 proprium
858 689 958 730 sive
994 690 1134 730 aliam
1170 689 1387 741 quamvis
1422 695 1704 739 creaturam,

68 762 270 803 auditur.
295 761 473 814 Scripsi
493 763 634 802 etiarn
657 762 716 802 ad
747 774 853 812 vos,
889 761 1062 801 fratres
1094 760 1378 810 charissimi,
1410 760 1466 800 de
1492 760 1609 800 viris
1639 759 1705 810 40,

66 834 146 884 qui
167 833 367 884 singulis
389 833 625 873 mensibus
647 833 915 873 fatebantur
934 838 1156 883 peccata;
1182 843 1306 871 nunc
1334 831 1459 881 (laus
1482 831 1606 882 Deo)
1635 830 1710 870 lOO

66 911 149 944 aut
170 916 226 944 eo
246 905 351 956 plus
373 904 614 944 habemus.
637 903 711 944 Ex
732 904 899 956 quibus
921 903 1132 943 nonnulli
1160 909 1268 942 sunt
1299 903 1478 942 nobiles
1505 909 1549 942 et
1580 903 1709 942 urbis

70 976 315 1027 primates,
340 976 419 1015 alii
440 976 689 1016 mediocris
711 975 1017 1024 conditionis,
1043 974 1122 1014 alii
1143 974 1385 1014 munifices
1406 974 1593 1025 optimis
1615 985 1709 1014 mo—

69 1048 196 1087 ribus
223 1047 379 1087 ornati
405 1054 449 1087 et
476 1047 565 1087 Dei
593 1048 692 1087 zelo
714 1046 916 1096 incensi,
941 1045 1040 1098 qui,
1065 1045 1228 1086 mundi
1247 1045 1414 1085 solatia
1437 1051 1482 1085 et
1510 1044 1709 1085 delecta-

67 1120 218 1159 tiones
240 1119 562 1169 abhorrentes,
588 1118 887 1158 solitudinem
908 1122 954 1157 et
975 1118 1079 1157 loca
1101 1116 1288 1157 deserta
1309 1123 1562 1167 quaerunt,
1587 1117 1710 1156 libel-

68 1191 136 1229 los
166 1189 452 1240 adferentes,
487 1190 653 1241 quibus
688 1189 761 1230 dei
795 1200 955 1229 amore
986 1187 1356 1238 inflammentur;
1391 1194 1530 1238 atque
1565 1188 1628 1227 ita
1666 1188 1711 1227 in

68 1261 254 1301 sacellis
275 1261 497 1301 solitariis
519 1260 640 1301 diem
662 1260 940 1310 traducunt,
975 1258 1130 1299 Deum
1155 1259 1402 1299 laudantes
1429 1265 1473 1299 et
1494 1258 1550 1299 de
1576 1259 1710 1299 bene-

70 1332 184 1372 ticiis
218 1343 346 1384 gras.
386 1338 604 1383 agentes,
643 1332 778 1372 cuius
812 1330 1038 1371 beneficio
1077 1330 1239 1370 mundi
1273 1330 1532 1370 vanitatem
1567 1341 1712 1380 agno-

69 1410 206 1444 scunt
240 1409 285 1444 et
317 1410 367 1443 ut
394 1403 606 1443 inutilem
633 1409 676 1443 et
704 1403 905 1443 miseriis
939 1403 1129 1454 plenam
1164 1407 1463 1442 contemnere
1497 1407 1708 1453 possunt.

69 1475 203 1515 Multi
238 1487 296 1514 ex
331 1475 404 1514 his
439 1481 609 1514 octavo
645 1486 829 1526 quoque
864 1474 937 1514 die
973 1472 1268 1523 confitentur,
1307 1473 1366 1513 ad
1400 1484 1516 1524 quos
1552 1485 1713 1513 omncs

70 1547 267 1596 singulis
293 1546 383 1586 Antis
409 1553 453 1585 et
483 1546 628 1586 sextis
655 1545 782 1586 feriis
811 1556 1077 1585 sermonem
1105 1545 1298 1584 brevem
1328 1543 1384 1583 de
1414 1544 1510 1583 vita
1540 1544 1713 1584 Christi

72 1617 146 1657 Pr.
185 1617 345 1667 habet,
386 1618 458 1657 cui
487 1617 719 1657 audiendo
748 1617 980 1657 intersunt
1009 1617 1152 1656 etiam
1180 1616 1359 1656 nobiles
1388 1623 1431 1655 et
1460 1616 1586 1656 urbis
1619 1627 1713 1656 ma-

71 1696 262 1740 gnates;
300 1696 345 1729 et
380 1689 601 1740 quoniam
636 1695 818 1729 tantam
852 1688 1195 1728 multitudinem
1236 1688 1402 1728 domus
1442 1699 1536 1727 non
1570 1688 1711 1739 capit,

71 1760 261 1812 quidam
296 1761 425 1800 humi
459 1761 644 1807 sedent,
682 1760 873 1812 quidam
906 1766 1056 1809 stant,
1094 1759 1306 1799 lubenter
1341 1759 1548 1810 quidem,
1586 1759 1711 1799 dum-

72 1832 209 1872 modo
226 1832 272 1871 in
294 1839 504 1883 tempore
525 1831 769 1872 accedant.
794 1831 865 1871 Ex
888 1831 1159 1871 mulieribus
1187 1831 1329 1871 etiam
1356 1832 1605 1882 plusquam
1640 1830 1714 1869 140

75 1904 318 1951 nabemUS,
342 1915 461 1955 quae
484 1903 681 1954 singulis
707 1903 944 1943 mensibus
966 1902 1263 1952 confitentur,
1291 1902 1501 1953 exceptis
1529 1902 1712 1954 quibus-

69 1974 179 2014 dam
206 1975 333 2023 aliis,
364 1986 483 2025 quae
511 1981 684 2014 octavo
714 1986 898 2026 quoque
931 1974 1003 2014 die
1036 1982 1080 2014 et
1113 1974 1361 2025 aliquoties
1390 1974 1512 2013 intra
1541 1973 1708 2013 hebdo-

70 2045 257 2085 madam
288 2045 410 2086 idem
440 2045 632 2095 faciunt,
665 2058 784 2097 quae
816 2046 1000 2085 illarum
1041 2056 1286 2084 numerum
1326 2045 1593 2096 aequabunt
1634 2051 1713 2084 aut

73 2118 213 2157 etiam
234 2117 476 2157 excedent.
502 2117 607 2158 Oes.
633 2117 680 2157 hi
707 2116 1073 2158 Sacrosanctam
1100 2116 1448 2156 Eucharistiam
1477 2116 1613 2156 simul
1641 2128 1713 2155 ca-

70 2189 204 2239 piunt
226 2189 272 2228 in
293 2199 474 2229 summo
496 2190 683 2240 templo,
710 2200 883 2239 magno
905 2188 1074 2228 ardore
1096 2188 1366 2237 charitatis;
1390 2195 1531 2239 utque
1554 2199 1716 2227 omnes

72 2265 366 2310 moneantur,
391 2259 438 2299 in
465 2259 780 2310 hebdomada,
806 2272 896 2312 qua
926 2259 1274 2299 communicare
1297 2259 1483 2307 debent,
1517 2258 1634 2298 feria
1656 2258 1715 2298 13²

72 2337 118 2370 et
137 2330 201 2370 2²²
221 2337 365 2371 noctu
385 2332 521 2382 pulsu
542 2331 807 2371 tintinabuli
828 2331 1016 2382 signum
1046 2330 1197 2370 datur.
1230 2331 1302 2371 Ex
1323 2342 1412 2381 quo
1434 2330 1713 2381 intelligunt,

73 2413 451 2454 unumquemque
486 2413 535 2442 se
567 2414 739 2454 parare
773 2403 942 2443 debere
977 2402 1037 2442 ad
1072 2401 1417 2442 confessionem
1455 2413 1510 2441 ea
1550 2401 1718 2442 hebdo-

74 2474 214 2514 mada
233 2474 522 2524 faciendam,
555 2486 645 2526 quo
666 2473 715 2514 fit
735 2480 784 2514 ut
805 2481 851 2514 et
871 2473 1212 2515 confessarium
1233 2479 1462 2525 quaerant
1491 2479 1535 2513 et
1562 2485 1611 2513 se
1641 2485 1718 2524 pa-

74 2557 181 2585 rare
203 2545 342 2585 simul
363 2552 527 2585 curent
548 2544 607 2585 ad
629 2544 987 2586 Sanctissimam
1008 2545 1355 2585 Eucharistiam
1375 2544 1624 2584 Dominico
1646 2544 1719 2584 die

76 2623 276 2656 venturo
299 2616 591 2668 capiendam.
616 2616 868 2657 Praeterea
898 2616 1137 2657 excercuit
1170 2615 1245 2656 Pr.
1277 2615 1550 2655 sacerdotes
1583 2615 1721 2655 huius

76 2688 202 2727 urbis
231 2687 279 2727 in
301 2687 681 2728 meditationibus
703 2687 1022 2739 spiritualibus
1057 2688 1139 2727 1.·’ῠιθ
1170 2686 1516 2736 hebdomadae,
1547 2698 1634 2726 nec
1662 2687 1722 2726 ad

74 2760 208 2809 plura
248 2765 440 2810 propter
481 2758 572 2798 alia
614 2758 838 2810 cuiusque
873 2758 1063 2809 negotia
1104 2764 1288 2809 tempus
1326 2757 1427 2797 fuit.
1471 2757 1722 2798 Caeterum

76 2830 183 2869 hinc
206 2830 270 2869 ita
293 2828 447 2869 affecti
469 2841 730 2879 recessere,
761 2836 811 2869 ut
844 2830 890 2869 in
922 2830 1129 2869 animum
1158 2827 1453 2879 inducerent,
1488 2828 1722 2880 proximo-

76 2912 180 2941 rum
197 2900 386 2940 utilitati
402 2908 446 2940 et
464 2901 629 2952 spuali.
650 2900 913 2950 commodo,
929 2898 1173 2939 audiendis
1191 2899 1579 2949 confessionibus,
1600 2899 1723 2939 dein-

79 2982 190 3022 ceps
226 2983 421 3023 operam
456 2971 592 3021 dare,
630 2971 677 3011 id
709 2971 834 3022 quod
866 2971 960 3011 iam
995 2970 1316 3022 experimento
1352 2969 1558 3022 quotidie
1590 2970 1724 3010 disci-

79 3055 196 3083 mus.
221 3043 361 3094 Nam,
399 3054 692 3094 quocumque
715 3054 816 3093 eas,
849 3043 1061 3082 invenies
1084 3043 1247 3093 procul
1277 3042 1433 3092 dubio,
1461 3042 1540 3093 qui
1571 3042 1724 3083 luben-

235 3119 284 3155 T.
306 3131 347 3155 ιι.
1492 3129 1535 3162 42
