<?xml version="1.0" encoding="UTF-8"?>
<!DOCTYPE html PUBLIC "-//W3C//DTD XHTML 1.0 Transitional//EN"
    "http://www.w3.org/TR/xhtml1/DTD/xhtml1-transitional.dtd">
<html xmlns="http://www.w3.org/1999/xhtml" xml:lang="en" lang="en">
 <head>
  <title>
</title>
<meta http-equiv="Content-Type" content="text/html;charset=utf-8" />
  <meta name='ocr-system' content='tesseract 3.04.00' />
  <meta name='ocr-capabilities' content='ocr_page ocr_carea ocr_par ocr_line ocrx_word'/>
</head>
<body>
  <div class='ocr_page' id='page_1' title='image "./litteraequadrime14lain_0531.png"; bbox 0 0 2080 3392; ppageno 0'>
   <div class='ocr_carea' id='block_1_1' title="bbox 855 179 1776 217">
    <p class='ocr_par' dir='ltr' id='par_1_1' title="bbox 855 179 1776 217">
     <span class='ocr_line' id='line_1_1' title="bbox 855 179 1776 217; baseline -0.001 -1"><span class='ocrx_word' id='word_1_1' title='bbox 855 179 938 216; x_wconf 70' lang='lat' dir='ltr'>Ax.</span> <span class='ocrx_word' id='word_1_2' title='bbox 971 179 1062 217; x_wconf 73' lang='lat'>1554</span> <span class='ocrx_word' id='word_1_3' title='bbox 1704 180 1776 217; x_wconf 82' lang='lat'>527</span> 
     </span>
    </p>
   </div>
   <div class='ocr_carea' id='block_1_2' title="bbox 130 274 1775 1964">
    <p class='ocr_par' dir='ltr' id='par_1_2' title="bbox 130 274 1775 1964">
     <span class='ocr_line' id='line_1_2' title="bbox 214 274 1775 328; baseline 0.001 -14"><span class='ocrx_word' id='word_1_4' title='bbox 214 274 458 325; x_wconf 78' lang='lat' dir='ltr'>Quaedam</span> <span class='ocrx_word' id='word_1_5' title='bbox 476 276 618 315; x_wconf 89' lang='lat' dir='ltr'>etiam</span> <span class='ocrx_word' id='word_1_6' title='bbox 637 276 825 327; x_wconf 90' lang='lat' dir='ltr'>publica</span> <span class='ocrx_word' id='word_1_7' title='bbox 855 277 1101 326; x_wconf 76' lang='lat' dir='ltr'>meretrix,</span> <span class='ocrx_word' id='word_1_8' title='bbox 1133 288 1252 328; x_wconf 89' lang='lat' dir='ltr'>quae</span> <span class='ocrx_word' id='word_1_9' title='bbox 1281 276 1775 327; x_wconf 83' lang='lat' dir='ltr'>concupiscentiarum</span> 
     </span>
     <span class='ocr_line' id='line_1_3' title="bbox 134 345 1774 394; baseline 0.002 -10"><span class='ocrx_word' id='word_1_10' title='bbox 134 345 366 386; x_wconf 80' lang='lat' dir='ltr'>illecebris</span> <span class='ocrx_word' id='word_1_11' title='bbox 401 346 583 386; x_wconf 86' lang='lat' dir='ltr'>animas</span> <span class='ocrx_word' id='word_1_12' title='bbox 615 348 864 387; x_wconf 90' lang='lat' dir='ltr'>multorum</span> <span class='ocrx_word' id='word_1_13' title='bbox 893 347 1106 388; x_wconf 78' lang='lat' dir='ltr'>cassibus</span> <span class='ocrx_word' id='word_1_14' title='bbox 1132 347 1306 388; x_wconf 91' lang='lat' dir='ltr'>diaboli</span> <span class='ocrx_word' id='word_1_15' title='bbox 1340 348 1558 394; x_wconf 78' lang='lat' dir='ltr'>irretiuit.</span> <span class='ocrx_word' id='word_1_16' title='bbox 1589 359 1774 387; x_wconf 90' lang='lat' dir='ltr'>omnem</span> 
     </span>
     <span class='ocr_line' id='line_1_4' title="bbox 135 416 1771 471; baseline 0.002 -15"><span class='ocrx_word' id='word_1_17' title='bbox 135 416 439 468; x_wconf 85' lang='lat' dir='ltr'>turpitudinis</span> <span class='ocrx_word' id='word_1_18' title='bbox 462 425 708 469; x_wconf 88' lang='lat' dir='ltr'>quaestum</span> <span class='ocrx_word' id='word_1_19' title='bbox 728 430 822 459; x_wconf 91' lang='lat' dir='ltr'>una</span> <span class='ocrx_word' id='word_1_20' title='bbox 850 431 955 459; x_wconf 90' lang='lat' dir='ltr'>cum</span> <span class='ocrx_word' id='word_1_21' title='bbox 983 419 1065 459; x_wconf 91' lang='lat' dir='ltr'>tali</span> <span class='ocrx_word' id='word_1_22' title='bbox 1095 419 1284 459; x_wconf 85' lang='lat' dir='ltr'>viuendi</span> <span class='ocrx_word' id='word_1_23' title='bbox 1313 419 1450 460; x_wconf 89' lang='lat' dir='ltr'>modo</span> <span class='ocrx_word' id='word_1_24' title='bbox 1478 419 1771 471; x_wconf 89' lang='lat' dir='ltr'>contempsit,</span> 
     </span>
     <span class='ocr_line' id='line_1_5' title="bbox 135 487 1773 542; baseline 0.002 -15"><span class='ocrx_word' id='word_1_25' title='bbox 135 487 284 527; x_wconf 85' lang='lat' dir='ltr'>vitam</span> <span class='ocrx_word' id='word_1_26' title='bbox 305 489 526 539; x_wconf 87' lang='lat' dir='ltr'>mutauit,</span> <span class='ocrx_word' id='word_1_27' title='bbox 549 495 747 541; x_wconf 89' lang='lat' dir='ltr'>peccata</span> <span class='ocrx_word' id='word_1_28' title='bbox 768 490 985 530; x_wconf 87' lang='lat' dir='ltr'>confessa</span> <span class='ocrx_word' id='word_1_29' title='bbox 1007 497 1096 541; x_wconf 89' lang='lat' dir='ltr'>est,</span> <span class='ocrx_word' id='word_1_30' title='bbox 1121 491 1278 531; x_wconf 86' lang='lat' dir='ltr'>multis</span> <span class='ocrx_word' id='word_1_31' title='bbox 1300 490 1541 531; x_wconf 78' lang='lat' dir='ltr'>lachrimis</span> <span class='ocrx_word' id='word_1_32' title='bbox 1563 490 1773 542; x_wconf 91' lang='lat' dir='ltr'>deplora-</span> 
     </span>
     <span class='ocr_line' id='line_1_6' title="bbox 133 558 1773 614; baseline 0.002 -16"><span class='ocrx_word' id='word_1_33' title='bbox 133 558 216 610; x_wconf 87' lang='lat' dir='ltr'>vit,</span> <span class='ocrx_word' id='word_1_34' title='bbox 239 564 422 599; x_wconf 91' lang='lat' dir='ltr'>tantum</span> <span class='ocrx_word' id='word_1_35' title='bbox 445 560 705 601; x_wconf 78' lang='lat' dir='ltr'>abhorrens</span> <span class='ocrx_word' id='word_1_36' title='bbox 725 561 819 601; x_wconf 91' lang='lat' dir='ltr'>iam</span> <span class='ocrx_word' id='word_1_37' title='bbox 841 562 898 601; x_wconf 90' lang='lat' dir='ltr'>ab</span> <span class='ocrx_word' id='word_1_38' title='bbox 921 562 1046 601; x_wconf 90' lang='lat' dir='ltr'>omni</span> <span class='ocrx_word' id='word_1_39' title='bbox 1063 562 1305 602; x_wconf 89' lang='lat' dir='ltr'>hominum</span> <span class='ocrx_word' id='word_1_40' title='bbox 1327 568 1604 614; x_wconf 87' lang='lat' dir='ltr'>conspectu,</span> <span class='ocrx_word' id='word_1_41' title='bbox 1630 574 1773 614; x_wconf 90' lang='lat' dir='ltr'>quan-</span> 
     </span>
     <span class='ocr_line' id='line_1_7' title="bbox 133 629 1772 685; baseline 0.002 -16"><span class='ocrx_word' id='word_1_42' title='bbox 133 635 232 670; x_wconf 90' lang='lat' dir='ltr'>tum</span> <span class='ocrx_word' id='word_1_43' title='bbox 247 629 354 670; x_wconf 89' lang='lat' dir='ltr'>inde</span> <span class='ocrx_word' id='word_1_44' title='bbox 371 642 578 682; x_wconf 91' lang='lat' dir='ltr'>unquam</span> <span class='ocrx_word' id='word_1_45' title='bbox 594 632 848 684; x_wconf 85' lang='lat' dir='ltr'>voluptatis</span> <span class='ocrx_word' id='word_1_46' title='bbox 865 632 1094 684; x_wconf 82' lang='lat' dir='ltr'>concepit.</span> <span class='ocrx_word' id='word_1_47' title='bbox 1114 632 1222 673; x_wconf 88' lang='lat' dir='ltr'>Alia</span> <span class='ocrx_word' id='word_1_48' title='bbox 1240 633 1471 684; x_wconf 86' lang='lat' dir='ltr'>quaedam</span> <span class='ocrx_word' id='word_1_49' title='bbox 1487 633 1656 673; x_wconf 90' lang='lat' dir='ltr'>nobilis</span> <span class='ocrx_word' id='word_1_50' title='bbox 1673 645 1772 685; x_wconf 88' lang='lat' dir='ltr'>per-</span> 
     </span>
     <span class='ocr_line' id='line_1_8' title="bbox 133 704 1775 753; baseline 0.002 -12"><span class='ocrx_word' id='word_1_51' title='bbox 133 712 274 752; x_wconf 89' lang='lat' dir='ltr'>sona,</span> <span class='ocrx_word' id='word_1_52' title='bbox 312 713 431 753; x_wconf 89' lang='lat' dir='ltr'>quae</span> <span class='ocrx_word' id='word_1_53' title='bbox 467 704 638 743; x_wconf 90' lang='lat' dir='ltr'>multos</span> <span class='ocrx_word' id='word_1_54' title='bbox 680 715 829 743; x_wconf 94' lang='lat' dir='ltr'>annos</span> <span class='ocrx_word' id='word_1_55' title='bbox 869 704 1135 744; x_wconf 89' lang='lat' dir='ltr'>detestabili</span> <span class='ocrx_word' id='word_1_56' title='bbox 1175 705 1520 745; x_wconf 86' lang='lat' dir='ltr'>haereticorum</span> <span class='ocrx_word' id='word_1_57' title='bbox 1560 705 1775 745; x_wconf 88' lang='lat' dir='ltr'>adhaesit</span> 
     </span>
     <span class='ocr_line' id='line_1_9' title="bbox 133 773 1773 827; baseline 0.002 -15"><span class='ocrx_word' id='word_1_58' title='bbox 133 778 291 812; x_wconf 90' lang='lat' dir='ltr'>sectae</span> <span class='ocrx_word' id='word_1_59' title='bbox 327 778 372 812; x_wconf 89' lang='lat' dir='ltr'>et</span> <span class='ocrx_word' id='word_1_60' title='bbox 407 773 722 814; x_wconf 88' lang='lat' dir='ltr'>coniurationi</span> <span class='ocrx_word' id='word_1_61' title='bbox 751 774 797 814; x_wconf 91' lang='lat' dir='ltr'>in</span> <span class='ocrx_word' id='word_1_62' title='bbox 826 774 1033 814; x_wconf 90' lang='lat' dir='ltr'>omnium</span> <span class='ocrx_word' id='word_1_63' title='bbox 1061 773 1478 815; x_wconf 70' lang='lat' dir='ltr'>§aeramentorum</span> <span class='ocrx_word' id='word_1_64' title='bbox 1505 775 1773 827; x_wconf 90' lang='lat' dir='ltr'>denegatio-</span> 
     </span>
     <span class='ocr_line' id='line_1_10' title="bbox 132 842 1772 897; baseline 0.003 -15"><span class='ocrx_word' id='word_1_65' title='bbox 132 854 261 893; x_wconf 91' lang='lat' dir='ltr'>nem,</span> <span class='ocrx_word' id='word_1_66' title='bbox 293 842 451 883; x_wconf 89' lang='lat' dir='ltr'>diuino</span> <span class='ocrx_word' id='word_1_67' title='bbox 484 844 681 896; x_wconf 75' lang='lat' dir='ltr'>auxilio,</span> <span class='ocrx_word' id='word_1_68' title='bbox 713 845 983 897; x_wconf 88' lang='lat' dir='ltr'>crebrisque</span> <span class='ocrx_word' id='word_1_69' title='bbox 1012 845 1231 886; x_wconf 87' lang='lat' dir='ltr'>adhibitis</span> <span class='ocrx_word' id='word_1_70' title='bbox 1259 846 1676 897; x_wconf 88' lang='lat' dir='ltr'>admonitionibus,</span> <span class='ocrx_word' id='word_1_71' title='bbox 1708 853 1772 887; x_wconf 91' lang='lat' dir='ltr'>to-</span> 
     </span>
     <span class='ocr_line' id='line_1_11' title="bbox 131 913 1775 966; baseline 0.003 -13"><span class='ocrx_word' id='word_1_72' title='bbox 131 914 223 953; x_wconf 90' lang='lat' dir='ltr'>tius</span> <span class='ocrx_word' id='word_1_73' title='bbox 257 913 384 954; x_wconf 90' lang='lat' dir='ltr'>vitae</span> <span class='ocrx_word' id='word_1_74' title='bbox 420 917 691 965; x_wconf 82' lang='lat' dir='ltr'>generalem</span> <span class='ocrx_word' id='word_1_75' title='bbox 723 916 832 956; x_wconf 82' lang='lat' dir='ltr'>fecit</span> <span class='ocrx_word' id='word_1_76' title='bbox 869 916 1235 966; x_wconf 86' lang='lat' dir='ltr'>confessionem,</span> <span class='ocrx_word' id='word_1_77' title='bbox 1279 916 1560 958; x_wconf 88' lang='lat' dir='ltr'>diabolicam</span> <span class='ocrx_word' id='word_1_78' title='bbox 1595 924 1775 958; x_wconf 88' lang='lat' dir='ltr'>sectam</span> 
     </span>
     <span class='ocr_line' id='line_1_12' title="bbox 131 985 1774 1039; baseline 0.003 -15"><span class='ocrx_word' id='word_1_79' title='bbox 131 985 332 1037; x_wconf 88' lang='lat' dir='ltr'>reliquit.</span> <span class='ocrx_word' id='word_1_80' title='bbox 356 985 406 1025; x_wconf 88' lang='lat' dir='ltr'>In</span> <span class='ocrx_word' id='word_1_81' title='bbox 428 987 558 1026; x_wconf 90' lang='lat' dir='ltr'>cuius</span> <span class='ocrx_word' id='word_1_82' title='bbox 589 986 968 1036; x_wconf 89' lang='lat' dir='ltr'>detestationem,</span> <span class='ocrx_word' id='word_1_83' title='bbox 1001 994 1227 1039; x_wconf 88' lang='lat' dir='ltr'>quotquot</span> <span class='ocrx_word' id='word_1_84' title='bbox 1254 988 1601 1029; x_wconf 86' lang='lat' dir='ltr'>haereticorum</span> <span class='ocrx_word' id='word_1_85' title='bbox 1629 990 1774 1029; x_wconf 87' lang='lat' dir='ltr'>libros</span> 
     </span>
     <span class='ocr_line' id='line_1_13' title="bbox 132 1057 1772 1110; baseline 0.003 -14"><span class='ocrx_word' id='word_1_86' title='bbox 132 1062 211 1096; x_wconf 92' lang='lat' dir='ltr'>aut</span> <span class='ocrx_word' id='word_1_87' title='bbox 231 1057 408 1108; x_wconf 87' lang='lat' dir='ltr'>scripta</span> <span class='ocrx_word' id='word_1_88' title='bbox 429 1057 653 1109; x_wconf 90' lang='lat' dir='ltr'>habebat,</span> <span class='ocrx_word' id='word_1_89' title='bbox 679 1059 725 1098; x_wconf 89' lang='lat' dir='ltr'>in</span> <span class='ocrx_word' id='word_1_90' title='bbox 746 1059 1016 1110; x_wconf 89' lang='lat' dir='ltr'>praesentia</span> <span class='ocrx_word' id='word_1_91' title='bbox 1039 1059 1239 1099; x_wconf 88' lang='lat' dir='ltr'>aliorum</span> <span class='ocrx_word' id='word_1_92' title='bbox 1262 1060 1532 1100; x_wconf 87' lang='lat' dir='ltr'>combussit.</span> <span class='ocrx_word' id='word_1_93' title='bbox 1557 1060 1647 1101; x_wconf 82' lang='lat' dir='ltr'>Sed</span> <span class='ocrx_word' id='word_1_94' title='bbox 1674 1062 1772 1100; x_wconf 91' lang='lat' dir='ltr'>lon-</span> 
     </span>
     <span class='ocr_line' id='line_1_14' title="bbox 131 1129 1772 1184; baseline 0.003 -17"><span class='ocrx_word' id='word_1_95' title='bbox 131 1138 243 1179; x_wconf 91' lang='lat' dir='ltr'>gum</span> <span class='ocrx_word' id='word_1_96' title='bbox 264 1135 387 1168; x_wconf 88' lang='lat' dir='ltr'>esset</span> <span class='ocrx_word' id='word_1_97' title='bbox 409 1129 620 1179; x_wconf 86' lang='lat' dir='ltr'>singulos</span> <span class='ocrx_word' id='word_1_98' title='bbox 642 1129 982 1170; x_wconf 87' lang='lat' dir='ltr'>aedificationis</span> <span class='ocrx_word' id='word_1_99' title='bbox 1003 1141 1063 1170; x_wconf 83' lang='lat' dir='ltr'>ex</span> <span class='ocrx_word' id='word_1_100' title='bbox 1084 1130 1460 1171; x_wconf 86' lang='lat' dir='ltr'>confessionibus</span> <span class='ocrx_word' id='word_1_101' title='bbox 1477 1131 1655 1172; x_wconf 89' lang='lat' dir='ltr'>fructus</span> <span class='ocrx_word' id='word_1_102' title='bbox 1671 1144 1772 1184; x_wconf 91' lang='lat' dir='ltr'>per-</span> 
     </span>
     <span class='ocr_line' id='line_1_15' title="bbox 136 1200 1774 1258; baseline 0.003 -20"><span class='ocrx_word' id='word_1_103' title='bbox 136 1210 348 1249; x_wconf 86' lang='lat' dir='ltr'>censere,</span> <span class='ocrx_word' id='word_1_104' title='bbox 378 1211 612 1251; x_wconf 90' lang='lat' dir='ltr'>quamque</span> <span class='ocrx_word' id='word_1_105' title='bbox 639 1201 772 1241; x_wconf 90' lang='lat' dir='ltr'>nobis</span> <span class='ocrx_word' id='word_1_106' title='bbox 801 1200 1075 1241; x_wconf 88' lang='lat' dir='ltr'>confitentes</span> <span class='ocrx_word' id='word_1_107' title='bbox 1102 1212 1155 1258; x_wconf 71' lang='lat' dir='ltr'>se</span> <span class='ocrx_word' id='word_1_108' title='bbox 1183 1201 1230 1241; x_wconf 89' lang='lat' dir='ltr'>in</span> <span class='ocrx_word' id='word_1_109' title='bbox 1261 1202 1476 1242; x_wconf 89' lang='lat' dir='ltr'>omnibus</span> <span class='ocrx_word' id='word_1_110' title='bbox 1511 1203 1774 1243; x_wconf 88' lang='lat' dir='ltr'>misericor-</span> 
     </span>
     <span class='ocr_line' id='line_1_16' title="bbox 133 1269 1772 1325; baseline 0.004 -16"><span class='ocrx_word' id='word_1_111' title='bbox 133 1269 239 1310; x_wconf 90' lang='lat' dir='ltr'>diae</span> <span class='ocrx_word' id='word_1_112' title='bbox 262 1271 482 1322; x_wconf 90' lang='lat' dir='ltr'>operibus</span> <span class='ocrx_word' id='word_1_113' title='bbox 515 1271 693 1311; x_wconf 86' lang='lat' dir='ltr'>feruide</span> <span class='ocrx_word' id='word_1_114' title='bbox 728 1278 1002 1321; x_wconf 86' lang='lat' dir='ltr'>exerceant,</span> <span class='ocrx_word' id='word_1_115' title='bbox 1038 1273 1378 1324; x_wconf 84' lang='lat' dir='ltr'>perlustrantes</span> <span class='ocrx_word' id='word_1_116' title='bbox 1411 1274 1574 1314; x_wconf 89' lang='lat' dir='ltr'>domos</span> <span class='ocrx_word' id='word_1_117' title='bbox 1602 1285 1772 1325; x_wconf 91' lang='lat' dir='ltr'>paupe-</span> 
     </span>
     <span class='ocr_line' id='line_1_17' title="bbox 133 1342 1774 1397; baseline 0.003 -16"><span class='ocrx_word' id='word_1_118' title='bbox 133 1353 263 1392; x_wconf 90' lang='lat' dir='ltr'>rum,</span> <span class='ocrx_word' id='word_1_119' title='bbox 296 1342 544 1382; x_wconf 87' lang='lat' dir='ltr'>visitantes</span> <span class='ocrx_word' id='word_1_120' title='bbox 579 1343 807 1393; x_wconf 90' lang='lat' dir='ltr'>infirmos,</span> <span class='ocrx_word' id='word_1_121' title='bbox 844 1349 1049 1383; x_wconf 89' lang='lat' dir='ltr'>moestos</span> <span class='ocrx_word' id='word_1_122' title='bbox 1080 1345 1400 1395; x_wconf 89' lang='lat' dir='ltr'>consolantes,</span> <span class='ocrx_word' id='word_1_123' title='bbox 1432 1351 1476 1384; x_wconf 93' lang='lat' dir='ltr'>et</span> <span class='ocrx_word' id='word_1_124' title='bbox 1503 1357 1586 1397; x_wconf 90' lang='lat' dir='ltr'>per</span> <span class='ocrx_word' id='word_1_125' title='bbox 1608 1346 1774 1386; x_wconf 90' lang='lat' dir='ltr'>domos</span> 
     </span>
     <span class='ocr_line' id='line_1_18' title="bbox 137 1413 1772 1467; baseline 0.003 -15"><span class='ocrx_word' id='word_1_126' title='bbox 137 1413 444 1453; x_wconf 90' lang='lat' dir='ltr'>eleemosinas</span> <span class='ocrx_word' id='word_1_127' title='bbox 466 1414 765 1465; x_wconf 82' lang='lat' dir='ltr'>colligentes,</span> <span class='ocrx_word' id='word_1_128' title='bbox 796 1414 962 1466; x_wconf 90' lang='lat' dir='ltr'>quibus</span> <span class='ocrx_word' id='word_1_129' title='bbox 990 1426 1251 1467; x_wconf 90' lang='lat' dir='ltr'>pauperum</span> <span class='ocrx_word' id='word_1_130' title='bbox 1279 1422 1322 1456; x_wconf 91' lang='lat' dir='ltr'>et</span> <span class='ocrx_word' id='word_1_131' title='bbox 1352 1416 1643 1456; x_wconf 86' lang='lat' dir='ltr'>infirmorum</span> <span class='ocrx_word' id='word_1_132' title='bbox 1671 1418 1772 1457; x_wconf 93' lang='lat' dir='ltr'>sub-</span> 
     </span>
     <span class='ocr_line' id='line_1_19' title="bbox 132 1484 1770 1540; baseline 0.004 -17"><span class='ocrx_word' id='word_1_133' title='bbox 132 1484 325 1524; x_wconf 89' lang='lat' dir='ltr'>ueniant</span> <span class='ocrx_word' id='word_1_134' title='bbox 346 1484 722 1525; x_wconf 86' lang='lat' dir='ltr'>necessitatibus.</span> <span class='ocrx_word' id='word_1_135' title='bbox 745 1484 989 1526; x_wconf 86' lang='lat' dir='ltr'>Vocamur</span> <span class='ocrx_word' id='word_1_136' title='bbox 1010 1492 1055 1526; x_wconf 89' lang='lat' dir='ltr'>et</span> <span class='ocrx_word' id='word_1_137' title='bbox 1074 1497 1161 1526; x_wconf 94' lang='lat' dir='ltr'>nos</span> <span class='ocrx_word' id='word_1_138' title='bbox 1180 1486 1450 1539; x_wconf 87' lang='lat' dir='ltr'>frequenter</span> <span class='ocrx_word' id='word_1_139' title='bbox 1468 1487 1527 1528; x_wconf 93' lang='lat' dir='ltr'>ad</span> <span class='ocrx_word' id='word_1_140' title='bbox 1544 1488 1770 1540; x_wconf 87' lang='lat' dir='ltr'>infirmos,</span> 
     </span>
     <span class='ocr_line' id='line_1_20' title="bbox 133 1555 1772 1610; baseline 0.003 -15"><span class='ocrx_word' id='word_1_141' title='bbox 133 1561 205 1605; x_wconf 91' lang='lat' dir='ltr'>ut,</span> <span class='ocrx_word' id='word_1_142' title='bbox 231 1555 527 1595; x_wconf 84' lang='lat' dir='ltr'>confessione</span> <span class='ocrx_word' id='word_1_143' title='bbox 551 1556 735 1607; x_wconf 90' lang='lat' dir='ltr'>audita,</span> <span class='ocrx_word' id='word_1_144' title='bbox 759 1557 992 1597; x_wconf 89' lang='lat' dir='ltr'>salutares</span> <span class='ocrx_word' id='word_1_145' title='bbox 1013 1568 1040 1596; x_wconf 87' lang='lat' dir='ltr'>a</span> <span class='ocrx_word' id='word_1_146' title='bbox 1062 1557 1196 1598; x_wconf 91' lang='lat' dir='ltr'>nobis</span> <span class='ocrx_word' id='word_1_147' title='bbox 1213 1559 1473 1610; x_wconf 89' lang='lat' dir='ltr'>suscipiant</span> <span class='ocrx_word' id='word_1_148' title='bbox 1493 1561 1772 1601; x_wconf 89' lang='lat' dir='ltr'>consolatio-</span> 
     </span>
     <span class='ocr_line' id='line_1_21' title="bbox 131 1627 1773 1682; baseline 0.004 -16"><span class='ocrx_word' id='word_1_149' title='bbox 131 1638 238 1677; x_wconf 88' lang='lat' dir='ltr'>nes;</span> <span class='ocrx_word' id='word_1_150' title='bbox 260 1627 514 1678; x_wconf 90' lang='lat' dir='ltr'>plurimum</span> <span class='ocrx_word' id='word_1_151' title='bbox 535 1627 659 1667; x_wconf 89' lang='lat' dir='ltr'>enim</span> <span class='ocrx_word' id='word_1_152' title='bbox 680 1639 782 1668; x_wconf 91' lang='lat' dir='ltr'>nra.</span> <span class='ocrx_word' id='word_1_153' title='bbox 805 1627 982 1668; x_wconf 88' lang='lat' dir='ltr'>faciunt</span> <span class='ocrx_word' id='word_1_154' title='bbox 1004 1629 1203 1680; x_wconf 90' lang='lat' dir='ltr'>monita,</span> <span class='ocrx_word' id='word_1_155' title='bbox 1229 1630 1353 1681; x_wconf 91' lang='lat' dir='ltr'>apud</span> <span class='ocrx_word' id='word_1_156' title='bbox 1375 1642 1514 1682; x_wconf 84' lang='lat' dir='ltr'>quos,</span> <span class='ocrx_word' id='word_1_157' title='bbox 1546 1631 1684 1672; x_wconf 91' lang='lat' dir='ltr'>simul</span> <span class='ocrx_word' id='word_1_158' title='bbox 1716 1644 1773 1672; x_wconf 90' lang='lat' dir='ltr'>ac</span> 
     </span>
     <span class='ocr_line' id='line_1_22' title="bbox 132 1698 1769 1753; baseline 0.004 -16"><span class='ocrx_word' id='word_1_159' title='bbox 132 1698 337 1749; x_wconf 89' lang='lat' dir='ltr'>propriis</span> <span class='ocrx_word' id='word_1_160' title='bbox 357 1698 539 1738; x_wconf 82' lang='lat' dir='ltr'>visitati</span> <span class='ocrx_word' id='word_1_161' title='bbox 559 1698 731 1739; x_wconf 86' lang='lat' dir='ltr'>fuerint</span> <span class='ocrx_word' id='word_1_162' title='bbox 752 1699 1042 1750; x_wconf 88' lang='lat' dir='ltr'>pastoribus,</span> <span class='ocrx_word' id='word_1_163' title='bbox 1073 1700 1111 1740; x_wconf 91' lang='lat' dir='ltr'>si</span> <span class='ocrx_word' id='word_1_164' title='bbox 1138 1700 1265 1740; x_wconf 90' lang='lat' dir='ltr'>vitae</span> <span class='ocrx_word' id='word_1_165' title='bbox 1294 1701 1553 1753; x_wconf 87' lang='lat' dir='ltr'>periculum</span> <span class='ocrx_word' id='word_1_166' title='bbox 1585 1708 1769 1753; x_wconf 88' lang='lat' dir='ltr'>urgeat,</span> 
     </span>
     <span class='ocr_line' id='line_1_23' title="bbox 132 1768 1770 1823; baseline 0.004 -15"><span class='ocrx_word' id='word_1_167' title='bbox 132 1768 383 1809; x_wconf 88' lang='lat' dir='ltr'>missarum</span> <span class='ocrx_word' id='word_1_168' title='bbox 405 1769 601 1810; x_wconf 90' lang='lat' dir='ltr'>subinde</span> <span class='ocrx_word' id='word_1_169' title='bbox 623 1770 915 1810; x_wconf 88' lang='lat' dir='ltr'>celebramus</span> <span class='ocrx_word' id='word_1_170' title='bbox 936 1771 1192 1823; x_wconf 88' lang='lat' dir='ltr'>sacrificia,</span> <span class='ocrx_word' id='word_1_171' title='bbox 1221 1778 1272 1812; x_wconf 94' lang='lat' dir='ltr'>ut</span> <span class='ocrx_word' id='word_1_172' title='bbox 1301 1773 1550 1814; x_wconf 87' lang='lat' dir='ltr'>refocillati</span> <span class='ocrx_word' id='word_1_173' title='bbox 1578 1774 1770 1814; x_wconf 89' lang='lat' dir='ltr'>coelesti</span> 
     </span>
     <span class='ocr_line' id='line_1_24' title="bbox 131 1839 1769 1897; baseline 0.004 -18"><span class='ocrx_word' id='word_1_174' title='bbox 131 1839 208 1880; x_wconf 87' lang='lat' dir='ltr'>illo</span> <span class='ocrx_word' id='word_1_175' title='bbox 230 1840 354 1891; x_wconf 88' lang='lat' dir='ltr'>cibo,</span> <span class='ocrx_word' id='word_1_176' title='bbox 378 1841 453 1880; x_wconf 90' lang='lat' dir='ltr'>vel</span> <span class='ocrx_word' id='word_1_177' title='bbox 475 1840 522 1880; x_wconf 89' lang='lat' dir='ltr'>in</span> <span class='ocrx_word' id='word_1_178' title='bbox 544 1852 740 1892; x_wconf 85' lang='lat' dir='ltr'>corpore</span> <span class='ocrx_word' id='word_1_179' title='bbox 769 1846 814 1881; x_wconf 89' lang='lat' dir='ltr'>et</span> <span class='ocrx_word' id='word_1_180' title='bbox 840 1841 888 1881; x_wconf 88' lang='lat' dir='ltr'>in</span> <span class='ocrx_word' id='word_1_181' title='bbox 916 1841 1074 1883; x_wconf 89' lang='lat' dir='ltr'>anima</span> <span class='ocrx_word' id='word_1_182' title='bbox 1105 1844 1463 1895; x_wconf 89' lang='lat' dir='ltr'>conualescant,</span> <span class='ocrx_word' id='word_1_183' title='bbox 1500 1846 1576 1885; x_wconf 78' lang='lat' dir='ltr'>vel</span> <span class='ocrx_word' id='word_1_184' title='bbox 1610 1845 1657 1885; x_wconf 90' lang='lat' dir='ltr'>in</span> <span class='ocrx_word' id='word_1_185' title='bbox 1691 1857 1769 1897; x_wconf 90' lang='lat' dir='ltr'>pa-</span> 
     </span>
     <span class='ocr_line' id='line_1_25' title="bbox 130 1910 1038 1964; baseline 0.003 -14"><span class='ocrx_word' id='word_1_186' title='bbox 130 1910 269 1951; x_wconf 87' lang='lat' dir='ltr'>triam</span> <span class='ocrx_word' id='word_1_187' title='bbox 290 1912 541 1951; x_wconf 87' lang='lat' dir='ltr'>coelestem</span> <span class='ocrx_word' id='word_1_188' title='bbox 562 1912 926 1964; x_wconf 81' lang='lat' dir='ltr'>transmigrent,</span> <span class='ocrx_word' id='word_1_189' title='bbox 950 1919 1038 1954; x_wconf 89' lang='lat' dir='ltr'>etc.</span> 
     </span>
    </p>
   </div>
  </div>
 </body>
</html>
