2080 3392
852 212 934 249 Ax.
967 213 1057 250 1554
1705 211 1776 250 667

204 908 465 946 Theodorus
486 909 695 946 Peltanus

250 974 372 1012 Patri
391 973 561 1022 Ignatio
582 974 635 1012 de
655 975 841 1022 Loyola.

296 1040 503 1088 Neapoli,
526 1040 548 1077 6
569 1039 672 1088 Maji
694 1040 783 1078 1554
803 1040 828 1078 ¹.

907 1263 1005 1339 Πῒιε

209 1526 374 1566 Gratia
395 1533 439 1565 et
462 1538 577 1577 pax,
603 1534 690 1566 etc.

208 1596 307 1637 R.de
338 1597 384 1637 in
414 1596 496 1637 X.⁰
528 1597 601 1637 P.r
626 1610 634 1637 1
672 1597 861 1637 Evoluti
887 1596 1101 1648 proxime
1129 1596 1486 1648 quadrimestris
1513 1602 1647 1647 gesta
1674 1596 1773 1636 bre—

130 1656 324 1708 vissimo
345 1674 553 1709 tractatu
573 1668 949 1720 perstringimus.

207 1739 299 1780 Res
319 1740 551 1780 litteraria
571 1740 709 1790 nihil,
735 1739 860 1792 quod
881 1739 1098 1791 equidem
1128 1739 1289 1789 sciam,
1316 1738 1587 1779 mutationis
1608 1739 1774 1779 sortita

127 1816 217 1860 est,
243 1811 332 1851 nisi
352 1810 552 1852 forsitan
582 1811 826 1852 fatendum
847 1811 907 1851 sit
936 1822 1039 1861 eos,
1063 1810 1143 1862 qui
1174 1809 1389 1861 audiunt,
1422 1821 1564 1861 quam
1593 1809 1774 1861 pridem

128 1894 153 1921 a
174 1882 303 1923 feriis
324 1883 626 1934 paschalibus
648 1883 991 1934 frequentiores
1011 1882 1214 1922 Venisse.

206 1954 397 1995 Fratres
432 1955 592 1995 valent
621 1960 665 1994 et
696 1966 782 2006 pro
820 1965 868 1994 se
903 1954 1098 2006 quisque
1132 1952 1374 2005 Spartam,
1407 1964 1545 2004 quam
1581 1953 1774 1993 sortitus

127 2032 216 2074 est,
240 2026 401 2067 sedulo
424 2025 624 2066 adornat
644 2024 672 2066 ².

208 2098 309 2138 Hac
344 2097 710 2149 quadragesima
741 2103 839 2137 tum
868 2096 994 2137 domi
1021 2103 1120 2137 tum
1148 2096 1264 2136 foris
1300 2096 1551 2136 conciones
1586 2096 1774 2136 habitae

127 2176 234 2209 sunt
255 2169 629 2220 quamplurimae
651 2174 696 2208 et
719 2168 862 2208 etiam
892 2180 1017 2208 nunc
1048 2167 1296 2208 habentur.
1328 2167 1591 2207 Enarratur
1622 2175 1667 2207 et
1697 2166 1773 2207 do-

128 2241 279 2281 ctrina
307 2240 564 2280 christiana
595 2246 645 2280 ut
674 2240 820 2292 prius.
855 2239 1142 2280 Confitentes
1169 2245 1214 2279 et
1244 2239 1647 2279 communicantes
1678 2250 1773 2278 cre-

127 2312 307 2352 briores
330 2323 469 2363 quam
492 2311 692 2352 antehac
714 2323 920 2363 unquam
940 2311 1085 2351 fuere.
1113 2310 1277 2350 Plures
1297 2311 1540 2361 utriusque
1562 2321 1704 2350 sexus
1726 2310 1772 2349 in

129 2382 360 2434 spirituali
379 2383 616 2434 palaestra
638 2382 836 2422 exerciti
856 2388 986 2433 sunt,
1011 2393 1211 2434 quorum
1231 2388 1327 2421 tres
1348 2380 1572 2422 Societati
1602 2392 1773 2421 nomen

135 2454 382 2503 dederunt;
407 2460 604 2506 quartus
626 2453 760 2494 alteri
781 2453 998 2505 religioni
1019 2465 1069 2493 se
1091 2452 1304 2493 adiunxit
1326 2451 1354 2492 ⁵.

209 2524 371 2566 Studio
406 2524 600 2565 Patrum
635 2530 904 2565 nostrorum
938 2525 1058 2565 duae
1093 2536 1143 2564 se
1179 2524 1429 2565 societates
1463 2524 1510 2564 in
1539 2523 1629 2564 hac
1662 2524 1774 2564 urbe

182 2711 193 2731 ¹
233 2710 481 2745 Autographae
498 2711 530 2737 in
546 2710 625 2737 folio
640 2710 776 2744 duplici,
793 2718 825 2736 n.
842 2710 1047 2737 iau—Plura
1063 2710 1094 2737 in
1111 2709 1152 2736 iis
1167 2710 1285 2743 ignota
1300 2709 1468 2743 quaedam
1483 2717 1602 2737 manus
1617 2709 1774 2736 emenda·

132 2759 192 2792 vit,
209 2766 352 2793 quorum
366 2766 426 2785 nos
440 2758 628 2792 praecipua
642 2757 685 2784 ad
701 2757 848 2792 paginae
861 2759 991 2785 calcem
1005 2765 1242 2792 supponemus.

182 2807 195 2826 Ξ
233 2806 321 2834 Vide
336 2813 452 2840 supra,
468 2813 546 2840 pag.
562 2806 625 2833 2195.

180 2854 194 2873 ·'·
232 2854 352 2881 Plures
368 2855 400 2881 in
417 2853 625 2881 Societatem
640 2853 703 2880 hoc
725 2860 814 2880 anno
835 2853 977 2887 Neapoli
1000 2854 1167 2880 admissos
1191 2858 1359 2880 memorat
1383 2853 1559 2880 POLANcus
1580 2853 1613 2880 in
1635 2852 1776 2879 Chroni-

129 2906 211 2936 c0‚t.
226 2909 271 2936 1v;
286 2902 345 2928 sed
360 2909 477 2929 eorum
492 2901 578 2928 alios
591 2900 780 2929 Februario
795 2908 909 2928 mense
923 2901 1067 2928 Romam
1081 2902 1202 2929 missos
1218 2902 1267 2929 ait
1280 2903 1374 2935 (quos
1389 2905 1535 2928 noverat
1548 2901 1619 2935 jam
1630 2900 1663 2928 S.
1676 2900 1774 2935 Igna-

129 2950 212 2984 tiuS,
227 2950 306 2977 dum
319 2950 384 2977 hae
400 2950 537 2976 litterae
553 2950 820 2983 exarabantur),
837 2949 922 2976 alios
943 2949 1134 2984 Septembri
1156 2950 1282 2984 partim
1307 2949 1466 2983 Romam,
1488 2950 1616 2984 partim
1637 2950 1668 2977 in
1691 2948 1774 2976 Siei-

128 2997 219 3024 liam:
233 3005 339 3031 quare
356 3005 395 3024 ne
412 2997 636 3032 conjectando
652 2997 786 3030 quidem
804 2997 916 3024 dicere
934 2998 1087 3024 valemus
1103 2998 1240 3032 quinam
1256 2997 1290 3024 hi
1302 2998 1380 3031 sint,
1396 3005 1537 3032 quorum
1552 2997 1606 3024 hie
1621 2997 1773 3024 meminit

129 3044 303 3072 Peltanus.
1409 3048 1413 3051 *
