2080 3392
343 190 410 227 130
846 191 1072 242 LITTERAE
1100 201 1462 233 QUADRmfflsrREs

341 287 523 338 doctor,
554 288 629 327 vir
660 288 818 338 magni
846 286 1046 326 nominis
1068 293 1111 326 et
1140 287 1381 326 doctrinae
1404 287 1677 338 praeclarae
1708 287 1895 328 Patrem
1922 289 1969 328 in·

339 358 674 398 confessarium
702 358 787 397 sibi
823 357 1001 408 optavit
1035 369 1174 408 seque
1202 357 1410 397 vicissim
1444 357 1631 397 Patrem
1664 364 1853 398 nostrae
1889 357 1968 398 So-

338 429 518 468 cietatis
546 440 596 468 re
624 429 724 479 ipsa
754 427 960 477 exhibet,
993 439 1256 479 magnoque
1288 440 1346 467 ex
1372 427 1545 467 intimis
1574 429 1863 479 praecordiis
1893 429 1967 468 de>

338 498 506 538 siderio
528 510 602 538 res
629 504 815 538 nostras
842 510 1120 549 promovere
1141 498 1327 548 satagit.
1353 497 1455 538 Hoc
1477 498 1688 538 adiutore
1715 510 1969 550 numquam

336 581 410 609 res
431 575 619 609 nostrae
641 580 746 609 cum
766 569 998 620 Episcopo
1028 568 1294 609 Coloniensi
1315 569 1502 608 meliore
1525 569 1571 608 in
1592 569 1694 608 loco
1717 569 1860 609 fuere.
1882 570 1965 609 Est

336 640 459 680 enim
490 640 721 691 Episcopo
753 640 810 679 ab
840 640 1015 680 intimis
1046 640 1251 680 consiliis
1284 638 1317 689 ¹;
1354 639 1429 679 hic
1466 650 1570 678 cum
1599 641 1831 679 nonnullis
1867 640 1968 679 aliis

334 710 447 750 viris
463 711 667 762 egregiis
684 722 875 750 causam
896 716 1106 750 nostram
1121 711 1167 750 in
1185 722 1233 749 se
1251 710 1506 755 transtulit:
1527 721 1692 750 verum
1709 710 1764 749 de
1782 711 1852 749 his
1869 711 1966 762 ipse

333 781 382 821 P.
406 782 545 821 latius
566 781 618 821 T.
641 781 695 821 R.
715 781 1062 832 perscripturus
1085 787 1168 820 est.

411 852 646 892 Innumeri
679 852 920 903 utriusque
955 863 1096 891 sexus
1122 851 1333 891 homines
1362 852 1661 891 vehementer
1693 851 1960 891 desiderant

332 923 380 962 P.
404 923 702 963 Leonardum
719 922 1068 972 confessarium,
1088 923 1127 962 si
1145 922 1335 962 daretur
1352 922 1692 973 opportunitas.
1717 922 1962 973 Templum

332 994 454 1033 enim
481 999 671 1033 nostrae
696 993 949 1044 parochiae
970 993 1123 1033 rarius
1153 998 1295 1044 patet,
1322 993 1516 1044 proinde
1537 993 1695 1043 vicini,
1723 999 1964 1032 matronae

332 1065 524 1115 nobiles,
549 1070 593 1104 et
614 1064 832 1104 doctores
852 1064 1104 1103 sollicitant
1126 1070 1173 1103 ut
1190 1064 1236 1103 in
1258 1075 1437 1103 summo
1454 1064 1624 1115 templo
1642 1063 1960 1103 confessarius

335 1134 555 1175 succedat
577 1135 791 1174 inlocum
810 1135 1076 1186 nuperrime
1094 1134 1338 1184 demortui,
1358 1142 1407 1174 ut
1423 1135 1520 1186 ipse
1537 1133 1675 1174 Pater
1691 1134 1810 1174 forte
1826 1135 1965 1174 latius

334 1206 385 1246 T.
409 1206 459 1246 P.
489 1205 714 1245 edocebit.
746 1205 896 1245 Pestis
917 1205 992 1245 hic
1016 1205 1237 1245 Coloniae
1266 1212 1483 1256 coeperat
1506 1205 1732 1256 grassari,
1769 1205 1850 1244 sed
1870 1205 1964 1244 iam

334 1277 489 1317 mitius
512 1289 613 1317 sese
634 1277 768 1327 gerit.
790 1276 1055 1316 Dolendum
1076 1277 1271 1316 multum
1292 1277 1413 1327 quod
1432 1276 1596 1326 religio
1621 1277 1667 1316 in
1688 1281 1852 1316 sancta
1873 1275 1963 1315 hac

334 1348 446 1388 urbe
464 1353 508 1387 et
519 1347 707 1399 pietatis
727 1347 962 1398 quondam
981 1359 1088 1386 arce
1105 1353 1285 1387 tantum
1301 1346 1471 1398 frigeat
1487 1353 1531 1387 et
1544 1348 1590 1387 in
1607 1347 1705 1387 dies
1721 1346 1872 1397 magis
1890 1347 1968 1386 de-

333 1419 472 1459 ficiat.
497 1418 664 1459 Omnia
681 1418 756 1458 hic
778 1424 822 1458 et
841 1429 1054 1458 annonae
1076 1418 1270 1457 caritate
1288 1424 1333 1457 et
1353 1418 1460 1457 belli
1475 1418 1675 1458 miseriis
1692 1417 1961 1468 perturban-

334 1497 421 1530 tur.
448 1489 498 1529 In
516 1489 724 1529 futuram
744 1494 971 1528 aestatem
992 1499 1223 1528 novorum
1242 1489 1467 1528 bellorum
1484 1489 1636 1528 minae
1658 1488 1960 1527 intentantur.

335 1561 406 1601 Oh
427 1560 658 1600 infelicem
680 1560 1005 1600 Germaniam!
1031 1552 1110 1599 Oh'
1126 1560 1286 1610 quanti
1307 1559 1389 1599 tibi
1411 1565 1595 1599 constat
1623 1559 1734 1598 vani
1762 1558 1963 1598 hominis

334 1643 558 1683 perversa
588 1631 821 1671 doctrina!
854 1630 1078 1670 Homines
1107 1637 1285 1680 tamen,
1315 1631 1432 1682 proh
1459 1630 1630 1681 pudor!
1659 1630 1801 1669 tantis
1827 1630 1962 1669 malis

336 1716 425 1743 non
448 1704 718 1753 mitigantur
746 1702 827 1742 sed
855 1702 1007 1752 magis
1035 1713 1117 1742 ceu
1146 1702 1393 1741 durissima
1422 1713 1538 1741 saxa
1570 1702 1860 1741 indurantur.
1894 1701 1965 1741 Oh

334 1781 525 1825 pectora
547 1773 872 1813 adamantina!
898 1772 970 1813 Oh
991 1784 1159 1812 caecos
1177 1774 1353 1822 oculos,
1378 1784 1494 1824 quos
1516 1778 1672 1812 tantae
1692 1772 1966 1812 afflictiones

335 1857 426 1885 non
449 1845 680 1896 aperiunt!

414 1915 547 1955 Nunc
564 1921 719 1954 autem
736 1914 795 1954 ad
813 1926 887 1954 res
901 1914 1182 1954 domesticas
1197 1914 1347 1953 venio.
1363 1913 1593 1953 Numerus
1604 1913 1802 1953 fratrum
1817 1914 1875 1954 ad
1887 1925 1963 1953 nu-

337 1998 514 2026 merum
536 1986 793 2026 ternarium
815 1985 1043 2025 adauctus
1074 1991 1143 2025 est
1174 1985 1301 2024 hisce
1323 1985 1571 2035 mensibus,
1601 1997 1694 2024 non
1715 1985 1814 2024 sine
1835 1996 1964 2036 prae—

336 2058 466 2108 sagio
494 2058 748 2096 multorum
783 2056 1032 2096 bonorum:
1071 2055 1299 2106 siquidem
1326 2056 1399 2095 hic
1428 2067 1648 2095 numerus
1683 2056 1965 2096 sacerrimus

335 2129 381 2167 in
401 2127 656 2179 Scripturis
677 2127 897 2177 habetur3
921 2127 999 2178 qui
1022 2134 1209 2176 omneS‚‘
1228 2127 1423 2177 quisque
1441 2126 1488 2165 in
1509 2127 1604 2166 suis
1623 2126 1786 2166 studiis
1803 2126 1961 2177 gnavi-

337 2207 406 2238 ter
439 2204 640 2250 pergunt
669 2198 784 2237 adeo
815 2204 863 2237 ut
891 2209 978 2247 me,
1010 2197 1363 2247 frigidissimum
1399 2197 1570 2248 alioqui
1595 2197 1842 2247 hominem,
1879 2208 1962 2236 suo

337 2269 536 2310 fervoris
558 2270 665 2320 igne
693 2269 888 2309 multum
909 2268 1209 2307 inflamment.
1243 2266 1416 2307 Sancta
1438 2268 1667 2319 quaedam
1697 2280 1783 2307 nec
1811 2269 1963 2307 minus

337 2340 539 2381 iucunda
574 2340 699 2379 lucta
730 2350 870 2390 saepe
895 2339 1046 2390 pascit
1072 2339 1231 2378 oculos
1260 2349 1402 2388 meos,
1428 2338 1536 2378 dum
1556 2349 1703 2388 grave
1726 2343 1962 2377 certamen

338 2412 484 2452 oritur
501 2423 584 2463 pro
603 2410 818 2450 lavandis
834 2409 1039 2449 scutellis
1055 2416 1099 2448 et
1117 2409 1219 2448 aliis
1236 2408 1587 2449 sordidiusculis
1603 2409 1832 2460 operibus,
1853 2409 1962 2448 dum

338 2483 412 2522 hic
434 2482 592 2522 furtim
614 2481 748 2521 alteri
777 2491 943 2520 munus
969 2480 1208 2530 praeripit.
1240 2479 1378 2519 Tanti
1405 2480 1599 2531 quisque
1624 2479 1737 2519 facit
1771 2479 1961 2519 humilia

337 2565 557 2593 exercere
592 2552 742 2592 officia
778 2551 971 2601 aliisque
999 2551 1248 2600 inservire;
1284 2562 1368 2590 nec
1403 2551 1656 2600 immerito;
1686 2561 1961 2601 persuasum

337 2625 459 2664 enim
480 2624 652 2663 habent
674 2622 780 2662 inde
803 2622 1015 2662 excelsas
1035 2621 1217 2671 gratiae
1240 2621 1426 2661 divitias
1446 2633 1740 2672 promanare.

416 2694 640 2744 Obsecro,
665 2693 727 2734 mi
748 2692 902 2743 Pater,
933 2692 1071 2732 liceat
1092 2703 1172 2742 per
1196 2698 1322 2731 tuam
1343 2698 1587 2743 paternam
1616 2692 1837 2743 pietatem
1872 2691 1960 2730 fra·

336 2773 456 2805 trum
478 2764 823 2805 Coloniensium
840 2773 1082 2802 commune
1100 2763 1424 2802 munusculum
1440 2762 1660 2802 fratribus
1677 2762 1773 2801 suis
1793 2761 1959 2801 Roma-

386 2948 396 2966 ¹
435 2946 645 2973 Conveniunt
661 2949 784 2972 cuncta
805 2946 888 2972 haec
911 2945 981 2972 Dri.
1006 2945 1089 2972 Dno.
1105 2944 1224 2978 Joanni
1243 2945 1430 2980 Groppero,
1462 2947 1500 2972 de
1523 2954 1586 2980 quo
1601 2946 1782 2973 videndum
1807 2945 1958 2971 Pomm

335 2994 467 3026 Chron„
482 2993 687 3027 praesertim
703 2997 726 3020 t.
743 3000 776 3019 11.
