2080 3392
813 188 896 225 AN.
926 188 1018 225 1553
1668 190 1736 228 195

834 641 977 695 CCV

162 870 209 908 P.
232 869 454 908 Oliverius
474 870 714 907 Manareus

207 935 329 973 Patri
347 935 518 982 Ignatio
539 935 591 972 de
610 935 794 982 Loyola.

252 1000 470 1046 Eugubio,
491 1000 537 1038 28
555 1000 787 1038 Februarii
811 1000 902 1037 1553
922 1000 948 1036 ¹.

152 1362 166 1380 D

167 1424 332 1465 Gratia
353 1431 397 1464 et
418 1435 513 1476 pax
533 1423 724 1464 Domini
744 1422 842 1463 Nri.
865 1424 975 1476 Jesu
1002 1423 1077 1464 X.i
1108 1424 1312 1465 abundet
1340 1436 1524 1477 semper
1556 1426 1601 1466 in
1632 1438 1730 1466 cor-

87 1496 222 1537 dibus
244 1496 432 1536 nostris.
457 1495 624 1536 Amen.

166 1567 293 1619 Quos
315 1567 565 1607 infecundo
594 1567 926 1618 quadrimestri
955 1568 1115 1618 elapso
1142 1574 1304 1608 nostra
1332 1568 1406 1608 hic
1436 1568 1482 1608 in
1509 1568 1594 1608 X.0
1621 1569 1733 1622 Jesu

87 1639 304 1679 oboriens
321 1637 535 1679 Societas
550 1638 702 1678 foetus
719 1639 970 1690 protulerit
1000 1638 1236 1690 (exigente
1264 1639 1548 1689 obedientia)
1572 1652 1732 1681 narra-

85 1719 231 1762 turus,
250 1709 304 1750 R.
320 1709 387 1760 R,
407 1710 653 1750 bimembri
673 1709 902 1750 divisione
919 1710 1124 1761 suscepti
1141 1711 1350 1750 muneris
1368 1722 1566 1762 pensum
1583 1712 1731 1752 absol-

87 1793 262 1822 vemus.
288 1781 495 1822 Primum
516 1781 767 1821 familiaria
789 1787 928 1833 atque
951 1781 1253 1831 scholastica,
1280 1782 1447 1822 deinde
1469 1783 1731 1834 spiritualia

86 1854 268 1894 sincero
289 1864 447 1893 rerum
467 1858 710 1904 gestarum
740 1852 920 1892 ordinis
951 1859 1140 1893 servato
1168 1864 1422 1904 progressu
1451 1865 1730 1895 commemo-

86 1925 249 1965 raturi.

164 1995 318 2036 Datus
354 1996 490 2036 nobis
518 2007 545 2035 a
565 1995 698 2036 Rmo.
731 1995 973 2036 Cardinali
994 1995 1051 2036 de
1073 1995 1161 2036 §.ta
1181 1994 1228 2042 >F
1252 2007 1410 2036 comes
1432 1996 1614 2037 itineris
1635 2009 1731 2038 cre-

85 2067 180 2108 bris
208 2067 540 2118 frugiferisque
570 2066 724 2107 Patris
756 2078 811 2107 ac
841 2066 1041 2107 fratrum
1066 2073 1335 2108 nostrorum
1356 2069 1650 2108 sermonibus
1671 2068 1731 2108 ad

86 2146 390 2179 sacrosancta
418 2138 726 2178 confessionis
761 2138 1169 2190 eucharistiaeque
1200 2146 1520 2189 sacramenta,
1550 2140 1732 2190 gravis-

86 2210 311 2250 simarum
333 2218 460 2250 certe
483 2210 540 2250 ab
568 2210 659 2249 alio
688 2209 891 2261 quodam
921 2209 968 2249 in
997 2209 1163 2250 itinere
1190 2210 1428 2250 illatarum
1455 2210 1733 2262 inJ‘uriarum

86 2282 349 2333 immemor,
375 2281 581 2321 animum
599 2281 789 2321 tandem
810 2281 1071 2321 inclinavit.
1094 2280 1284 2332 Quanta
1306 2293 1419 2322 cura
1443 2288 1486 2322 et
1513 2282 1731 2322 sollicitu-

86 2353 191 2393 dine
212 2359 439 2403 nostrum,
465 2353 557 2393 imo
585 2364 735 2404 suum,
769 2353 955 2393 curavit
982 2353 1240 2403 negotium,
1274 2359 1318 2393 et
1345 2353 1391 2393 in
1419 2353 1586 2394 itinere
1616 2359 1660 2393 et
1685 2354 1731 2393 in

85 2425 204 2465 urbe
220 2424 309 2464 hac
332 2424 610 2474 CardinaliS‚
641 2435 724 2475 per
747 2435 858 2464 suos
879 2429 1232 2475 procuratores,
1264 2424 1462 2465 reticere
1493 2436 1633 2475 quam
1654 2436 1730 2475 pa-

85 2506 187 2535 rum
210 2496 364 2536 dicere
387 2495 506 2535 duco
528 2496 689 2535 satius.
719 2494 917 2535 Duobus
939 2495 1049 2535 totis
1072 2495 1232 2535 diebus
1262 2496 1309 2535 in
1337 2495 1546 2546 ejusdem
1573 2495 1726 2535 Abba-

85 2567 165 2618 tia‚
191 2567 247 2607 ab
282 2566 497 2618 Eugubio
532 2566 682 2606 tribus
719 2577 944 2618 passuum
980 2566 1183 2606 millibus
1223 2566 1425 2606 distante
1463 2565 1491 2616 ²,
1530 2566 1734 2617 peractis

88 2638 324 2690 (quamdiu
344 2638 564 2688 nimirum
586 2638 857 2678 necessaria
878 2638 1154 2689 supellectili
1176 2638 1313 2678 nobis
1337 2638 1732 2678 concinnarentur

90 2710 332 2760 cubicula),
366 2709 632 2760 Eugubium
666 2710 990 2761 pervenimus,
1026 2716 1248 2761 rectaque
1271 2709 1331 2749 ad
1365 2709 1505 2750 aedes
1539 2709 1731 2750 Domini

88 2780 132 2819 V
135 2781 270 2821 icarii
292 2780 605 2831 deflectentes,
625 2791 731 2820 eum
752 2780 1078 2820 salutavimus.
1099 2781 1178 2820 Ille
1200 2792 1313 2820 vero
1331 2786 1438 2820 ante
1456 2781 1612 2821 omnia
1630 2792 1735 2821 esse

140 2915 150 2935 ¹
190 2914 305 2950 Epist.
325 2916 525 2949 Quadrima,
546 2916 747 2943 1553-1554.
773 2916 1038 2950 Autographum
1062 2917 1096 2943 in
1114 2916 1239 2950 duplici
1260 2916 1316 2943 fol.
1341 2917 1402 2944 sub
1428 2924 1480 2944 nn.
1506 2917 1540 2944 32
1567 2922 1599 2945 ct
1624 2918 1669 2945 35.
1696 2917 1735 2944 In

86 2962 203 2990 eodem
216 2964 296 2997 vol.,
313 2964 345 2991 in
361 2964 486 2998 duplici
502 2965 557 2991 fol.
572 2965 632 2991 sub
647 2971 701 2990 nn.
716 2964 749 2990 27
765 2968 797 2990 et
815 2963 849 2990 29
864 2964 956 2997 (sic),
971 2968 1022 2991 est
1039 2964 1110 2998 ejus
1126 2967 1379 2998 transumptum
1396 2966 1553 2999 exempla
1564 2972 1593 2991 r.

139 3010 152 3029 Ξ
189 3010 276 3038 Vide
291 3011 461 3045 POLANCO,
477 3012 680 3043 Clzronz‘con,
695 3014 718 3037 t.
734 3017 768 3044 11,
787 3018 866 3045 pag.
885 3011 943 3045 170,
960 3019 990 3038 n.
1009 3011 1053 3038 14.
