2080 3392
879 164 963 202 AN.
996 163 1089 202 1553
1739 163 1809 200 317

842 618 1134 672 CCXXVI

233 704 528 742 Maximianus

280 770 402 807 Patri
421 770 592 818 ignatio
611 770 664 807 de
684 770 873 818 Loyola.

326 835 488 874 Sancto
508 836 656 874 Felice
676 835 777 883 (San
799 835 940 882 Fins)‚
960 836 1004 872 21
1025 834 1130 882 Maji
1151 834 1243 873 1553
1262 835 1287 870 ¹.

895 1063 1075 1153 Jssgos

245 1330 384 1371 Pater
406 1332 453 1371 in
476 1331 665 1372 Christo
687 1332 814 1385 Jesu.

244 1401 343 1442 Pax
366 1402 556 1443 Christi.

241 1473 412 1514 Noster
432 1474 739 1525 provincialis
766 1474 905 1515 Pater
933 1487 991 1515 ex
1013 1481 1120 1515 tuae
1141 1473 1266 1514 R.dae
1290 1472 1592 1514 Paternitatis
1621 1484 1808 1524 praece-

160 1549 240 1595 pto
261 1544 376 1584 mihi
395 1545 598 1585 iniunxit
619 1551 668 1585 ut
689 1557 772 1597 per
793 1545 954 1586 literas
977 1552 1021 1586 te
1044 1546 1099 1586 de
1122 1546 1200 1596 iis,
1226 1557 1345 1597 quae
1376 1544 1501 1596 apud
1528 1555 1615 1584 nos
1642 1555 1811 1595 gerun—

161 1621 251 1666 tur,
281 1615 487 1656 facerem
515 1617 780 1657 certiorem.
811 1616 901 1668 Qui
931 1617 1007 1657 hic
1039 1617 1265 1665 vivimus,
1300 1627 1499 1668 quorum
1526 1615 1700 1667 partim
1728 1614 1811 1654 Pa-

161 1692 278 1737 tres,
302 1688 474 1738 partim
496 1699 608 1727 vero
630 1688 821 1739 fratres,
848 1700 1009 1728 omnes
1031 1687 1250 1728 undecim
1272 1698 1434 1727 sumus
1465 1697 1675 1726 numero.
1703 1685 1811 1726 Pro-

161 1758 288 1798 xima
315 1759 694 1810 quadragesima,
718 1761 765 1800 in
786 1760 978 1800 aedibus
1005 1759 1154 1800 sacris
1184 1758 1510 1799 adiacentibus
1542 1757 1812 1809 pertinenti—

161 1830 338 1882 busque
374 1830 432 1870 ad
468 1831 557 1871 hoc
591 1831 688 1871 divi
721 1831 893 1871 Felicis
929 1831 1234 1881 coenobium,
1273 1830 1522 1870 habuimus
1558 1829 1811 1869 conciones

159 1913 299 1952 quam
311 1903 552 1953 plurimas,
573 1915 693 1954 quae
711 1902 958 1943 dominicis
974 1902 1197 1954 festisque
1214 1901 1376 1942 diebus
1392 1913 1529 1941 mane
1546 1901 1606 1941 ad
1619 1913 1808 1941 sacrum

160 1972 476 2025 habebantur;
501 1975 687 2026 Vesperi
710 1986 822 2014 vero
846 1985 1063 2014 sermone
1310 1972 1323 1990 ²
1355 1973 1645 2013 docebantur
1680 1973 1814 2024 pueri

159 2055 305 2095 usque
327 2045 561 2085 interdum
582 2046 805 2097 templum
826 2046 1106 2085 verrebatur
1127 2044 1539 2095 mundabaturque
1562 2042 1590 2083 ⁵.

238 2115 289 2155 In
311 2116 538 2167 omnibus,
560 2116 660 2156 Deo
681 2116 886 2166 favente,
907 2127 1119 2157 summus
1141 2115 1339 2156 affectus
1361 2114 1606 2155 audiendis
1625 2115 1810 2154 concio-

160 2186 296 2226 nibus
317 2189 597 2238 apparebat,
622 2189 702 2240 qui
732 2195 897 2240 sponte
924 2199 1009 2228 sua
1037 2188 1317 2228 dictitabant
1345 2198 1394 2226 se
1423 2198 1482 2226 ex
1510 2198 1564 2226 eo
1595 2193 1806 2237 tempore

162 2257 447 2298 christianos
465 2271 567 2299 esse
585 2260 860 2311 incoepisse,
883 2271 974 2311 quo
992 2259 1220 2299 ecclesiae
1242 2258 1330 2298 hae
1350 2258 1396 2297 in
1414 2256 1662 2298 Societatis
1683 2264 1810 2309 pote-

159 2334 329 2368 statem
351 2338 598 2370 venerunt.
621 2330 765 2370 Iidem
787 2330 1020 2370 affirmant
1041 2330 1286 2381 regionem
1307 2328 1430 2368 hanc
1452 2340 1479 2368 a
1501 2329 1626 2368 vitiis
1648 2328 1812 2368 libera-

161 2404 280 2450 tam,
319 2411 438 2451 quae
473 2401 520 2440 in
554 2401 642 2441 hoc
678 2401 915 2441 territorio
943 2407 1079 2441 erant
1113 2399 1128 2419 4
1157 2401 1439 2450 iuramenta,
1473 2399 1810 2450 blasphemiae,

162 2472 375 2522 exemplo
397 2471 704 2523 doctrinaque
725 2478 1016 2519 nostrorum,
1039 2483 1122 2524 per
1152 2482 1270 2523 quos
1302 2471 1444 2511 etiam
1472 2469 1706 2510 Dominus
1735 2471 1815 2510 ali-

162 2553 277 2593 quos
305 2553 410 2582 cum
431 2542 632 2583 inimicis
655 2543 701 2583 in
722 2543 928 2594 gratiam
949 2543 1101 2583 redire
1129 2542 1239 2582 fecit
1267 2548 1312 2581 et
1334 2542 1562 2593 imprimis
1585 2541 1814 2593 quosdam

296 2666 316 2696 C

215 2705 224 2724 ¹
266 2704 515 2739 Autographae
530 2704 669 2731 litterae
685 2707 780 2731 totae
795 2711 897 2730 manu
908 2703 1106 2731 Maximiani
1120 2703 1227 2737 (eujus
1240 2709 1430 2736 cognomen
1445 2701 1617 2736 hucusque
1634 2702 1800 2736 ignotum)

159 2752 192 2778 in
208 2751 286 2778 folio
301 2752 410 2785 unico,
427 2760 457 2779 n.
473 2751 613 2779 523.—1n
627 2751 667 2779 iis
682 2751 850 2786 quaedam
872 2751 1015 2785 delevit,
1033 2751 1201 2786 quaedam
1216 2758 1270 2777 mu
1280 2750 1369 2777 tavit
1388 2749 1567 2783 Polancus,
1583 2757 1670 2784 quae
1685 2757 1745 2777 nos
1764 2750 1807 2777 ad

160 2799 306 2834 paginae
323 2801 452 2827 calcem
468 2800 666 2826 referemus.

213 2846 226 2865 ²
266 2847 400 2874 Attrita
415 2851 448 2874 et
465 2847 618 2874 lacerata
635 2847 768 2880 charta,
787 2846 1005 2874 desideratur
1020 2853 1122 2873 unum
1139 2846 1293 2872 verbum.

213 2895 226 2914 3
264 2895 350 2922 Huic
371 2895 563 2921 sententiae
579 2901 689 2928 nsque
706 2895 888 2922 interdum
912 2894 1087 2928 templum
1109 2894 1324 2920 verrebatur
1350 2891 1664 2925 mundabaturque
1689 2892 1814 2918 substi-

159 2943 225 2969 tuit
242 2942 408 2969 Polaticus
423 2943 522 2969 hanc:
538 2950 628 2976 quae
644 2942 690 2969 ad
705 2942 946 2969 christianam
962 2942 1225 2968 inslituttonetn
1241 2940 1438 2974 pertinent.

217 2990 232 3010 4
270 2997 358 3024 quae:
374 2992 410 3017 in
427 2998 467 3017 ea
484 2991 625 3023 regione
642 2991 858 3024 regnabant,·
875 2997 915 3017 ea
934 2991 1048 3016 erant.
1066 2989 1244 3016 PolancuS.
