2080 3392
332 163 405 199 118
844 166 1070 203 L1TTERAE
1097 178 1453 209 QUADIMMEsTREs

332 259 493 300 stifera
514 261 602 312 lue,
626 262 832 312 profiteri
854 263 899 302 in
921 263 1081 303 schola
1102 275 1221 303 nova
1248 266 1395 305 nostri
1421 267 1604 317 publice
1630 275 1836 318 possent.
1865 270 1962 311 Nec

333 329 501 371 desunt
523 332 662 372 etiam
681 344 825 381 nunc,
850 333 928 383 qui
949 344 1058 373 suos
1074 334 1208 374 nobis
1233 335 1402 376 liberos
1429 337 1737 379 instituendos
1766 340 1963 381 offerant

334 407 474 452 atque
504 403 848 453 commendent,
872 409 921 442 ut
941 404 1049 444 hinc
1070 405 1163 444 iam
1184 405 1242 445 ad
1263 417 1348 446 nos
1374 407 1534 447 venire
1566 411 1801 461 coeperint
1830 412 1962 462 pueri

334 483 389 510 ac
411 471 653 512 nobiscum
675 484 787 512 sane
814 480 1003 514 manent
1032 476 1325 526 perlibenter.
1355 476 1473 517 Nam
1503 484 1547 518 et
1576 479 1752 530 iniussi,
1776 493 1883 521 cum
1903 494 1962 522 ex

334 554 462 582 more
482 554 729 594 precamur
751 544 835 584 sub
856 545 1095 585 meridiem
1126 546 1210 597 (ter
1232 547 1355 587 enim
1381 549 1584 599 quotidie
1615 551 1675 590 ad
1702 552 1960 592 orationem

333 613 638 653 convenimus
654 625 815 654 omnes
835 622 885 655 ut
905 621 1000 656 tam
1029 617 1173 657 multa
1195 623 1238 657 et
1259 618 1360 658 dira
1382 619 1489 659 irati
1509 619 1599 660 Dei
1617 621 1817 673 flagella,
1841 635 1960 674 quae

334 683 697 735 circumquaque
733 685 1027 738 desaeviunt,
1066 689 1253 728 tandem
1287 679 1472 729 mitiora
1504 690 1660 742 fiant),
1698 693 1866 732 adsunt
1896 694 1960 733 illi

331 755 473 802 ultro,
505 755 800 805 precationes
830 757 956 808 ipsas
986 764 1151 798 curant
1185 760 1516 811 transcribere,
1551 773 1815 815 magnaque
1845 776 1959 815 erga

331 829 519 864 nostros
552 825 696 865 animi
728 827 1039 877 propensione
1070 829 1295 881 feruntur,
1333 836 1381 870 ut
1416 831 1573 871 dicant
1608 833 1747 874 etiarn
1783 846 1832 874 se
1860 834 1959 875 fieri

331 895 449 934 velle
465 894 675 947 Iesuitas;
695 897 783 937 hoc
805 898 927 937 enim
944 899 1129 939 nomine
1147 901 1288 951 vulgo
1310 901 1520 941 dicimur.
1541 902 1787 954 Coepimus
1804 912 1959 945 autem

331 964 593 1006 doctrinam
616 967 718 1006 istis
739 968 1043 1009 christianam
1065 982 1349 1022 proponere,
1374 973 1497 1024 quod
1516 975 1591 1013 vel
1617 962 1819 1015 maxime
1844 977 1957 1016 refe-

328 1042 401 1074 rat
433 1036 703 1078 innocentes
738 1039 823 1078 hos
851 1040 1031 1080 animos
1058 1053 1255 1092 syncere
1282 1043 1445 1083 salutis
1472 1045 1640 1095 pabulo
1668 1046 1881 1098 reficere,
1914 1055 1957 1087 et

330 1106 558 1147 adversus
584 1114 651 1148 tot
673 1108 919 1149 haeresum
940 1117 1108 1161 pestes,
1133 1123 1251 1162 quae
1272 1114 1409 1164 longe
1430 1114 1504 1154 hic
1525 1116 1707 1167 lateque
1738 1128 1954 1167 grassan-

327 1183 417 1227 tur,
442 1180 754 1228 praemunire.
786 1179 876 1220 Sed
902 1180 1039 1220 finem
1066 1183 1299 1223 scribendi
1326 1184 1468 1235 facio,
1500 1185 1829 1239 Christumque
1854 1200 1955 1239 pre-

328 1259 412 1287 cor
433 1249 657 1299 optimum
678 1258 878 1301 max.¹1m,
898 1258 947 1291 ut
968 1253 1091 1303 quod
1111 1265 1195 1303 per
1211 1260 1398 1294 nostros
1418 1256 1493 1296 hic
1510 1258 1676 1308 coepit,
1697 1259 1850 1308 gratia
1872 1271 1953 1299 sua

327 1327 588 1370 conservet,
613 1327 784 1371 augeat
804 1329 1171 1374 promoveatque
1189 1325 1235 1364 in
1255 1326 1455 1375 gloriam
1477 1328 1678 1368 nominis
1698 1330 1770 1369 sui
1791 1331 1953 1381 sempi-

326 1396 525 1437 ternam;
561 1403 650 1442 qua
672 1392 718 1431 in
740 1404 789 1431 re
819 1393 956 1432 valde
975 1405 1060 1433 nos
1082 1396 1351 1442 consolatur
1372 1403 1415 1436 et
1436 1398 1634 1449 animat,
1669 1400 1791 1451 quod
1821 1402 1954 1441 nobis

325 1460 451 1500 haud
473 1461 712 1502 defuturas
733 1470 948 1514 putemus
970 1476 1154 1516 preces,
1178 1478 1273 1506 non
1293 1468 1431 1507 modo
1453 1467 1505 1508 R.
1530 1468 1578 1508 Ρ.
1602 1469 1678 1520 T.‚
1703 1471 1784 1510 sed
1814 1472 1954 1512 etiam

324 1531 522 1571 aliorum
544 1533 750 1573 omnium
779 1533 969 1574 Patrum
991 1547 1045 1575 ac
1067 1535 1279 1588 fratrum,
1309 1540 1702 1589 quemadmodum
1724 1553 1836 1582 sane
1857 1544 1955 1583 tali-

324 1602 409 1646 bus
429 1603 576 1643 nostri
599 1611 737 1654 egent
757 1605 996 1656 subsidiis,
1022 1606 1067 1645 in
1088 1607 1175 1646 hac
1197 1609 1474 1659 praesertim
1496 1610 1777 1652 Germaniae
1799 1625 1954 1654 corru-

322 1673 582 1724 ptissimae,
619 1675 710 1715 imo
744 1676 1109 1727 perditissimae,
1133 1690 1297 1719 messe.
1327 1679 1556 1721 Dominus
1577 1682 1704 1723 Iesus
1732 1695 1837 1724 cum
1866 1684 1954 1725 hoc

320 1755 444 1785 anno
465 1757 589 1785 novo
612 1757 786 1786 novum
806 1747 939 1787 nobis
961 1748 1174 1800 spiritum
1201 1750 1466 1802 ingeneret,
1497 1759 1546 1792 ut
1573 1754 1660 1793 rite
1689 1754 1954 1796 circumcisi

320 1827 460 1855 veros
477 1817 547 1855 sui
568 1818 770 1857 nominis
790 1817 968 1859 fructus
990 1820 1123 1860 nobis
1145 1827 1189 1860 et
1211 1822 1313 1861 aliis
1334 1823 1587 1872 pariamus.

402 1886 614 1926 Viennae
636 1888 708 1927 die
729 1888 847 1928 festo
869 1889 1160 1941 Epiphaniae
1183 1903 1305 1932 anno
1328 1892 1516 1933 Domini
1542 1894 1655 1935 1553.

400 1956 453 1996 R.
478 1956 527 1996 Ρ.
552 1957 603 1997 Τ.
629 1957 749 1998 filius
769 1959 1001 2010 minimus,

1178 2103 1423 2145 MARTINUS
1453 2105 1736 2147 STEVORDlA.

402 2310 511 2351 Alia
533 2323 695 2362 mann,
716 2306 765 2351 'in
786 2324 945 2363 marg.
972 2314 1068 2353 ΛΨ
1086 2315 1336 2366 pagellae:
1358 2317 1591 2369 Viennae,
1615 2320 1728 2370 1553,
1754 2320 1825 2360 die
1847 2321 1952 2372 Epi-

322 2382 488 2431 faniae,
513 2382 578 2422 da
599 2383 694 2422 Ian.

399 2453 461 2492 Et
489 2453 637 2504 paulo
670 2453 905 2503 wlferius:
932 2455 1154 2495 Mandata
1184 2469 1208 2496 a
1238 2456 1462 2510 Spaygna
1493 2472 1575 2511 per
1608 2461 1723 2501 duas
1755 2462 1876 2511 vias,
1908 2470 1952 2502 et

321 2522 588 2574 Portugalo.
