2080 3392
813 184 896 221 AN.
928 185 1021 221 1552
1689 188 1737 224 47

95 281 263 322 nandis
298 281 356 321 ad
391 281 598 321 debitum
627 281 780 332 finem,
810 294 896 322 nec
917 293 1067 333 parvo
1099 292 1206 322 cum
1226 281 1402 332 fructu,
1432 288 1481 321 ut
1511 283 1739 335 intelligo;

96 352 284 404 plurimi
319 352 443 392 enim
477 352 624 392 vitam
652 353 700 392 in
726 353 892 393 melius
927 352 1165 404 corrigere
1196 352 1445 404 incipiunt,
1475 360 1519 392 et
1553 355 1742 406 saepius

97 435 184 463 nos
204 421 518 474 frequentare.
552 423 684 464 Multi
713 424 802 464 hoc
831 435 990 464 mense
1023 423 1224 463 Romam
1252 423 1451 474 profecti
1479 430 1609 474 sunt,
1644 427 1741 477 qui-

98 494 184 534 bus
204 494 365 533 literas
386 494 796 535 commendatitias
816 493 1118 545 tradidimus3
1142 495 1264 534 bona
1293 506 1374 545 spe
1395 494 1593 546 profecti
1616 504 1738 547 sunt,

101 565 147 604 in
177 564 380 604 Domino
417 564 704 605 confidentes
731 566 840 617 quia
867 576 954 605 nos
980 563 1095 604 nihil
1122 565 1236 616 ipsis
1265 565 1629 606 certificavimus
1662 567 1746 616 (de

100 634 397 675 inferioribus
433 635 684 676 Germanis
713 636 921 688 loquor),
955 636 1063 686 quia
1095 635 1284 676 dubium
1319 636 1431 676 illud
1467 636 1619 676 adhuc
1656 649 1741 678 nos

100 712 226 747 tenet
247 718 307 746 an
327 706 574 747 inferiores
594 707 882 759 recipiantur
902 718 1066 747 necne.
1090 706 1139 747 si
1161 708 1283 747 enim
1306 708 1363 747 ab
1385 707 1474 748 hoc
1505 708 1643 748 dubio
1675 721 1743 749 re—

100 777 239 817 soluti
260 789 483 829 essemus,
507 779 696 830 plurimi
717 777 1039 818 adolescentes
1056 779 1349 819 naturalibus
1370 779 1487 819 bene
1511 779 1742 831 dispositi,

100 848 146 888 in
168 849 384 889 ianuario
405 861 600 890 romano
623 850 778 890 itineri
795 861 897 889 sese
918 849 1223 900 accingerent
1248 849 1273 887 ¹.

178 919 372 960 Plurimi
394 921 537 960 etiam
558 921 829 961 sacerdotes
850 920 1060 960 seniores
1082 932 1190 960 cum
1210 920 1470 960 iunioribus
1501 932 1587 961 nos
1615 933 1746 961 acce-

98 990 213 1031 dunt
249 991 556 1042 corrigendae
593 992 719 1031 vitae
753 992 987 1031 rationem
1017 992 1366 1043 quaerentibus.
1397 991 1664 1044 Numquam
1696 993 1745 1032 in

99 1061 302 1103 Domino
325 1069 504 1102 tantam
526 1063 720 1114 concepi
748 1074 878 1113 spem
907 1063 1079 1102 bonam
1106 1063 1162 1102 de
1189 1069 1352 1103 nostra
1380 1063 1576 1103 Colonia
1607 1064 1747 1104 sicuti

99 1134 240 1174 modo
258 1145 266 1185 3
284 1135 433 1174 bonus
455 1133 570 1174 odor
590 1133 839 1174 Societatis
861 1135 910 1174 in
930 1134 1029 1174 dies
1050 1134 1292 1186 spargitur
1323 1135 1475 1185 magis
1506 1147 1562 1175 ac
1591 1136 1746 1186 magis

99 1205 167 1245 ita
186 1211 237 1244 ut
256 1205 542 1256 adversarii,
575 1206 721 1245 velint
748 1205 918 1256 nolint,
951 1206 1281 1246 obmutescere
1311 1206 1526 1246 debeant.
1556 1206 1748 1246 'Benedi-

103 1282 206 1316 ctus
228 1276 286 1316 sit
304 1275 534 1316 Dominus
555 1277 602 1316 in
621 1277 852 1316 omnibus.

181 1347 416 1399 Egregius
437 1348 737 1399 adolescens,
760 1348 1054 1388 naturalibus
1075 1348 1192 1388 bene
1215 1347 1422 1398 dotatus,
1447 1348 1494 1389 in
1520 1349 1747 1400 politiori-

101 1420 188 1459 bus
222 1420 370 1460 literis
405 1420 521 1460 bene
558 1421 838 1469 instructus,
876 1419 1091 1460 Lovanio
1121 1420 1212 1460 huc
1242 1420 1302 1459 ad
1330 1431 1418 1460 nos
1444 1421 1574 1460 Venit
1602 1432 1747 1465 causa

101 1490 302 1531 faciendi
327 1492 574 1543 exercitia,
600 1492 674 1532 cui
695 1492 756 1532 M.
781 1491 1024 1533 Gerardus
1046 1490 1059 1510 ‘³
1082 1491 1163 1532 dat
1192 1492 1434 1532 exercitia.
1464 1492 1589 1532 Bene
1614 1491 1753 1543 profi·

102 1563 187 1611 cit;
225 1568 295 1602 est
329 1563 453 1603 enim
482 1563 528 1602 in
564 1564 716 1615 prima
750 1563 1076 1610 hebdomada;
1112 1563 1205 1603 iam
1242 1563 1374 1603 brevi
1411 1563 1528 1603 alius
1564 1564 1753 1615 quidem

102 1639 330 1674 venturus
353 1640 423 1674 est
443 1641 689 1686 promotus
708 1634 1046 1685 Lovaniensis,
1072 1633 1128 1674 de
1151 1635 1318 1686 quibus
1341 1634 1459 1674 alias
1480 1635 1631 1686 plura.

180 1705 323 1746 Hisce
354 1706 518 1746 diebus
550 1706 682 1746 affuit
716 1707 850 1746 nobis
887 1706 1052 1746 mulier
1083 1705 1316 1757 quaedam
1345 1706 1477 1757 peior
1505 1707 1754 1747 meretrice

101 1777 278 1836 aliqua,
305 1788 426 1829 quae
448 1777 650 1817 mirabili
670 1777 759 1818 Dei
779 1777 935 1828 gratia
958 1777 1023 1818 ita
1045 1777 1194 1817 vitam
1214 1777 1262 1817 in
1292 1777 1458 1817 melius
1492 1786 1748 1818 commuta-

100 1849 191 1899 vit,
225 1855 275 1889 ut
304 1849 518 1889 omnibus
553 1849 612 1889 sit
639 1850 856 1900 exemplo
888 1856 932 1889 et
964 1849 1291 1896 admirationi,
1322 1848 1476 1889 Deum
1504 1849 1751 1899 laudantes

99 1920 208 1970 (sic)
244 1920 300 1961 de
326 1927 424 1960 tam
450 1920 652 1961 mirabili
680 1921 990 1961 conversione
1021 1921 1158 1960 huius
1188 1920 1417 1971 mulieris,
1457 1932 1575 1972 quae
1611 1928 1750 1961 antea

99 1992 277 2043 omnia,
303 2004 421 2044 quae
444 1992 503 2032 ad
525 2004 696 2044 corpus
716 1993 1027 2044 pertinebant,
1056 1993 1103 2032 in
1126 1992 1413 2032 abundantia
1441 2004 1496 2032 ac
1518 1992 1747 2033 delicatis-

98 2063 216 2104 sima
237 2063 422 2115 habuit,
455 2064 548 2104 iam
579 2075 702 2115 aqua
725 2070 768 2103 et
789 2075 926 2115 pane,
951 2075 1093 2115 supra
1122 2063 1324 2103 stamina
1350 2075 1434 2115 per
1464 2064 1641 2115 aliquot
1671 2064 1746 2104 ho-

98 2146 176 2175 ras
214 2135 519 2186 quiescendo,
557 2136 710 2187 magis
745 2135 1039 2175 confortatur
1078 2147 1219 2187 quam
1256 2142 1394 2175 antea
1431 2136 1555 2175 omni
1591 2135 1749 2175 habita

99 2206 400 2259 abundantia;
424 2213 562 2247 nocte
584 2219 640 2247 ac
662 2207 735 2247 die
764 2207 862 2247 dies
887 2208 1011 2248 vitae
1034 2219 1147 2247 suae
1169 2207 1216 2247 in
1247 2207 1560 2247 amaritudine
1593 2207 1749 2246 cordis

99 2278 169 2318 sui
190 2279 346 2318 multis
368 2290 475 2319 cum
494 2279 752 2331 lachrymis
774 2279 1038 2329 recogitare
1060 2279 1245 2330 incipit,
1270 2286 1317 2318 ut
1342 2279 1572 2328 intellexi,
1607 2290 1748 2329 supra

98 2349 286 2389 modum
321 2350 490 2390 mirata
524 2350 614 2390 Dei
655 2361 770 2401 erga
807 2362 911 2390 eam
946 2350 1225 2390 immensam
1255 2350 1515 2390 bonitatem
1550 2357 1593 2389 et
1631 2360 1748 2400 erga

99 2432 261 2461 omnes
293 2427 568 2472 peccatores
602 2421 904 2473 quantumvis
937 2433 1156 2472 magnos,
1182 2422 1411 2473 cupientis
1434 2433 1516 2461 suo
1545 2429 1747 2472 paterno

99 2491 269 2532 affectu
291 2504 452 2532 omnes
480 2493 699 2544 amplecti
729 2493 850 2533 ulnis
883 2492 1127 2533 charitatis
1156 2504 1269 2533 suae
1299 2504 1354 2532 ac
1383 2491 1545 2532 fovere
1572 2492 1619 2531 in
1645 2503 1747 2543 gre-

154 2627 163 2646 ¹
205 2628 460 2663 “Significatum
475 2633 526 2656 est
542 2633 656 2656 tamen
670 2630 796 2657 nostris
810 2637 851 2657 ne
868 2630 901 2657 in
915 2634 1091 2664 posterum
1107 2629 1276 2657 Flandms
1292 2633 1325 2655 et
1343 2628 1505 2655 Ollandos
1523 2633 1581 2655 aut
1597 2628 1750 2655 Braban-

99 2680 151 2703 tos
166 2677 209 2703 ad
223 2677 287 2703 hoc
304 2676 493 2711 Collegium
509 2676 702 2710 mitterent,
721 2677 994 2711 quandoquidem
1015 2677 1063 2704 illi
1086 2676 1230 2704 Lovanii
1248 2676 1454 2703 catholicam
1478 2681 1512 2702 et
1528 2676 1750 2709 praeclaram

98 2724 272 2751 habebant
288 2724 570 2757 Universitatem;
585 2725 686 2752 immo
702 2730 736 2752 et
752 2724 935 2752 Clevenses
956 2730 989 2752 et
1011 2725 1238 2758 Juliacenses.
1264 2724 1470 2751 Geldrenses
1490 2728 1523 2751 et
1549 2724 1669 2757 Frisii,
1694 2724 1748 2758 qui

98 2779 160 2806 per
174 2773 435 2800 constitutiones
451 2772 550 2807 hujus
567 2771 709 2806 Collegii
725 2780 789 2800 non
805 2773 1086 2806 excludebantur,
1108 2780 1173 2799 non
1195 2780 1266 2799 esse
1291 2772 1436 2805 amplius
1457 2771 1642 2798 mittendos
1666 2772 1748 2798 scri-

99 2823 195 2854 ptum
210 2824 262 2847 est
283 2820 346 2847 nisi
368 2820 462 2854 prius
478 2821 511 2847 P.
527 2819 662 2854 Ignatio
684 2821 848 2855 consulto,
864 2825 901 2848 ut
922 2821 1016 2847 locus
1037 2820 1222 2854 superioris
1247 2819 1453 2846 Germaniae
1475 2819 1749 2846 adolescentibus

99 2867 209 2901 maj0r
223 2867 506 2901 relinqueretun„
521 2867 708 2900 Potamos,
724 2867 860 2899 Clzron„
870 2872 894 2894 t.
907 2875 942 2901 11,
960 2875 1038 2901 pag.
1055 2868 1117 2901 424,
1134 2867 1281 2899 an.155>2,
1298 2874 1329 2893 n.
1345 2866 1516 2893 14.—Vide
1533 2866 1638 2894 etiam
1653 2873 1684 2892 n.
1696 2866 1750 2892 395

99 2919 133 2941 et
149 2920 217 2941 not.
234 2915 246 2942 1
262 2915 294 2942 in
309 2922 388 2949 pag.
405 2914 467 2941 586.

153 2962 166 2981 *2
204 2961 293 2996 Mag.
309 2962 483 2990 Get-ardus
500 2961 808 2996 Cools(ss1·assica⁸,
831 2963 1099 2997 Dordracensis,
1116 2963 1332 2997 -·theologus,
1355 2962 1409 2997 qui
1434 2962 1495 2989 hoc
1520 2969 1607 2990 anno
1630 2966 1748 2989 votum

100 3018 196 3038 suum
210 3011 351 3039 Romam
367 3012 488 3044 misit„.
504 3010 692 3045 POLANcus,
706 3012 796 3045 ibid„
813 3020 844 3039 n.
860 3012 924 3039 391.
