<?xml version="1.0" encoding="UTF-8"?>
<!DOCTYPE html PUBLIC "-//W3C//DTD XHTML 1.0 Transitional//EN"
    "http://www.w3.org/TR/xhtml1/DTD/xhtml1-transitional.dtd">
<html xmlns="http://www.w3.org/1999/xhtml" xml:lang="en" lang="en">
 <head>
  <title>
</title>
<meta http-equiv="Content-Type" content="text/html;charset=utf-8" />
  <meta name='ocr-system' content='tesseract 3.04.00' />
  <meta name='ocr-capabilities' content='ocr_page ocr_carea ocr_par ocr_line ocrx_word'/>
</head>
<body>
  <div class='ocr_page' id='page_1' title='image "./litteraequadrime14lain_0396.png"; bbox 0 0 2080 3392; ppageno 0'>
   <div class='ocr_carea' id='block_1_1' title="bbox 306 182 1429 225">
    <p class='ocr_par' dir='ltr' id='par_1_1' title="bbox 306 182 1429 225">
     <span class='ocr_line' id='line_1_1' title="bbox 306 182 1429 225; baseline -0.003 -4"><span class='ocrx_word' id='word_1_1' title='bbox 306 185 377 222; x_wconf 78' lang='lat'>392</span> <span class='ocrx_word' id='word_1_2' title='bbox 818 182 1044 220; x_wconf 78' lang='lat' dir='ltr'>LITTERAE</span> <span class='ocrx_word' id='word_1_3' title='bbox 1070 192 1429 225; x_wconf 79' lang='lat' dir='ltr'><strong>QUADRIMESTRES</strong></span> 
     </span>
    </p>
   </div>
   <div class='ocr_carea' id='block_1_2' title="bbox 308 278 1966 2674">
    <p class='ocr_par' dir='ltr' id='par_1_2' title="bbox 308 278 1951 1748">
     <span class='ocr_line' id='line_1_2' title="bbox 308 278 1942 332; baseline -0.003 -12"><span class='ocrx_word' id='word_1_4' title='bbox 308 281 555 332; x_wconf 84' lang='lat' dir='ltr'>gymnasia</span> <span class='ocrx_word' id='word_1_5' title='bbox 590 285 750 320; x_wconf 89' lang='lat' dir='ltr'>nostra</span> <span class='ocrx_word' id='word_1_6' title='bbox 778 278 1201 330; x_wconf 77' lang='lat' dir='ltr'>frequentantibus,</span> <span class='ocrx_word' id='word_1_7' title='bbox 1233 278 1310 330; x_wconf 90' lang='lat' dir='ltr'>qui</span> <span class='ocrx_word' id='word_1_8' title='bbox 1338 278 1521 329; x_wconf 86' lang='lat' dir='ltr'>singulo</span> <span class='ocrx_word' id='word_1_9' title='bbox 1549 287 1731 327; x_wconf 92' lang='lat' dir='ltr'>quoque</span> <span class='ocrx_word' id='word_1_10' title='bbox 1762 287 1942 325; x_wconf 67' lang='lat' dir='ltr'>mense,</span> 
     </span>
     <span class='ocr_line' id='line_1_3' title="bbox 310 346 1942 402; baseline -0.003 -12"><span class='ocrx_word' id='word_1_11' title='bbox 310 351 516 402; x_wconf 73' lang='lat' dir='ltr'>plerique</span> <span class='ocrx_word' id='word_1_12' title='bbox 537 350 677 390; x_wconf 91' lang='lat' dir='ltr'>etiam</span> <span class='ocrx_word' id='word_1_13' title='bbox 697 350 920 400; x_wconf 90' lang='lat' dir='ltr'>crebrius,</span> <span class='ocrx_word' id='word_1_14' title='bbox 946 350 1236 399; x_wconf 88' lang='lat' dir='ltr'>confitentur,</span> <span class='ocrx_word' id='word_1_15' title='bbox 1257 348 1434 398; x_wconf 90' lang='lat' dir='ltr'>sileam)</span> <span class='ocrx_word' id='word_1_16' title='bbox 1456 347 1661 399; x_wconf 87' lang='lat' dir='ltr'>peccatis</span> <span class='ocrx_word' id='word_1_17' title='bbox 1682 346 1942 386; x_wconf 75' lang='lat' dir='ltr'>confessio-</span> 
     </span>
     <span class='ocr_line' id='line_1_4' title="bbox 310 418 1935 472; baseline -0.003 -11"><span class='ocrx_word' id='word_1_18' title='bbox 310 422 381 461; x_wconf 88' lang='lat' dir='ltr'>nis</span> <span class='ocrx_word' id='word_1_19' title='bbox 403 427 698 461; x_wconf 89' lang='lat' dir='ltr'>sacramento</span> <span class='ocrx_word' id='word_1_20' title='bbox 719 432 821 461; x_wconf 89' lang='lat' dir='ltr'>sese</span> <span class='ocrx_word' id='word_1_21' title='bbox 842 420 1184 472; x_wconf 74' lang='lat' dir='ltr'>explicuerunt,</span> <span class='ocrx_word' id='word_1_22' title='bbox 1207 420 1326 459; x_wconf 91' lang='lat' dir='ltr'>inter</span> <span class='ocrx_word' id='word_1_23' title='bbox 1354 430 1472 471; x_wconf 92' lang='lat' dir='ltr'>quos</span> <span class='ocrx_word' id='word_1_24' title='bbox 1498 418 1707 458; x_wconf 79' lang='lat' dir='ltr'>nonnulli</span> <span class='ocrx_word' id='word_1_25' title='bbox 1740 428 1935 456; x_wconf 89' lang='lat' dir='ltr'>summa-</span> 
     </span>
     <span class='ocr_line' id='line_1_5' title="bbox 312 487 1940 542; baseline -0.003 -11"><span class='ocrx_word' id='word_1_26' title='bbox 312 492 394 531; x_wconf 86' lang='lat' dir='ltr'>tim</span> <span class='ocrx_word' id='word_1_27' title='bbox 414 492 556 531; x_wconf 91' lang='lat' dir='ltr'>totius</span> <span class='ocrx_word' id='word_1_28' title='bbox 573 491 698 531; x_wconf 91' lang='lat' dir='ltr'>vitae</span> <span class='ocrx_word' id='word_1_29' title='bbox 719 502 1022 542; x_wconf 87' lang='lat' dir='ltr'>progressum</span> <span class='ocrx_word' id='word_1_30' title='bbox 1052 490 1316 530; x_wconf 90' lang='lat' dir='ltr'>confitendo</span> <span class='ocrx_word' id='word_1_31' title='bbox 1337 494 1667 541; x_wconf 80' lang='lat' dir='ltr'>exposuerunt.</span> <span class='ocrx_word' id='word_1_32' title='bbox 1698 488 1801 528; x_wconf 91' lang='lat' dir='ltr'>Duo</span> <span class='ocrx_word' id='word_1_33' title='bbox 1828 487 1940 527; x_wconf 88' lang='lat' dir='ltr'>item</span> 
     </span>
     <span class='ocr_line' id='line_1_6' title="bbox 314 558 1939 612; baseline -0.003 -10"><span class='ocrx_word' id='word_1_34' title='bbox 314 574 337 602; x_wconf 90' lang='lat' dir='ltr'>e</span> <span class='ocrx_word' id='word_1_35' title='bbox 358 561 582 602; x_wconf 87' lang='lat' dir='ltr'>fratribus</span> <span class='ocrx_word' id='word_1_36' title='bbox 605 561 615 581; x_wconf 83' lang='lat'><strong>¹</strong></span> <span class='ocrx_word' id='word_1_37' title='bbox 638 562 696 602; x_wconf 92' lang='lat' dir='ltr'>ad</span> <span class='ocrx_word' id='word_1_38' title='bbox 723 562 1039 602; x_wconf 80' lang='lat' dir='ltr'>sacerdotium</span> <span class='ocrx_word' id='word_1_39' title='bbox 1072 561 1287 612; x_wconf 89' lang='lat' dir='ltr'>promoti,</span> <span class='ocrx_word' id='word_1_40' title='bbox 1317 561 1433 601; x_wconf 91' lang='lat' dir='ltr'>alter</span> <span class='ocrx_word' id='word_1_41' title='bbox 1463 561 1509 600; x_wconf 90' lang='lat' dir='ltr'>in</span> <span class='ocrx_word' id='word_1_42' title='bbox 1529 559 1819 600; x_wconf 87' lang='lat' dir='ltr'>Ascensione</span> <span class='ocrx_word' id='word_1_43' title='bbox 1847 558 1939 598; x_wconf 90' lang='lat' dir='ltr'>Do-</span> 
     </span>
     <span class='ocr_line' id='line_1_7' title="bbox 315 629 1937 685; baseline -0.003 -12"><span class='ocrx_word' id='word_1_44' title='bbox 315 633 445 682; x_wconf 89' lang='lat' dir='ltr'>mini,</span> <span class='ocrx_word' id='word_1_45' title='bbox 477 634 593 673; x_wconf 88' lang='lat' dir='ltr'>alter</span> <span class='ocrx_word' id='word_1_46' title='bbox 618 633 665 673; x_wconf 89' lang='lat' dir='ltr'>in</span> <span class='ocrx_word' id='word_1_47' title='bbox 685 633 1017 685; x_wconf 82' lang='lat' dir='ltr'>Assumptione</span> <span class='ocrx_word' id='word_1_48' title='bbox 1040 632 1249 684; x_wconf 83' lang='lat' dir='ltr'>Virginis</span> <span class='ocrx_word' id='word_1_49' title='bbox 1275 632 1440 672; x_wconf 85' lang='lat' dir='ltr'>Matris</span> <span class='ocrx_word' id='word_1_50' title='bbox 1473 631 1623 683; x_wconf 85' lang='lat' dir='ltr'>prima</span> <span class='ocrx_word' id='word_1_51' title='bbox 1645 641 1781 669; x_wconf 90' lang='lat' dir='ltr'>sacra</span> <span class='ocrx_word' id='word_1_52' title='bbox 1812 629 1937 668; x_wconf 90' lang='lat' dir='ltr'>obtu-</span> 
     </span>
     <span class='ocr_line' id='line_1_8' title="bbox 315 699 1941 756; baseline -0.004 -12"><span class='ocrx_word' id='word_1_53' title='bbox 315 705 487 755; x_wconf 91' lang='lat' dir='ltr'>lerunt,</span> <span class='ocrx_word' id='word_1_54' title='bbox 526 716 722 755; x_wconf 90' lang='lat' dir='ltr'>quorum</span> <span class='ocrx_word' id='word_1_55' title='bbox 754 704 984 756; x_wconf 82' lang='lat' dir='ltr'>primitias</span> <span class='ocrx_word' id='word_1_56' title='bbox 1020 703 1303 754; x_wconf 86' lang='lat' dir='ltr'>gravissima</span> <span class='ocrx_word' id='word_1_57' title='bbox 1341 703 1565 742; x_wconf 80' lang='lat' dir='ltr'>concione</span> <span class='ocrx_word' id='word_1_58' title='bbox 1598 701 1653 741; x_wconf 86' lang='lat' dir='ltr'>R.</span> <span class='ocrx_word' id='word_1_59' title='bbox 1693 701 1743 741; x_wconf 83' lang='lat' dir='ltr'>P.</span> <span class='ocrx_word' id='word_1_60' title='bbox 1781 699 1941 740; x_wconf 87' lang='lat' dir='ltr'>Alfon-</span> 
     </span>
     <span class='ocr_line' id='line_1_9' title="bbox 316 770 1943 823; baseline -0.003 -9"><span class='ocrx_word' id='word_1_61' title='bbox 316 785 394 814; x_wconf 91' lang='lat' dir='ltr'>sus</span> <span class='ocrx_word' id='word_1_62' title='bbox 426 774 668 815; x_wconf 85' lang='lat' dir='ltr'>Salmeron</span> <span class='ocrx_word' id='word_1_63' title='bbox 685 776 947 815; x_wconf 78' lang='lat' dir='ltr'>exornavit.</span> <span class='ocrx_word' id='word_1_64' title='bbox 972 774 1110 814; x_wconf 87' lang='lat' dir='ltr'>Pater</span> <span class='ocrx_word' id='word_1_65' title='bbox 1130 774 1413 814; x_wconf 85' lang='lat' dir='ltr'>Franciscus</span> <span class='ocrx_word' id='word_1_66' title='bbox 1434 772 1447 791; x_wconf 68' lang='lat'>”²</span> <span class='ocrx_word' id='word_1_67' title='bbox 1470 772 1692 813; x_wconf 80' lang='lat' dir='ltr'>exercitia</span> <span class='ocrx_word' id='word_1_68' title='bbox 1714 770 1943 823; x_wconf 86' lang='lat' dir='ltr'>quaedam</span> 
     </span>
     <span class='ocr_line' id='line_1_10' title="bbox 316 842 1939 897; baseline -0.002 -13"><span class='ocrx_word' id='word_1_69' title='bbox 316 846 576 896; x_wconf 86' lang='lat' dir='ltr'>spiritualia</span> <span class='ocrx_word' id='word_1_70' title='bbox 600 846 877 897; x_wconf 90' lang='lat' dir='ltr'>quibusdam</span> <span class='ocrx_word' id='word_1_71' title='bbox 896 845 1248 897; x_wconf 90' lang='lat' dir='ltr'>praegustanda</span> <span class='ocrx_word' id='word_1_72' title='bbox 1275 845 1424 894; x_wconf 86' lang='lat' dir='ltr'>dedit,</span> <span class='ocrx_word' id='word_1_73' title='bbox 1456 856 1514 884; x_wconf 82' lang='lat' dir='ltr'>ex</span> <span class='ocrx_word' id='word_1_74' title='bbox 1541 843 1707 895; x_wconf 92' lang='lat' dir='ltr'>quibus</span> <span class='ocrx_word' id='word_1_75' title='bbox 1737 842 1827 882; x_wconf 91' lang='lat' dir='ltr'>duo</span> <span class='ocrx_word' id='word_1_76' title='bbox 1850 852 1939 881; x_wconf 88' lang='lat' dir='ltr'>am-</span> 
     </span>
     <span class='ocr_line' id='line_1_11' title="bbox 317 911 1943 968; baseline -0.002 -13"><span class='ocrx_word' id='word_1_77' title='bbox 317 917 420 966; x_wconf 90' lang='lat' dir='ltr'>plae</span> <span class='ocrx_word' id='word_1_78' title='bbox 459 917 558 968; x_wconf 89' lang='lat' dir='ltr'>spei</span> <span class='ocrx_word' id='word_1_79' title='bbox 592 915 788 968; x_wconf 82' lang='lat' dir='ltr'>juvenes</span> <span class='ocrx_word' id='word_1_80' title='bbox 826 916 1048 957; x_wconf 88' lang='lat' dir='ltr'>Societati</span> <span class='ocrx_word' id='word_1_81' title='bbox 1087 922 1200 956; x_wconf 88' lang='lat' dir='ltr'>voto</span> <span class='ocrx_word' id='word_1_82' title='bbox 1245 927 1346 955; x_wconf 92' lang='lat' dir='ltr'>sese</span> <span class='ocrx_word' id='word_1_83' title='bbox 1395 915 1736 958; x_wconf 75' lang='lat' dir='ltr'>astrinxerunt:</span> <span class='ocrx_word' id='word_1_84' title='bbox 1778 911 1943 963; x_wconf 85' lang='lat' dir='ltr'>reliqui</span> 
     </span>
     <span class='ocr_line' id='line_1_12' title="bbox 318 983 1942 1038; baseline -0.003 -11"><span class='ocrx_word' id='word_1_85' title='bbox 318 999 498 1027; x_wconf 91' lang='lat' dir='ltr'>summo</span> <span class='ocrx_word' id='word_1_86' title='bbox 527 988 678 1029; x_wconf 89' lang='lat' dir='ltr'>studio</span> <span class='ocrx_word' id='word_1_87' title='bbox 707 1001 760 1028; x_wconf 95' lang='lat' dir='ltr'>eo</span> <span class='ocrx_word' id='word_1_88' title='bbox 787 988 1087 1038; x_wconf 89' lang='lat' dir='ltr'>contendunt,</span> <span class='ocrx_word' id='word_1_89' title='bbox 1120 999 1213 1027; x_wconf 94' lang='lat' dir='ltr'>non</span> <span class='ocrx_word' id='word_1_90' title='bbox 1242 986 1455 1027; x_wconf 89' lang='lat' dir='ltr'>destituri</span> <span class='ocrx_word' id='word_1_91' title='bbox 1481 986 1528 1026; x_wconf 92' lang='lat' dir='ltr'>ni</span> <span class='ocrx_word' id='word_1_92' title='bbox 1561 985 1659 1025; x_wconf 86' lang='lat' dir='ltr'>voti</span> <span class='ocrx_word' id='word_1_93' title='bbox 1692 983 1942 1035; x_wconf 89' lang='lat' dir='ltr'>aliquando</span> 
     </span>
     <span class='ocr_line' id='line_1_13' title="bbox 319 1054 1945 1110; baseline -0.002 -13"><span class='ocrx_word' id='word_1_94' title='bbox 319 1065 557 1110; x_wconf 90' lang='lat' dir='ltr'>compotes</span> <span class='ocrx_word' id='word_1_95' title='bbox 579 1059 729 1099; x_wconf 88' lang='lat' dir='ltr'>effecti</span> <span class='ocrx_word' id='word_1_96' title='bbox 750 1059 948 1099; x_wconf 89' lang='lat' dir='ltr'>caeteris</span> <span class='ocrx_word' id='word_1_97' title='bbox 969 1059 1275 1099; x_wconf 85' lang='lat' dir='ltr'>associentur.</span> <span class='ocrx_word' id='word_1_98' title='bbox 1298 1057 1424 1097; x_wconf 90' lang='lat' dir='ltr'>Idem</span> <span class='ocrx_word' id='word_1_99' title='bbox 1444 1055 1493 1096; x_wconf 83' lang='lat' dir='ltr'>P.</span> <span class='ocrx_word' id='word_1_100' title='bbox 1521 1057 1773 1096; x_wconf 85' lang='lat' dir='ltr'>vehemens</span> <span class='ocrx_word' id='word_1_101' title='bbox 1804 1054 1945 1106; x_wconf 90' lang='lat' dir='ltr'>quod-</span> 
     </span>
     <span class='ocr_line' id='line_1_14' title="bbox 319 1125 1945 1182; baseline -0.002 -14"><span class='ocrx_word' id='word_1_102' title='bbox 319 1129 426 1169; x_wconf 89' lang='lat' dir='ltr'>dam</span> <span class='ocrx_word' id='word_1_103' title='bbox 448 1129 702 1182; x_wconf 82' lang='lat' dir='ltr'>dissidium,</span> <span class='ocrx_word' id='word_1_104' title='bbox 734 1131 852 1171; x_wconf 89' lang='lat' dir='ltr'>inter</span> <span class='ocrx_word' id='word_1_105' title='bbox 873 1131 988 1171; x_wconf 91' lang='lat' dir='ltr'>duos</span> <span class='ocrx_word' id='word_1_106' title='bbox 1015 1131 1223 1182; x_wconf 90' lang='lat' dir='ltr'>legitimo</span> <span class='ocrx_word' id='word_1_107' title='bbox 1252 1129 1387 1170; x_wconf 89' lang='lat' dir='ltr'>thoro</span> <span class='ocrx_word' id='word_1_108' title='bbox 1405 1128 1590 1180; x_wconf 86' lang='lat' dir='ltr'>junctos</span> <span class='ocrx_word' id='word_1_109' title='bbox 1619 1132 1795 1175; x_wconf 87' lang='lat' dir='ltr'>natum,</span> <span class='ocrx_word' id='word_1_110' title='bbox 1829 1125 1945 1165; x_wconf 86' lang='lat' dir='ltr'>dire-</span> 
     </span>
     <span class='ocr_line' id='line_1_15' title="bbox 319 1199 1945 1253; baseline -0.002 -13"><span class='ocrx_word' id='word_1_111' title='bbox 319 1201 416 1251; x_wconf 91' lang='lat' dir='ltr'>mit,</span> <span class='ocrx_word' id='word_1_112' title='bbox 435 1202 557 1252; x_wconf 90' lang='lat' dir='ltr'>quod</span> <span class='ocrx_word' id='word_1_113' title='bbox 578 1203 735 1253; x_wconf 92' lang='lat' dir='ltr'>plures</span> <span class='ocrx_word' id='word_1_114' title='bbox 756 1203 929 1242; x_wconf 83' lang='lat' dir='ltr'>diversi</span> <span class='ocrx_word' id='word_1_115' title='bbox 951 1202 1126 1242; x_wconf 90' lang='lat' dir='ltr'>ordinis</span> <span class='ocrx_word' id='word_1_116' title='bbox 1154 1201 1361 1252; x_wconf 76' lang='lat' dir='ltr'>religiosi</span> <span class='ocrx_word' id='word_1_117' title='bbox 1382 1200 1570 1250; x_wconf 86' lang='lat' dir='ltr'>saepius</span> <span class='ocrx_word' id='word_1_118' title='bbox 1598 1199 1772 1239; x_wconf 86' lang='lat' dir='ltr'>frustra</span> <span class='ocrx_word' id='word_1_119' title='bbox 1799 1203 1945 1237; x_wconf 90' lang='lat' dir='ltr'>tenta-</span> 
     </span>
     <span class='ocr_line' id='line_1_16' title="bbox 320 1267 1946 1324; baseline -0.002 -13"><span class='ocrx_word' id='word_1_120' title='bbox 320 1278 439 1311; x_wconf 85' lang='lat' dir='ltr'>rant.</span> <span class='ocrx_word' id='word_1_121' title='bbox 463 1273 587 1312; x_wconf 91' lang='lat' dir='ltr'>Idem</span> <span class='ocrx_word' id='word_1_122' title='bbox 609 1273 802 1324; x_wconf 88' lang='lat' dir='ltr'>singulis</span> <span class='ocrx_word' id='word_1_123' title='bbox 823 1273 1127 1313; x_wconf 87' lang='lat' dir='ltr'>hebdomadis</span> <span class='ocrx_word' id='word_1_124' title='bbox 1147 1278 1328 1324; x_wconf 89' lang='lat' dir='ltr'>partem</span> <span class='ocrx_word' id='word_1_125' title='bbox 1349 1272 1552 1323; x_wconf 83' lang='lat' dir='ltr'>aliquam</span> <span class='ocrx_word' id='word_1_126' title='bbox 1573 1269 1814 1310; x_wconf 90' lang='lat' dir='ltr'>doctrinae</span> <span class='ocrx_word' id='word_1_127' title='bbox 1830 1267 1946 1308; x_wconf 90' lang='lat' dir='ltr'>chri-</span> 
     </span>
     <span class='ocr_line' id='line_1_17' title="bbox 321 1338 1948 1396; baseline -0.003 -14"><span class='ocrx_word' id='word_1_128' title='bbox 321 1343 500 1383; x_wconf 90' lang='lat' dir='ltr'>stianae</span> <span class='ocrx_word' id='word_1_129' title='bbox 512 1343 742 1394; x_wconf 83' lang='lat' dir='ltr'>juventuti</span> <span class='ocrx_word' id='word_1_130' title='bbox 764 1351 952 1385; x_wconf 91' lang='lat' dir='ltr'>nostrae</span> <span class='ocrx_word' id='word_1_131' title='bbox 974 1344 1185 1396; x_wconf 77' lang='lat' dir='ltr'>exponit,</span> <span class='ocrx_word' id='word_1_132' title='bbox 1209 1343 1511 1394; x_wconf 86' lang='lat' dir='ltr'>eamdemque</span> <span class='ocrx_word' id='word_1_133' title='bbox 1531 1340 1790 1393; x_wconf 86' lang='lat' dir='ltr'>praefinitis</span> <span class='ocrx_word' id='word_1_134' title='bbox 1817 1338 1948 1378; x_wconf 90' lang='lat' dir='ltr'>horis</span> 
     </span>
     <span class='ocr_line' id='line_1_18' title="bbox 320 1413 1948 1466; baseline -0.003 -13"><span class='ocrx_word' id='word_1_135' title='bbox 320 1414 504 1465; x_wconf 90' lang='lat' dir='ltr'>singulo</span> <span class='ocrx_word' id='word_1_136' title='bbox 526 1427 709 1466; x_wconf 87' lang='lat' dir='ltr'>quoque</span> <span class='ocrx_word' id='word_1_137' title='bbox 731 1416 804 1455; x_wconf 92' lang='lat' dir='ltr'>die</span> <span class='ocrx_word' id='word_1_138' title='bbox 825 1427 852 1455; x_wconf 94' lang='lat' dir='ltr'>a</span> <span class='ocrx_word' id='word_1_139' title='bbox 873 1415 1068 1466; x_wconf 89' lang='lat' dir='ltr'>singulis</span> <span class='ocrx_word' id='word_1_140' title='bbox 1096 1415 1353 1466; x_wconf 88' lang='lat' dir='ltr'>quibusque</span> <span class='ocrx_word' id='word_1_141' title='bbox 1375 1413 1602 1465; x_wconf 77' lang='lat' dir='ltr'>reposcit3</span> <span class='ocrx_word' id='word_1_142' title='bbox 1634 1424 1691 1451; x_wconf 79' lang='lat' dir='ltr'>ex</span> <span class='ocrx_word' id='word_1_143' title='bbox 1724 1422 1813 1462; x_wconf 93' lang='lat' dir='ltr'>quo</span> <span class='ocrx_word' id='word_1_144' title='bbox 1836 1421 1948 1449; x_wconf 90' lang='lat' dir='ltr'>sane</span> 
     </span>
     <span class='ocr_line' id='line_1_19' title="bbox 320 1480 1949 1537; baseline -0.003 -13"><span class='ocrx_word' id='word_1_145' title='bbox 320 1484 498 1525; x_wconf 83' lang='lat' dir='ltr'>fructus</span> <span class='ocrx_word' id='word_1_146' title='bbox 532 1497 626 1525; x_wconf 91' lang='lat' dir='ltr'>non</span> <span class='ocrx_word' id='word_1_147' title='bbox 660 1487 967 1537; x_wconf 89' lang='lat' dir='ltr'>poenitendus</span> <span class='ocrx_word' id='word_1_148' title='bbox 999 1486 1045 1526; x_wconf 88' lang='lat' dir='ltr'>in</span> <span class='ocrx_word' id='word_1_149' title='bbox 1075 1485 1298 1537; x_wconf 78' lang='lat' dir='ltr'>juvenum</span> <span class='ocrx_word' id='word_1_150' title='bbox 1341 1485 1522 1524; x_wconf 91' lang='lat' dir='ltr'>animos</span> <span class='ocrx_word' id='word_1_151' title='bbox 1562 1482 1804 1522; x_wconf 86' lang='lat' dir='ltr'>redundat.</span> <span class='ocrx_word' id='word_1_152' title='bbox 1847 1480 1949 1520; x_wconf 92' lang='lat' dir='ltr'>Hoc</span> 
     </span>
     <span class='ocr_line' id='line_1_20' title="bbox 321 1551 1951 1608; baseline -0.003 -13"><span class='ocrx_word' id='word_1_153' title='bbox 321 1567 463 1596; x_wconf 88' lang='lat' dir='ltr'>unum</span> <span class='ocrx_word' id='word_1_154' title='bbox 493 1556 612 1596; x_wconf 91' lang='lat' dir='ltr'>inter</span> <span class='ocrx_word' id='word_1_155' title='bbox 647 1564 833 1597; x_wconf 85' lang='lat' dir='ltr'>caetera</span> <span class='ocrx_word' id='word_1_156' title='bbox 862 1558 997 1597; x_wconf 88' lang='lat' dir='ltr'>unice</span> <span class='ocrx_word' id='word_1_157' title='bbox 1031 1557 1289 1608; x_wconf 87' lang='lat' dir='ltr'>suspiciunt</span> <span class='ocrx_word' id='word_1_158' title='bbox 1319 1555 1465 1604; x_wconf 89' lang='lat' dir='ltr'>multi,</span> <span class='ocrx_word' id='word_1_159' title='bbox 1496 1555 1715 1606; x_wconf 88' lang='lat' dir='ltr'>puerulos</span> <span class='ocrx_word' id='word_1_160' title='bbox 1743 1551 1951 1592; x_wconf 89' lang='lat' dir='ltr'>tantillos</span> 
     </span>
     <span class='ocr_line' id='line_1_21' title="bbox 321 1623 1951 1679; baseline -0.002 -14"><span class='ocrx_word' id='word_1_161' title='bbox 321 1634 722 1667; x_wconf 87' lang='lat' dir='ltr'>sacramentorum</span> <span class='ocrx_word' id='word_1_162' title='bbox 758 1640 813 1668; x_wconf 93' lang='lat' dir='ltr'>ac</span> <span class='ocrx_word' id='word_1_163' title='bbox 842 1634 1201 1679; x_wconf 88' lang='lat' dir='ltr'>praeceptorum</span> <span class='ocrx_word' id='word_1_164' title='bbox 1242 1626 1556 1678; x_wconf 84' lang='lat' dir='ltr'>cognitionem</span> <span class='ocrx_word' id='word_1_165' title='bbox 1585 1623 1699 1664; x_wconf 88' lang='lat' dir='ltr'>adeo</span> <span class='ocrx_word' id='word_1_166' title='bbox 1734 1627 1951 1662; x_wconf 79' lang='lat' dir='ltr'>exactam</span> 
     </span>
     <span class='ocr_line' id='line_1_22' title="bbox 320 1697 805 1748; baseline 0.006 -12"><span class='ocrx_word' id='word_1_167' title='bbox 320 1697 379 1737; x_wconf 89' lang='lat' dir='ltr'>ad</span> <span class='ocrx_word' id='word_1_168' title='bbox 399 1709 602 1748; x_wconf 90' lang='lat' dir='ltr'>unguem</span> <span class='ocrx_word' id='word_1_169' title='bbox 618 1699 805 1739; x_wconf 87' lang='lat' dir='ltr'>habere.</span> 
     </span>
    </p>

    <p class='ocr_par' dir='ltr' id='par_1_3' title="bbox 322 1765 1953 1962">
     <span class='ocr_line' id='line_1_23' title="bbox 400 1765 1951 1822; baseline -0.005 -12"><span class='ocrx_word' id='word_1_170' title='bbox 400 1770 453 1810; x_wconf 85' lang='lat' dir='ltr'>R.</span> <span class='ocrx_word' id='word_1_171' title='bbox 474 1770 521 1810; x_wconf 86' lang='grc' dir='ltr'>Ρ.</span> <span class='ocrx_word' id='word_1_172' title='bbox 545 1770 762 1811; x_wconf 84' lang='lat' dir='ltr'>Andreas</span> <span class='ocrx_word' id='word_1_173' title='bbox 784 1769 811 1819; x_wconf 78' lang='lat'>⁵,</span> <span class='ocrx_word' id='word_1_174' title='bbox 836 1771 1035 1822; x_wconf 72' lang='lat' dir='ltr'>plur1ma</span> <span class='ocrx_word' id='word_1_175' title='bbox 1056 1769 1353 1810; x_wconf 88' lang='lat' dir='ltr'>sacerdotum</span> <span class='ocrx_word' id='word_1_176' title='bbox 1374 1780 1429 1808; x_wconf 85' lang='lat' dir='ltr'>ac</span> <span class='ocrx_word' id='word_1_177' title='bbox 1447 1767 1723 1807; x_wconf 89' lang='lat' dir='ltr'>clericorum</span> <span class='ocrx_word' id='word_1_178' title='bbox 1740 1765 1951 1816; x_wconf 84' lang='lat' dir='ltr'>frequen-</span> 
     </span>
     <span class='ocr_line' id='line_1_24' title="bbox 322 1835 1953 1893; baseline -0.005 -11"><span class='ocrx_word' id='word_1_179' title='bbox 322 1843 400 1891; x_wconf 90' lang='lat' dir='ltr'>tia,</span> <span class='ocrx_word' id='word_1_180' title='bbox 426 1854 563 1882; x_wconf 88' lang='lat' dir='ltr'>casus</span> <span class='ocrx_word' id='word_1_181' title='bbox 580 1842 894 1882; x_wconf 89' lang='lat' dir='ltr'>conscientiae</span> <span class='ocrx_word' id='word_1_182' title='bbox 911 1847 1184 1893; x_wconf 87' lang='lat' dir='ltr'>persecutus</span> <span class='ocrx_word' id='word_1_183' title='bbox 1205 1846 1287 1890; x_wconf 91' lang='lat' dir='ltr'>est,</span> <span class='ocrx_word' id='word_1_184' title='bbox 1314 1851 1479 1879; x_wconf 86' lang='lat' dir='ltr'>verum</span> <span class='ocrx_word' id='word_1_185' title='bbox 1496 1837 1592 1889; x_wconf 88' lang='lat' dir='ltr'>jam</span> <span class='ocrx_word' id='word_1_186' title='bbox 1610 1837 1667 1877; x_wconf 92' lang='lat' dir='ltr'>ob</span> <span class='ocrx_word' id='word_1_187' title='bbox 1684 1835 1953 1876; x_wconf 84' lang='lat' dir='ltr'>intensioris</span> 
     </span>
     <span class='ocr_line' id='line_1_25' title="bbox 325 1908 1718 1962; baseline -0.004 -9"><span class='ocrx_word' id='word_1_188' title='bbox 325 1914 567 1953; x_wconf 89' lang='lat' dir='ltr'>caniculae</span> <span class='ocrx_word' id='word_1_189' title='bbox 588 1920 745 1953; x_wconf 87' lang='lat' dir='ltr'>aestus</span> <span class='ocrx_word' id='word_1_190' title='bbox 767 1913 888 1953; x_wconf 92' lang='lat' dir='ltr'>hanc</span> <span class='ocrx_word' id='word_1_191' title='bbox 909 1913 1155 1953; x_wconf 91' lang='lat' dir='ltr'>lectionem</span> <span class='ocrx_word' id='word_1_192' title='bbox 1174 1911 1233 1951; x_wconf 87' lang='lat' dir='ltr'>ad</span> <span class='ocrx_word' id='word_1_193' title='bbox 1253 1917 1435 1962; x_wconf 89' lang='lat' dir='ltr'>tempus</span> <span class='ocrx_word' id='word_1_194' title='bbox 1456 1908 1718 1949; x_wconf 86' lang='lat' dir='ltr'>intermisit.</span> 
     </span>
    </p>

    <p class='ocr_par' dir='ltr' id='par_1_4' title="bbox 326 1978 1966 2674">
     <span class='ocr_line' id='line_1_26' title="bbox 404 1978 1952 2034; baseline -0.006 -9"><span class='ocrx_word' id='word_1_195' title='bbox 404 1984 456 2024; x_wconf 83' lang='lat' dir='ltr'>R.</span> <span class='ocrx_word' id='word_1_196' title='bbox 482 1984 528 2024; x_wconf 87' lang='grc' dir='ltr'>Ρ.</span> <span class='ocrx_word' id='word_1_197' title='bbox 555 1983 799 2025; x_wconf 82' lang='lat' dir='ltr'>Salmeron</span> <span class='ocrx_word' id='word_1_198' title='bbox 819 1984 1056 2033; x_wconf 91' lang='lat' dir='ltr'>lectiones,</span> <span class='ocrx_word' id='word_1_199' title='bbox 1081 1995 1106 2023; x_wconf 90' lang='lat' dir='ltr'>a</span> <span class='ocrx_word' id='word_1_200' title='bbox 1129 1982 1309 2034; x_wconf 81' lang='lat' dir='ltr'>quibUS,</span> <span class='ocrx_word' id='word_1_201' title='bbox 1340 1982 1397 2022; x_wconf 90' lang='lat' dir='ltr'>ob</span> <span class='ocrx_word' id='word_1_202' title='bbox 1420 1980 1669 2021; x_wconf 87' lang='lat' dir='ltr'>conciones</span> <span class='ocrx_word' id='word_1_203' title='bbox 1697 1978 1952 2030; x_wconf 87' lang='lat' dir='ltr'>quadrage-</span> 
     </span>
     <span class='ocr_line' id='line_1_27' title="bbox 326 2050 1954 2107; baseline -0.006 -11"><span class='ocrx_word' id='word_1_204' title='bbox 326 2056 528 2106; x_wconf 88' lang='lat' dir='ltr'>simales,</span> <span class='ocrx_word' id='word_1_205' title='bbox 553 2056 858 2107; x_wconf 88' lang='lat' dir='ltr'>supersedere</span> <span class='ocrx_word' id='word_1_206' title='bbox 874 2061 1066 2095; x_wconf 91' lang='lat' dir='ltr'>coactus</span> <span class='ocrx_word' id='word_1_207' title='bbox 1082 2054 1248 2103; x_wconf 88' lang='lat' dir='ltr'>fuerat,</span> <span class='ocrx_word' id='word_1_208' title='bbox 1268 2052 1396 2093; x_wconf 88' lang='lat' dir='ltr'>feriis</span> <span class='ocrx_word' id='word_1_209' title='bbox 1411 2050 1757 2092; x_wconf 85' lang='lat' dir='ltr'>Pentecostaeis</span> <span class='ocrx_word' id='word_1_210' title='bbox 1775 2060 1954 2088; x_wconf 89' lang='lat' dir='ltr'>summa</span> 
     </span>
     <span class='ocr_line' id='line_1_28' title="bbox 326 2119 1955 2178; baseline -0.006 -11"><span class='ocrx_word' id='word_1_211' title='bbox 326 2127 631 2178; x_wconf 86' lang='lat' dir='ltr'>plurimorum</span> <span class='ocrx_word' id='word_1_212' title='bbox 659 2126 984 2177; x_wconf 82' lang='lat' dir='ltr'>expectatione</span> <span class='ocrx_word' id='word_1_213' title='bbox 1012 2124 1276 2175; x_wconf 89' lang='lat' dir='ltr'>resumpsit.</span> <span class='ocrx_word' id='word_1_214' title='bbox 1308 2123 1626 2174; x_wconf 74' lang='lat' dir='ltr'>Porroquam</span> <span class='ocrx_word' id='word_1_215' title='bbox 1656 2126 1792 2171; x_wconf 88' lang='lat' dir='ltr'>grata</span> <span class='ocrx_word' id='word_1_216' title='bbox 1821 2119 1879 2159; x_wconf 92' lang='lat' dir='ltr'>sit</span> <span class='ocrx_word' id='word_1_217' title='bbox 1901 2130 1955 2158; x_wconf 90' lang='lat' dir='ltr'>ea</span> 
     </span>
     <span class='ocr_line' id='line_1_29' title="bbox 326 2190 1956 2249; baseline -0.006 -11"><span class='ocrx_word' id='word_1_218' title='bbox 326 2198 463 2238; x_wconf 89' lang='lat' dir='ltr'>lectio</span> <span class='ocrx_word' id='word_1_219' title='bbox 486 2209 716 2249; x_wconf 89' lang='lat' dir='ltr'>quamque</span> <span class='ocrx_word' id='word_1_220' title='bbox 738 2197 956 2248; x_wconf 87' lang='lat' dir='ltr'>frequens</span> <span class='ocrx_word' id='word_1_221' title='bbox 987 2196 1128 2236; x_wconf 92' lang='lat' dir='ltr'>totius</span> <span class='ocrx_word' id='word_1_222' title='bbox 1151 2195 1355 2236; x_wconf 88' lang='lat' dir='ltr'>civitatis</span> <span class='ocrx_word' id='word_1_223' title='bbox 1384 2194 1659 2246; x_wconf 88' lang='lat' dir='ltr'>optimatum</span> <span class='ocrx_word' id='word_1_224' title='bbox 1689 2191 1746 2231; x_wconf 89' lang='lat' dir='ltr'>ad</span> <span class='ocrx_word' id='word_1_225' title='bbox 1775 2202 1877 2230; x_wconf 91' lang='lat' dir='ltr'>eam</span> <span class='ocrx_word' id='word_1_226' title='bbox 1898 2190 1956 2229; x_wconf 84' lang='lat' dir='ltr'>sit</span> 
     </span>
     <span class='ocr_line' id='line_1_30' title="bbox 330 2261 1956 2319; baseline -0.006 -10"><span class='ocrx_word' id='word_1_227' title='bbox 330 2280 599 2318; x_wconf 89' lang='lat' dir='ltr'>concursus,</span> <span class='ocrx_word' id='word_1_228' title='bbox 625 2268 822 2319; x_wconf 91' lang='lat' dir='ltr'>denique</span> <span class='ocrx_word' id='word_1_229' title='bbox 845 2279 983 2319; x_wconf 88' lang='lat' dir='ltr'>quam</span> <span class='ocrx_word' id='word_1_230' title='bbox 1004 2268 1154 2306; x_wconf 90' lang='lat' dir='ltr'>laetus</span> <span class='ocrx_word' id='word_1_231' title='bbox 1174 2266 1280 2306; x_wconf 89' lang='lat' dir='ltr'>inde</span> <span class='ocrx_word' id='word_1_232' title='bbox 1302 2265 1480 2305; x_wconf 87' lang='lat' dir='ltr'>fructus</span> <span class='ocrx_word' id='word_1_233' title='bbox 1508 2269 1705 2312; x_wconf 89' lang='lat' dir='ltr'>emanet,</span> <span class='ocrx_word' id='word_1_234' title='bbox 1737 2261 1956 2313; x_wconf 91' lang='lat' dir='ltr'>quoniam</span> 
     </span>
     <span class='ocr_line' id='line_1_31' title="bbox 329 2334 1957 2390; baseline -0.006 -10"><span class='ocrx_word' id='word_1_235' title='bbox 329 2340 444 2379; x_wconf 88' lang='lat' dir='ltr'>alias</span> <span class='ocrx_word' id='word_1_236' title='bbox 462 2340 635 2379; x_wconf 92' lang='lat' dir='ltr'>dictum</span> <span class='ocrx_word' id='word_1_237' title='bbox 657 2345 739 2390; x_wconf 92' lang='lat' dir='ltr'>est,</span> <span class='ocrx_word' id='word_1_238' title='bbox 764 2350 887 2379; x_wconf 91' lang='lat' dir='ltr'>nunc</span> <span class='ocrx_word' id='word_1_239' title='bbox 910 2337 1161 2389; x_wconf 87' lang='lat' dir='ltr'>prudentes</span> <span class='ocrx_word' id='word_1_240' title='bbox 1181 2337 1504 2388; x_wconf 87' lang='lat' dir='ltr'>praeterimus.</span> <span class='ocrx_word' id='word_1_241' title='bbox 1525 2334 1626 2374; x_wconf 90' lang='lat' dir='ltr'>Hoc</span> <span class='ocrx_word' id='word_1_242' title='bbox 1643 2345 1785 2373; x_wconf 90' lang='lat' dir='ltr'>unum</span> <span class='ocrx_word' id='word_1_243' title='bbox 1801 2338 1957 2372; x_wconf 90' lang='lat' dir='ltr'>tamen</span> 
     </span>
     <span class='ocr_line' id='line_1_32' title="bbox 330 2405 1955 2461; baseline -0.006 -10"><span class='ocrx_word' id='word_1_244' title='bbox 330 2411 470 2461; x_wconf 87' lang='lat' dir='ltr'>addo;</span> <span class='ocrx_word' id='word_1_245' title='bbox 501 2410 781 2450; x_wconf 89' lang='lat' dir='ltr'>auditorium</span> <span class='ocrx_word' id='word_1_246' title='bbox 809 2415 854 2449; x_wconf 91' lang='lat' dir='ltr'>et</span> <span class='ocrx_word' id='word_1_247' title='bbox 880 2420 1074 2449; x_wconf 90' lang='lat' dir='ltr'>numero</span> <span class='ocrx_word' id='word_1_248' title='bbox 1096 2415 1140 2448; x_wconf 93' lang='lat' dir='ltr'>et</span> <span class='ocrx_word' id='word_1_249' title='bbox 1169 2407 1453 2448; x_wconf 87' lang='lat' dir='ltr'>authoritate</span> <span class='ocrx_word' id='word_1_250' title='bbox 1473 2406 1519 2445; x_wconf 91' lang='lat' dir='ltr'>in</span> <span class='ocrx_word' id='word_1_251' title='bbox 1550 2405 1647 2445; x_wconf 89' lang='lat' dir='ltr'>dies</span> <span class='ocrx_word' id='word_1_252' title='bbox 1669 2414 1955 2444; x_wconf 88' lang='lat' dir='ltr'>accrescere.</span> 
     </span>
     <span class='ocr_line' id='line_1_33' title="bbox 330 2473 1960 2532; baseline -0.006 -11"><span class='ocrx_word' id='word_1_253' title='bbox 330 2481 455 2522; x_wconf 88' lang='lat' dir='ltr'>Idem</span> <span class='ocrx_word' id='word_1_254' title='bbox 473 2481 521 2521; x_wconf 86' lang='grc' dir='ltr'>Ρ.</span> <span class='ocrx_word' id='word_1_255' title='bbox 540 2481 771 2532; x_wconf 88' lang='lat' dir='ltr'>insignem</span> <span class='ocrx_word' id='word_1_256' title='bbox 789 2480 1064 2520; x_wconf 91' lang='lat' dir='ltr'>concionem</span> <span class='ocrx_word' id='word_1_257' title='bbox 1080 2490 1242 2519; x_wconf 91' lang='lat' dir='ltr'>coram</span> <span class='ocrx_word' id='word_1_258' title='bbox 1258 2478 1390 2518; x_wconf 83' lang='lat' dir='ltr'>Rmo.</span> <span class='ocrx_word' id='word_1_259' title='bbox 1411 2486 1455 2517; x_wconf 85' lang='lat' dir='ltr'>et</span> <span class='ocrx_word' id='word_1_260' title='bbox 1471 2476 1613 2516; x_wconf 89' lang='lat' dir='ltr'>Illmo.</span> <span class='ocrx_word' id='word_1_261' title='bbox 1633 2475 1690 2514; x_wconf 91' lang='lat' dir='ltr'>D.</span> <span class='ocrx_word' id='word_1_262' title='bbox 1711 2473 1960 2514; x_wconf 90' lang='lat' dir='ltr'>Cardinale</span> 
     </span>
     <span class='ocr_line' id='line_1_34' title="bbox 334 2543 1963 2603; baseline -0.006 -11"><span class='ocrx_word' id='word_1_263' title='bbox 334 2553 537 2603; x_wconf 82' lang='lat' dir='ltr'>Prorege</span> <span class='ocrx_word' id='word_1_264' title='bbox 555 2551 569 2570; x_wconf 66' lang='lat'><strong>⁴</strong></span> <span class='ocrx_word' id='word_1_265' title='bbox 590 2552 769 2601; x_wconf 89' lang='lat' dir='ltr'>habuit,</span> <span class='ocrx_word' id='word_1_266' title='bbox 794 2551 871 2603; x_wconf 90' lang='lat' dir='ltr'>qui</span> <span class='ocrx_word' id='word_1_267' title='bbox 887 2551 1060 2602; x_wconf 88' lang='lat' dir='ltr'>partim</span> <span class='ocrx_word' id='word_1_268' title='bbox 1080 2562 1135 2590; x_wconf 93' lang='lat' dir='ltr'>ea</span> <span class='ocrx_word' id='word_1_269' title='bbox 1164 2561 1307 2589; x_wconf 92' lang='lat' dir='ltr'>causa</span> <span class='ocrx_word' id='word_1_270' title='bbox 1333 2553 1591 2600; x_wconf 87' lang='lat' dir='ltr'>permotus,</span> <span class='ocrx_word' id='word_1_271' title='bbox 1622 2545 1792 2597; x_wconf 90' lang='lat' dir='ltr'>partim</span> <span class='ocrx_word' id='word_1_272' title='bbox 1821 2543 1963 2583; x_wconf 87' lang='lat' dir='ltr'>etiam</span> 
     </span>
     <span class='ocr_line' id='line_1_35' title="bbox 335 2614 1966 2674; baseline -0.007 -11"><span class='ocrx_word' id='word_1_273' title='bbox 335 2624 525 2674; x_wconf 86' lang='lat' dir='ltr'>antiqua</span> <span class='ocrx_word' id='word_1_274' title='bbox 547 2622 889 2663; x_wconf 88' lang='lat' dir='ltr'>necessitudine</span> <span class='ocrx_word' id='word_1_275' title='bbox 909 2621 959 2661; x_wconf 88' lang='grc' dir='ltr'>Ρ.</span> <span class='ocrx_word' id='word_1_276' title='bbox 989 2620 1274 2661; x_wconf 82' lang='lat' dir='ltr'>Salmeronis</span> <span class='ocrx_word' id='word_1_277' title='bbox 1306 2618 1550 2659; x_wconf 84' lang='lat' dir='ltr'>devinctus</span> <span class='ocrx_word' id='word_1_278' title='bbox 1578 2617 1692 2656; x_wconf 89' lang='lat' dir='ltr'>adeo</span> <span class='ocrx_word' id='word_1_279' title='bbox 1728 2614 1966 2666; x_wconf 88' lang='lat' dir='ltr'>impendio</span> 
     </span>
    </p>
   </div>
   <div class='ocr_carea' id='block_1_3' title="bbox 337 2798 1967 3023">
    <p class='ocr_par' dir='ltr' id='par_1_5' title="bbox 337 2798 1967 2890">
     <span class='ocr_line' id='line_1_36' title="bbox 391 2798 1967 2840; baseline -0.007 -6"><span class='ocrx_word' id='word_1_280' title='bbox 391 2809 400 2828; x_wconf 94' lang='lat'>¹</span> <span class='ocrx_word' id='word_1_281' title='bbox 442 2807 588 2840; x_wconf 84' lang='lat' dir='ltr'>Joannes</span> <span class='ocrx_word' id='word_1_282' title='bbox 604 2805 807 2833; x_wconf 83' lang='lat' dir='ltr'>Franciscus</span> <span class='ocrx_word' id='word_1_283' title='bbox 823 2804 973 2832; x_wconf 84' lang='lat' dir='ltr'>Araldus</span> <span class='ocrx_word' id='word_1_284' title='bbox 986 2807 1018 2831; x_wconf 85' lang='lat' dir='ltr'>et</span> <span class='ocrx_word' id='word_1_285' title='bbox 1034 2803 1195 2831; x_wconf 87' lang='lat' dir='ltr'>Nicolaus</span> <span class='ocrx_word' id='word_1_286' title='bbox 1210 2801 1425 2830; x_wconf 84' lang='lat' dir='ltr'>Paradensis.</span> <span class='ocrx_word' id='word_1_287' title='bbox 1441 2801 1527 2828; x_wconf 83' lang='lat' dir='ltr'>Vide</span> <span class='ocrx_word' id='word_1_288' title='bbox 1546 2800 1705 2833; x_wconf 67' lang='lat' dir='ltr'>POLANCI,</span> <span class='ocrx_word' id='word_1_289' title='bbox 1723 2798 1857 2831; x_wconf 61' lang='lat' dir='ltr'>Clzron„</span> <span class='ocrx_word' id='word_1_290' title='bbox 1878 2803 1899 2824; x_wconf 83' lang='lat' dir='ltr'>t.</span> <span class='ocrx_word' id='word_1_291' title='bbox 1916 2805 1967 2830; x_wconf 77' lang='grc' dir='ltr'>ιιι,</span> 
     </span>
     <span class='ocr_line' id='line_1_37' title="bbox 337 2854 616 2890; baseline -0.011 -7"><span class='ocrx_word' id='word_1_292' title='bbox 337 2863 414 2890; x_wconf 78' lang='lat' dir='ltr'>pag.</span> <span class='ocrx_word' id='word_1_293' title='bbox 431 2855 492 2887; x_wconf 79' lang='lat'>170,</span> <span class='ocrx_word' id='word_1_294' title='bbox 509 2862 540 2881; x_wconf 92' lang='lat' dir='ltr'>n.</span> <span class='ocrx_word' id='word_1_295' title='bbox 555 2854 616 2880; x_wconf 83' lang='lat'>355.</span> 
     </span>
    </p>

    <p class='ocr_par' dir='ltr' id='par_1_6' title="bbox 392 2898 1041 2934">
     <span class='ocr_line' id='line_1_38' title="bbox 392 2898 1041 2934; baseline -0.006 -5"><span class='ocrx_word' id='word_1_296' title='bbox 392 2902 405 2921; x_wconf 73' lang='lat'><strong>2</strong></span> <span class='ocrx_word' id='word_1_297' title='bbox 444 2902 476 2929; x_wconf 87' lang='lat' dir='ltr'>P.</span> <span class='ocrx_word' id='word_1_298' title='bbox 491 2901 637 2934; x_wconf 80' lang='lat' dir='ltr'>Joannes</span> <span class='ocrx_word' id='word_1_299' title='bbox 654 2900 857 2927; x_wconf 85' lang='lat' dir='ltr'>Franciscus</span> <span class='ocrx_word' id='word_1_300' title='bbox 873 2898 1041 2932; x_wconf 75' lang='lat' dir='ltr'>Araldus.l</span> 
     </span>
    </p>

    <p class='ocr_par' dir='ltr' id='par_1_7' title="bbox 392 2945 1166 2981">
     <span class='ocr_line' id='line_1_39' title="bbox 392 2945 1166 2981; baseline -0.004 -5"><span class='ocrx_word' id='word_1_301' title='bbox 392 2949 406 2968; x_wconf 78' lang='lat'>3</span> <span class='ocrx_word' id='word_1_302' title='bbox 444 2949 479 2976; x_wconf 88' lang='lat' dir='ltr'>P.</span> <span class='ocrx_word' id='word_1_303' title='bbox 498 2949 653 2975; x_wconf 74' lang='lat' dir='ltr'>Andreas</span> <span class='ocrx_word' id='word_1_304' title='bbox 665 2948 704 2974; x_wconf 88' lang='lat' dir='ltr'>de</span> <span class='ocrx_word' id='word_1_305' title='bbox 720 2947 860 2981; x_wconf 85' lang='lat' dir='ltr'>Oviedo,</span> <span class='ocrx_word' id='word_1_306' title='bbox 876 2945 1016 2980; x_wconf 88' lang='lat' dir='ltr'>Collegii</span> <span class='ocrx_word' id='word_1_307' title='bbox 1032 2945 1166 2973; x_wconf 82' lang='lat' dir='ltr'>Rector-</span> 
     </span>
    </p>

    <p class='ocr_par' dir='ltr' id='par_1_8' title="bbox 393 2995 743 3023">
     <span class='ocr_line' id='line_1_40' title="bbox 393 2995 743 3023; baseline -0.009 1"><span class='ocrx_word' id='word_1_308' title='bbox 393 2998 407 3018; x_wconf 68' lang='lat'><em>4</em></span> <span class='ocrx_word' id='word_1_309' title='bbox 445 2997 564 3023; x_wconf 73' lang='lat' dir='ltr'>Petrus</span> <span class='ocrx_word' id='word_1_310' title='bbox 578 2995 743 3022; x_wconf 83' lang='lat' dir='ltr'>Pacheco.</span> 
     </span>
    </p>
   </div>
  </div>
 </body>
</html>
