2080 3392
809 197 892 233 ΑΝ.
923 196 1015 234 1553
1665 194 1734 230 107

94 296 241 336 festus
275 299 491 345 apparet,
523 300 573 334 ut
599 305 694 334 non
721 293 860 334 modo
887 294 1043 343 nobis,
1075 293 1157 335 sed
1186 292 1393 334 externis
1421 302 1606 343 quoque
1640 291 1734 331 sint

96 365 413 415 admirationi,
452 372 497 405 et
530 372 891 417 praeceptorum
922 366 1198 417 plerumque
1228 365 1367 415 longe
1402 368 1623 414 superent
1657 373 1732 402 ex-

94 437 420 488 pectationem.
452 435 651 476 Miscent
681 443 837 477 autem
869 448 1032 477 omnes
1063 448 1239 487 graeca
1270 435 1451 485 latinis,
1482 434 1734 486 praecipue

94 520 206 548 vero
227 507 347 548 inter
367 507 470 547 illos
496 508 707 548 nonnulli
734 509 827 548 iam
857 508 1179 559 provectiores
1210 506 1571 547 admirationem
1597 504 1736 544 simul

94 586 138 619 et
159 579 521 619 aemulationem
543 579 717 619 exteris
738 579 1020 628 excitarunt,
1040 579 1097 618 ob
1120 578 1348 630 quasdam
1369 577 1505 627 odas,
1536 587 1653 628 quas
1674 575 1734 615 ad

93 649 446 702 pindaricarum
466 651 706 702 exemplar
725 661 898 701 graece
920 649 1164 689 ediderunt
1186 650 1232 689 in
1252 649 1438 689 laudem
1459 647 1504 688 S.
1531 646 1732 695 Nicolai,

95 733 150 761 ac
170 732 256 772 pro
279 721 439 772 templi
460 722 610 761 nostri
629 721 805 761 foribus
827 721 927 761 eius
948 720 1045 761 divi
1065 720 1183 760 festo
1204 720 1276 760 die
1305 719 1574 768 affixerunt,
1602 729 1735 770 prae-

64 795 69 797 ”
94 798 163 832 ter
197 792 290 832 alia
320 792 531 832 carmina
561 804 656 832 non
688 803 841 843 pauca
866 792 1013 832 latina
1044 798 1088 831 et
1118 802 1314 842 graeca,
1347 802 1465 842 quae
1492 801 1577 841 pro
1605 800 1737 829 more

94 863 346 915 quotannis
372 863 520 903 emitti
540 864 704 903 solent.
729 862 902 903 Habita
922 868 992 903 est
1022 863 1069 903 in
1090 862 1237 902 hocce
1259 861 1519 902 studiorum
1541 860 1737 900 exordio

95 934 240 975 latina
262 934 413 974 oratio
434 934 480 974 in
500 934 688 974 laudem
707 934 848 974 trium
867 934 1152 985 linguarum,
1178 933 1445 982 hebraicae,
1469 943 1670 983 graecae
1692 937 1738 972 et

95 1006 291 1057 latinae,
322 1017 442 1057 quae
476 1017 584 1046 curn
611 1005 733 1056 aliis,
766 1011 863 1046 tum
890 1005 1141 1057 praecipue
1170 1004 1362 1056 proregi
1391 1003 1577 1054 (aderat
1615 1003 1740 1043 enim

97 1077 195 1129 ipse
216 1083 260 1117 et
280 1077 588 1128 magistratus
608 1077 832 1128 multique
854 1077 981 1117 cives
1009 1082 1054 1117 et
1081 1075 1374 1126 scholastici)
1405 1075 1524 1115 sicut
1551 1086 1610 1114 ex
1637 1075 1740 1125 ipso

98 1154 260 1200 postea
282 1148 493 1189 auditum
514 1154 598 1200 est,
622 1149 906 1200 perplacuit:
935 1148 1058 1189 hanc
1080 1155 1123 1188 et
1145 1148 1333 1199 scripsit
1356 1152 1401 1187 et
1422 1147 1539 1187 dixit
1559 1145 1620 1185 M.
1646 1145 1739 1185 An-

97 1220 224 1260 nibal
248 1219 273 1261 ¹.
297 1219 394 1260 Nec
415 1232 530 1260 vero
551 1220 711 1260 irritus
733 1220 920 1260 omnino
942 1220 982 1260 is
1003 1220 1136 1260 labor
1158 1219 1262 1269 fuit3
1282 1231 1393 1259 nam
1410 1225 1455 1259 et
1472 1217 1740 1258 auditorum

98 1303 320 1331 numerus
349 1297 512 1343 postea
534 1291 705 1342 crevit,
732 1297 776 1332 et
797 1292 876 1343 qui
901 1292 1031 1343 prius
1052 1290 1237 1331 fuerant
1263 1291 1310 1331 in
1340 1290 1533 1341 scholis,
1557 1289 1739 1329 ferven-

98 1363 215 1403 tiore
236 1363 392 1403 animo
415 1363 506 1403 visi
526 1370 633 1403 sunt
653 1363 800 1403 literis
823 1375 1015 1415 operam
1034 1363 1162 1403 dare.
1182 1362 1271 1413 Qui
1293 1369 1337 1402 et
1354 1362 1442 1414 ipsi
1458 1361 1665 1402 moribus
1683 1372 1739 1401 ac

98 1434 270 1486 pietate
288 1434 552 1486 proficiunt.
570 1434 706 1475 Nunc
722 1434 845 1474 enim
862 1435 1131 1485 diligentius
1148 1446 1288 1486 quam
1309 1435 1513 1474 solerent
1534 1444 1742 1484 unquam

100 1508 228 1558 leges
250 1506 336 1546 sibi
359 1517 465 1546 cum
486 1506 533 1545 in
555 1506 729 1546 scholis
750 1512 848 1546 tum
869 1506 916 1546 in
937 1507 1109 1557 templo
1131 1506 1450 1557 praescriptas
1468 1505 1739 1545 observant:

97 1577 252 1618 missis
269 1584 313 1618 et
332 1577 637 1618 concionibus
653 1577 943 1629 frequentius
956 1578 1200 1627 intersunt,
1220 1578 1295 1617 vel
1311 1576 1376 1628 (ut
1393 1577 1552 1616 verius
1570 1575 1741 1626 dicam)

99 1649 250 1689 rarius
273 1649 454 1698 absunt,
480 1648 823 1701 confitendique
844 1661 1025 1689 morem
1047 1649 1315 1689 observant.
1335 1647 1433 1688 Nec
1455 1648 1623 1688 desunt
1645 1647 1737 1699 qui,

97 1733 152 1761 eo
182 1732 277 1760 non
314 1721 539 1771 contenti,
577 1720 868 1772 frequentius
898 1722 1042 1760 multo
1071 1720 1366 1761 confitentur.
1400 1720 1741 1770 Eleemosynas

98 1804 281 1844 quoque
320 1792 605 1844 pauperibus
647 1792 995 1833 distribuendas
1040 1793 1227 1832 statutis
1267 1791 1429 1832 diebus
1476 1790 1742 1842 quaeritant

97 1863 321 1913 nonnulli,
342 1864 659 1916 colliguntque
676 1864 791 1904 satis
809 1865 994 1914 multas,
1014 1870 1153 1915 atque
1170 1864 1363 1912 interea,
1386 1863 1495 1903 dum
1512 1862 1558 1902 id
1576 1868 1738 1913 agunt,

99 1935 280 1986 aliquos
301 1935 361 1975 ad
382 1935 726 1976 confessionem
747 1934 998 1976 adducunt.
1018 1935 1149 1976 Haec
1171 1947 1226 1976 eo
1247 1935 1458 1986 gratiora
1478 1940 1585 1974 sunt
1606 1933 1741 1974 nobis

99 2007 222 2059 quod
252 2019 278 2046 a
309 2007 643 2058 grandioribus
677 2013 818 2059 atque
855 2008 996 2047 etiam
1031 2007 1265 2047 nobilibus
1294 2006 1421 2046 fiunt.
1454 2005 1570 2046 Sunt
1599 2005 1742 2045 etiam

99 2078 196 2130 qui,
219 2078 411 2118 meliore
432 2078 598 2130 spiritu
620 2079 768 2129 ducti,
793 2079 1071 2129 religionem
1094 2078 1335 2128 affectant,
1370 2077 1742 2130 praesertimque

98 2149 382 2190 Societatem
409 2157 637 2190 nostram.
668 2149 800 2190 Unus
825 2149 870 2190 S.
901 2150 1139 2190 Dominici
1169 2150 1380 2190 instituto
1412 2161 1514 2189 sese
1545 2148 1740 2199 addixit,

100 2222 438 2261 monasterium
466 2221 560 2261 iam
592 2222 849 2272 ingressus.
880 2221 978 2262 Nec
1005 2222 1052 2261 in
1081 2221 1204 2262 vivis
1232 2228 1434 2271 tantum,
1466 2220 1548 2260 sed
1575 2221 1621 2259 in
1648 2231 1742 2259 mo-

100 2292 326 2333 rientibus
348 2305 531 2345 quoque
549 2299 747 2344 apparet
763 2293 928 2345 pietas.
954 2292 1156 2344 Quidam
1177 2293 1315 2342 enim,
1340 2293 1442 2344 qui,
1467 2293 1507 2332 si
1527 2292 1739 2341 vixisset,

101 2364 200 2404 Deo
236 2364 282 2404 in
310 2364 400 2404 hac
429 2371 594 2404 nostra
631 2364 865 2404 Societate
895 2375 944 2404 se
973 2365 1261 2404 serviturum
1292 2364 1497 2413 dicebat,
1536 2363 1743 2414 superio·

102 2436 230 2476 ribus
261 2435 442 2486 diebus,
477 2447 583 2476 cum
619 2448 642 2475 e
670 2435 834 2476 morbo
862 2436 1036 2476 diutius
1063 2436 1343 2486 laborasset,
1381 2436 1496 2475 nihil
1525 2436 1616 2474 tale
1643 2440 1742 2474 tum

102 2507 456 2559 expectantibus
468 2507 755 2558 parentibuS,
772 2507 966 2557 orando,
980 2507 1166 2559 placida
1178 2513 1326 2547 morte
1340 2507 1485 2546 vitam
1502 2506 1746 2556 ingressus

103 2584 173 2618 est
194 2584 448 2618 aeternam.
472 2578 610 2617 Hunc
632 2589 747 2629 erga
768 2579 990 2630 pietatem
1020 2579 1248 2628 animum,
1272 2590 1364 2618 non
1386 2590 1444 2618 ex
1466 2577 1745 2617 lectionibus

103 2656 285 2690 tantum
301 2656 345 2690 et
362 2655 724 2701 praeceptorum
740 2651 946 2700 monitis,
966 2651 1048 2690 sed
1065 2652 1209 2690 multo
1228 2651 1370 2690 etiam
1390 2649 1543 2700 magis
1560 2661 1620 2688 ex
1637 2660 1742 2688 con-

104 2721 313 2761 cionibus
329 2721 565 2771 hauriunt,
597 2733 731 2772 quae,
759 2722 957 2773 singulis
980 2722 1141 2762 diebus
1168 2722 1314 2771 festis,
1340 2733 1434 2760 non
1455 2720 1636 2760 minore
1656 2719 1743 2759 fre-

104 2793 295 2843 quentia
317 2804 456 2844 quam
479 2792 670 2844 spiritus
697 2792 905 2844 fervore,
930 2793 977 2833 in
1003 2804 1140 2833 sacra
1163 2792 1278 2832 aede
1307 2799 1469 2832 nostra
1496 2791 1743 2841 habentur,

104 2863 388 2913 perdurante
416 2863 429 2882 ‘²
458 2863 643 2903 interim
671 2864 869 2904 lectione
897 2875 1016 2915 quae
1046 2864 1101 2904 de
1133 2864 1309 2904 Christi
1335 2863 1550 2903 doctrina
1581 2862 1746 2902 diebus

158 2974 168 2993 ¹
209 2974 360 3002 Annibal
376 2975 416 3001 de
433 2974 612 3009 Coudreto,
629 2975 751 3002 harum
765 2976 962 3003 litterarum
976 2976 1134 3010 scriptor.

157 3021 170 3040 2
208 3021 282 3049 Hac
295 3029 378 3049 voce
391 3023 614 3057 perdurante
626 3022 750 3056 deleta,
767 3023 1009 3057 superscripsit
1025 3023 1194 3050 Polaticus
1211 3031 1278 3050 non
1295 3023 1516 3050 intermissa.
