2080 3392
817 225 900 262 AN.
932 225 1024 264 1553
1182 228 1198 240 ⁶
1674 224 1747 261 473

102 330 225 365 esset
246 323 435 373 scirem,
460 336 519 364 ex
539 323 776 364 constanti
796 323 1048 363 multorum
1078 333 1294 362 sermone
1324 320 1436 361 novi
1467 331 1572 361 eum
1599 331 1745 372 penes

101 394 393 448 praefectum
426 395 630 435 Larachi
666 406 792 446 esse,
830 405 950 446 quae
985 394 1095 434 urbs
1129 393 1237 433 hinc
1272 392 1628 445 quatuordecim
1668 392 1745 431 vel

101 466 367 518 quindecim
387 477 683 518 parasangas
706 465 716 484 ¹
739 465 903 515 distat,
925 465 1023 505 eius
1044 476 1159 505 vero
1188 464 1368 504 socium
1389 463 1576 504 Petrum
1599 462 1741 503 Alva-

102 549 206 577 1‘um
228 538 502 578 coniicimus
524 549 551 577 a
570 537 716 577 turcis
733 537 908 577 bireme
924 536 1128 588 quadam
1144 536 1190 575 in
1209 535 1484 575 orientalem
1501 535 1746 585 regionem

104 614 396 660 asportatum
417 620 533 648 esse.
558 607 634 648 Ad
655 608 754 648 eius
775 606 1152 657 consanguineos
1173 606 1352 646 scribes
1374 605 1536 657 quanti
1564 605 1621 644 sit
1654 611 1745 644 sta-

103 686 229 720 tutus
251 680 326 720 hic
348 680 580 720 neminem
601 679 738 719 facile
758 690 896 730 posse
918 678 1148 727 iudicare,
1172 677 1452 729 praesertim
1473 688 1578 716 cum
1601 676 1747 727 capti-

104 763 272 791 vorum
293 751 493 802 pretium
514 762 572 790 ex
593 751 720 790 nulla
742 749 832 789 alia
854 761 904 788 re
937 748 1090 799 magis
1120 759 1260 799 quam
1291 759 1349 787 ex
1376 747 1496 787 falsa
1526 748 1602 786 vel
1632 758 1748 786 vera

104 822 322 874 opinione
344 822 568 874 pendeat,
592 833 733 873 quam
754 821 810 861 de
832 820 899 860 eis
919 820 1072 871 primo
1094 819 1418 870 conceperint;
1449 818 1620 857 debere
1650 829 1747 865 eos,

104 906 195 947 quo
222 905 299 934 res
328 894 387 933 sit
417 893 575 943 tutior,
606 892 793 932 circiter
821 891 1048 932 ducentos
1077 901 1246 929 aureos
1316 889 1524 929 mittere:
1554 889 1679 940 quod
1710 889 1751 928 si

103 967 331 1007 ducentos
352 965 583 1014 miserint,
608 965 672 1004 ita
693 963 881 1004 demum
907 962 1007 1003 fore
1037 961 1344 1011 tutissimum;
1379 960 1746 1012 admonebisque

104 1044 152 1079 ut
174 1049 253 1078 eos
276 1037 334 1077 ad
351 1036 655 1076 Melchiorem
671 1033 969 1075 Lamesidem
988 1045 1071 1085 per
1093 1031 1420 1084 syngrapham
1437 1031 1751 1071 foeneratoris

106 1109 303 1150 alicuius
325 1108 528 1148 mittant.

809 1534 1045 1589 CCLIX

180 1631 396 1670 Melchior
416 1629 545 1668 Cotta

225 1696 296 1734 Ex
314 1695 638 1734 commissione
658 1695 803 1732 Patris
822 1694 984 1732 Leonis
1005 1694 1225 1741 Enriquez
1240 1722 1249 1740 ‚

276 1763 397 1800 Patri
415 1762 586 1810 Ignatio
606 1761 659 1798 de
678 1760 865 1808 Loyola.

325 1828 619 1873 conimbrica,
640 1827 688 1865 29
706 1826 971 1864 Novembris
989 1825 1082 1863 1553
1100 1825 1128 1861 ⁵.

885 2088 984 2130 IHS

189 2324 303 2376 Muy
323 2323 424 2364 R.d0
447 2336 503 2364 en
526 2323 667 2364 Chro.
693 2323 860 2363 Padre.

191 2396 259 2436 La
280 2407 460 2436 summa
488 2395 652 2446 gracia
673 2408 705 2447 y
727 2406 859 2435 amor
881 2394 938 2434 de
959 2394 1070 2447 Jesu
1091 2393 1176 2433 Χ.Ο
1196 2404 1276 2432 sea
1305 2392 1506 2443 siempre
1528 2402 1585 2430 en
1614 2401 1749 2430 nues—

110 2475 209 2507 tras
230 2467 393 2507 almas.
418 2466 586 2507 Amen.

192 2537 310 2579 Dios
330 2550 432 2578 nro.
457 2537 559 2578 Sor.
583 2547 738 2588 pague
761 2539 788 2577 a
809 2535 867 2576 V.
892 2535 941 2576 P.
967 2536 1012 2575 la
1033 2534 1338 2584 consolacion
1359 2546 1390 2585 y
1412 2533 1591 2583 alegria
1619 2532 1750 2583 spiri-

111 2610 210 2650 tual
239 2621 327 2661 que
354 2609 491 2650 todos
525 2608 774 2658 recibimos
808 2618 897 2646 con
923 2607 994 2646 las
1028 2605 1387 2646 constitutiones
1420 2617 1451 2655 y
1477 2602 1650 2643 venida
1684 2602 1759 2642 del

113 2681 262 2721 Padre
284 2686 488 2720 maestro
510 2678 769 2719 hieronimo
785 2677 951 2726 Nadal,
975 2678 1019 2717 la
1042 2678 1150 2728 qual
1171 2688 1232 2728 yo
1255 2688 1313 2716 en
1333 2675 1542 2726 ninguna
1564 2685 1758 2714 manera

113 2752 278 2804 podria
300 2752 537 2801 declarar3
562 2751 604 2790 el
625 2750 771 2801 padre
793 2761 842 2789 se
865 2749 974 2789 avia
996 2748 1181 2800 partido
1203 2759 1320 2799 para
1342 2745 1598 2796 Sanctiago
1620 2756 1758 2785 como

169 2915 179 2934 ¹
219 2913 403 2948 Hispanice
419 2913 552 2946 leguas.
570 2910 631 2939 Est
647 2915 763 2938 autem
782 2913 992 2944 parasanga
1008 2915 1168 2935 mensura
1183 2907 1352 2942 quaedam
1370 2906 1595 2933 orientalibus
1610 2905 1756 2939 populis,

113 2962 223 2996 persis
238 2961 454 2996 praesertim.
468 2959 664 2992 communis,
681 2965 767 2992 quae
782 2957 904 2985 leucae
919 2956 1165 2990 longitudinem
1179 2955 1250 2982 fere
1266 2958 1436 2988 exaequat
1451 2953 1510 2981 sed
1523 2961 1588 2980 non
1601 2953 1758 2987 attingit.

169 3010 183 3029 ‘2
221 3009 266 3036 80
281 3009 436 3036 ducados
450 3007 638 3042 hispanice.

168 3057 182 3077 5
220 3055 579 3091 Autog1·aphae.solio
596 3055 706 3088 unico,
722 3062 752 3081 n.
765 3053 828 3081 627.
