2080 3392
256 159 321 196 126
758 159 984 195 LITTERAE
1010 169 1366 202 QUADRIMESTRES

331 255 645 296 Salmanticae
672 255 895 307 postridie
918 266 1068 294 nonas
1092 255 1296 295 Ianuarii
1326 266 1447 295 anno
1477 254 1666 296 Domini
1692 256 1866 307 mill.1¹²0

251 326 622 378 quingentesimo
658 326 1042 377 quinquagesimo
1074 326 1224 366 tertio.

332 395 632 437 Paternitatis
653 403 762 437 tuae
783 408 949 436 servus
970 397 1161 448 inutilis,

1348 540 1375 585 †
1404 538 1711 578 HERNANDEZ.
1743 537 1773 589 †

331 745 867 818 Straperscrzpt2·0.=1fis.
898 767 1163 808 Admodum
1190 768 1291 808 R.d0
1320 768 1366 807 in
1397 766 1479 806 Χ.Ο
1510 767 1633 818 patri
1663 766 1724 806 M.
1747 767 1883 817 Igna—

251 838 313 878 tio
335 838 609 889 Praeposito
629 838 838 889 generali
860 839 1100 878 societatis
1117 839 1238 878 Iesu.
1261 838 1455 878 Romae.

330 908 441 949 Alia
461 919 625 948 manu:
650 908 765 948 1553,
789 907 1023 948 Salaman.
1046 908 1238 959 Quadri.
1262 909 1390 949 Ianu.

1001 986 1044 1019 et
1066 979 1122 1020 A.

982 1049 1035 1100 Q.
1078 1049 1136 1090 V.

948 1476 1181 1531 CXCVI

319 1685 546 1723 Gerardus
566 1685 699 1724 Cools
721 1685 954 1731 (Brassica)
974 1685 1314 1730 Dordracensis,

365 1750 437 1787 Ex
454 1750 772 1788 commissione
792 1750 937 1787 Patris
956 1750 1177 1788 Leonardi
1196 1750 1372 1796 Kessel,

414 1816 533 1853 Patri
552 1816 720 1864 Ignatio
740 1816 793 1852 de
812 1815 996 1863 Loyola.

459 1881 658 1929 Colonia,
681 1881 725 1918 10
742 1881 941 1928 Januarii
963 1880 1054 1917 1553
1072 1881 1097 1917 ¹.

1010 2070 1106 2145 usis

327 2296 438 2337 Gra.
459 2303 503 2336 et
523 2308 617 2348 pax
633 2297 821 2338 Domini
844 2300 989 2339 nostri
1006 2299 1108 2339 Iesu
1131 2299 1256 2339 Chri.
1283 2300 1342 2340 sit
1363 2311 1469 2340 cum
1490 2300 1704 2340 omnibus
1725 2300 1873 2340 nobis.

246 2367 411 2407 Amen.

325 2437 676 2489 Quadrimestre
706 2446 887 2491 tempus
909 2441 1157 2491 expiravit,
1180 2440 1587 2481 Reverendissime
1617 2441 1663 2480 in
1691 2441 1876 2481 Christo

244 2507 348 2548 Iesu
368 2514 516 2560 pater.
540 2509 813 2550 Obedientia
834 2511 958 2550 iubet
977 2516 1201 2562 paternae
1233 2518 1339 2551 tuae
1363 2512 1626 2551 celsitudini
1653 2524 1727 2562 ea,
1759 2523 1877 2563 quae

246 2579 369 2630 apud
398 2591 484 2619 nos
511 2586 644 2630 gesta
679 2587 786 2620 sunt
817 2581 961 2621 hocce
992 2582 1214 2633 temporis
1243 2582 1510 2633 intervallo,
1545 2583 1749 2622 breviter
1778 2594 1876 2633 per-

298 2760 308 2780 1
347 2760 609 2795 Autographum
624 2763 712 2790 inter
728 2763 853 2791 Litter.
874 2763 1069 2797 Quadrima,
1088 2763 1254 2796 1553-54,
1269 2765 1392 2799 duplici
1416 2766 1506 2799 folio,
1523 2773 1576 2792 nn.
1597 2765 1648 2792 301
1664 2769 1697 2792 et
1718 2765 1780 2792 302.
1803 2766 1876 2792 Has

245 2807 380 2835 litteras
391 2809 602 2843 decurtavit,
620 2814 656 2836 ut
672 2810 775 2837 moris
791 2814 883 2845 erat,
900 2811 1006 2845 ignoti
1023 2811 1215 2846 eujusdam,
1233 2816 1325 2839 certo
1342 2813 1480 2845 flandri,
1495 2820 1631 2846 manus,
1648 2816 1680 2840 et
1695 2820 1810 2839 earum
1826 2813 1872 2839 sie

244 2855 502 2882 decurtatarum
516 2856 594 2883 bina
616 2857 782 2884 habemus
802 2858 974 2892 exempla,
997 2865 1098 2885 unum
1120 2858 1209 2885 inter
1229 2859 1321 2893 ipsas
1344 2860 1468 2887 Litter.
1490 2860 1687 2893 Quadm'Jn.,
1709 2860 1872 2891 1553-54,

244 2911 275 2929 n.
287 2902 349 2936 306,
366 2903 453 2936 quod
468 2903 500 2930 in
516 2907 639 2937 quarta
652 2904 780 2938 pagina
794 2905 877 2931 haec
894 2905 1015 2932 habet:
1040 2912 1060 2931 a
1078 2905 1268 2939 Portugalo
1285 2913 1308 2940 y
1325 2915 1344 2933 a
1362 2907 1505 2941 §pagna
1520 2911 1588 2941 per
1602 2908 1684 2934 duoi
1697 2907 1772 2934 vie:
1787 2908 1870 2933 alte-

244 2956 329 2983 rum,
346 2949 452 2976 Roma
467 2949 679 2985 Complutum
695 2951 842 2985 missum,
865 2952 897 2978 in
918 2951 1078 2979 sttorz’a
1093 2953 1209 2984 varia,
1225 2954 1291 2980 vol.
1309 2961 1329 2987 1,
1346 2953 1402 2982 fol.
1418 2954 1481 2981 302.
