2080 3392
326 196 396 234 596
836 196 1063 233 LITTERAE
1089 207 1450 239 QUADRIMESTRES

406 292 628 332 Visitavit
653 291 702 331 P.
740 291 978 331 Adrianus
1011 291 1128 331 Rev.
1177 291 1474 331 Cardinalem
1507 291 1694 341 Polum,
1730 293 1960 345 Legatum

326 364 650 414 Apostolicum
672 362 683 381 ¹
706 363 916 402 similiter
932 362 1355 414 Archiepiscopum
1371 362 1399 413 2,
1419 362 1642 403 Nuntium
1659 375 1686 403 a
1703 362 1821 404 Sede
1838 365 1960 416 Apo-

327 434 493 474 stolica
527 420 688 472 ultimo
722 433 916 473 missum
952 432 979 473 ⁵.
1018 433 1302 484 Episcopum
1338 444 1523 485 quoque
1558 433 1894 487 Bressens[em]
1930 435 1958 487 ⁴²,

329 516 434 544 cum
463 504 629 544 Fratre
649 503 786 543 Petro
809 504 864 543 de
886 503 1010 554 Soto,
1037 504 1168 544 Caes.
1199 503 1360 555 Majes
1393 504 1697 555 confessario,
1729 516 1835 545 cum
1866 507 1961 557 qui-

328 575 413 614 bus
435 575 530 625 egit
550 575 688 614 valde
708 574 1014 625 familiariter,
1048 575 1125 626 qui
1147 586 1238 614 uno
1267 586 1346 614 ore
1375 586 1560 615 omnem
1591 586 1725 615 suam
1753 587 1959 628 operam,

327 646 604 696 ubicumque
626 645 819 695 possint,
843 645 977 685 nobis
1000 645 1199 685 offerunt
1221 651 1264 685 et
1286 646 1581 695 pollicentur.

406 716 647 766 Quaedam
683 716 911 756 ditissima
945 716 1087 756 vidua
1115 716 1432 768 Antuerpiae,
1462 716 1633 767 Viginti
1661 717 1752 757 duo
1782 723 1861 758 aut
1896 718 1959 758 vi-

325 787 442 838 ginti
479 787 619 826 trium
659 798 907 835 annorum,
951 787 1066 827 duas
1102 787 1279 827 habens
1314 787 1499 838 proles,
1538 787 1762 827 mundum
1797 789 1960 828 statuit

325 858 599 909 relinquere,
625 858 815 909 cupiens
836 859 1012 898 intrare
1033 858 1310 898 coenobium
1338 857 1540 898 Sanctae
1570 857 1753 898 Clarae.
1782 858 1961 899 Verum

324 930 597 980 priusquam
630 930 729 969 voti
763 935 945 980 poterat
976 929 1076 968 fieri
1107 940 1321 980 compos,
1358 934 1515 968 tantas
1550 940 1693 980 passa
1727 930 1957 970 contradi-

325 1001 501 1040 ctiones
529 1012 555 1039 a
585 1001 877 1051 parentibus,
915 1001 1078 1040 amicis
1113 1006 1302 1051 totaque
1339 1011 1423 1040 sua
1455 1001 1710 1051 progenie,
1744 1012 1863 1051 quae
1898 1001 1962 1041 ibi

323 1072 460 1111 Valde
482 1078 551 1111 est
572 1071 776 1121 famosa,
801 1071 923 1122 quod
945 1071 1078 1122 quasi
1099 1071 1146 1110 in
1167 1077 1427 1110 extremam
1446 1071 1640 1111 reducta
1673 1071 1956 1122 angustiam,

324 1142 432 1193 quid
453 1141 719 1182 faciendum
739 1142 912 1193 quidve
940 1141 1246 1181 omittendum
1273 1141 1527 1191 dubitaret,
1562 1141 1650 1181 hoc
1680 1142 1830 1181 solum
1859 1143 1962 1182 reli·

323 1225 463 1265 quum
484 1213 681 1261 habens,
705 1213 753 1252 in
774 1225 864 1264 quo
894 1225 1078 1252 omnem
1111 1225 1242 1263 spem
1270 1219 1314 1252 et
1343 1212 1562 1252 fiduciam
1594 1213 1804 1263 tenebat,
1838 1213 1961 1264 quic-

322 1284 431 1335 quid
453 1284 590 1324 Pater
612 1284 850 1324 Adrianus
879 1284 1161 1332 consuleret,
1194 1284 1394 1323 caeteris
1425 1283 1608 1324 cunctis
1637 1284 1833 1334 spretis,
1866 1284 1960 1324 uni-

322 1366 427 1395 cum
448 1356 536 1394 hoc
558 1367 606 1394 se
628 1355 874 1405 facturam,
900 1360 949 1394 ut
970 1354 1100 1404 fecit,
1124 1366 1247 1404 nam,
1271 1354 1411 1394 Patre
1432 1354 1689 1405 mediante,
1714 1366 1820 1394 cum
1855 1367 1959 1395 con-

321 1437 460 1465 sensu
482 1432 742 1476 parentum,
767 1427 843 1477 qui
866 1426 1005 1465 etiam
1026 1426 1206 1476 prolum
1228 1426 1276 1465 in
1298 1436 1346 1465 se
1365 1436 1532 1465 curam
1549 1431 1873 1476 susceperunt,
1900 1426 1960 1466 ad

321 1498 585 1548 exemplum
619 1498 872 1537 multarum
906 1496 1142 1546 virginum
1182 1496 1228 1535 in
1267 1496 1432 1536 eodem
1471 1496 1686 1547 proxime
1729 1496 1955 1537 coenobio

322 1569 565 1608 vestietur.

400 1639 578 1678 Verum
609 1650 666 1678 ne
692 1639 779 1678 sim
810 1638 1050 1689 prolixior,
1084 1638 1270 1678 tertiam
1298 1638 1435 1678 huius
1470 1638 1697 1689 epistolae
1733 1638 1958 1688 arripiam

320 1716 516 1761 partem,
541 1710 587 1749 in
610 1721 698 1760 qua
720 1709 881 1759 tribus,
907 1709 1029 1760 quod
1051 1708 1141 1748 dici
1163 1709 1293 1756 solet,
1320 1709 1474 1748 verbis
1495 1720 1652 1748 rerum
1678 1709 1956 1749 domestica-

319 1793 423 1821 rum
458 1779 667 1832 [statum]
710 1780 970 1831 exprimere
1011 1780 1227 1819 conabor.
1267 1779 1429 1820 Studia
1467 1780 1654 1831 quidem
1692 1779 1954 1831 singularia

319 1853 446 1892 nulla
480 1852 725 1901 habemus,
756 1857 1084 1902 praeterquam
1111 1851 1304 1890 visitare
1333 1850 1566 1901 infirmos,
1598 1850 1847 1890 consolare
1874 1862 1954 1902 pu-

320 1924 588 1971 sillanimes,
613 1922 880 1962 confortare
896 1922 1148 1962 morientes
1170 1928 1213 1961 et
1235 1921 1446 1970 afflictos,
1471 1921 1637 1973 quibus
1656 1922 1776 1961 adeo
1800 1921 1952 1961 obrui·

319 2006 437 2045 mur,
462 2001 509 2034 ut
531 1995 612 2034 vix
643 1994 904 2033 litterarum
932 1992 1095 2032 studiis
1123 1994 1242 2032 ullus
1269 1993 1559 2044 relinquatur
1591 1993 1745 2042 locus,
1779 1993 1817 2032 si
1848 1992 1957 2044 quid

319 2066 619 2115 concedatur,
645 2065 734 2104 hoc
755 2064 941 2115 privato
964 2063 1244 2114 impenditur
1267 2063 1436 2103 studio.

398 2137 514 2176 Tres
540 2136 806 2185 habuimus,
831 2135 908 2186 qui
929 2147 978 2174 se
1000 2135 1045 2174 in
1066 2134 1385 2185 spiritualibus
1410 2141 1725 2175 exercuerunt
1751 2142 1954 2175 contem-

318 2207 614 2259 plationibus,
638 2218 834 2258 quorum
855 2206 946 2245 duo
965 2205 1024 2245 ad
1040 2212 1252 2245 nostram
1267 2205 1478 2256 aspirant
1495 2204 1797 2246 Societatem.
1818 2205 1951 2246 Unus

326 2279 567 2328 sacerdos,
593 2277 906 2328 singularibus
928 2276 1205 2328 quibusdam
1235 2281 1431 2316 naturae
1452 2276 1668 2327 insigniis
1690 2276 1806 2316 bene
1828 2277 1956 2316 dota-

376 2488 384 2507 ¹
426 2487 633 2520 Reginaldus
649 2486 759 2517 Polus,
777 2484 978 2517 Cardinalis,
994 2484 1213 2518 Apostolicae
1230 2483 1326 2510 Sedis
1341 2484 1413 2510 “vel
1437 2484 1478 2510 ad
1496 2483 1690 2517 Caesarem,
1708 2485 1763 2511 vel
1781 2484 1823 2511 ad
1839 2484 1956 2511 Gallo-

320 2542 391 2561 rum
409 2534 547 2567 Regem,
563 2534 617 2559 vel
633 2533 675 2559 ad
691 2536 896 2565 ut1·umque„,
913 2536 949 2558 ut
961 2531 1009 2558 ait
1024 2531 1242 2564 Rnrxarous,
1258 2530 1399 2562 Annal„
1414 2531 1498 2564 1553,
1515 2538 1545 2557 n.
1556 2538 1608 2564 111,
1623 2531 1787 2565 Legatus.

378 2582 391 2600 2
428 2581 545 2607 Verba
561 2581 645 2607 haec
661 2579 831 2606 similiter
845 2578 1170 2612 Archz'eptscopum,
1184 2579 1263 2605 licet
1279 2580 1373 2606 nullo
1389 2578 1484 2612 signo
1499 2586 1519 2605 a
1533 2579 1818 2612 praecedentibus
1839 2579 1955 2606 verbis

319 2629 349 2655 in
366 2628 581 2662 autographo
596 2631 808 2661 separentur,
825 2626 958 2653 minime
981 2633 1055 2652 cum
1070 2626 1110 2652 iis
1124 2626 1284 2653 videntur
1299 2626 1545 2661 conjungenda.
1570 2625 1745 2652 Cardinali
1766 2627 1855 2653 enim
1870 2626 1951 2653 Polo

321 2676 452 2703 nonnisi
475 2675 629 2709 sequenti
652 2682 749 2708 anno,
775 2674 827 2701 die
854 2681 888 2701 Χῖ
915 2673 1129 2705 Decembris,
1155 2673 1411 2701 Cantuariensis
1436 2673 1754 2707 Archiepiscopalis
1778 2672 1955 2700 Ecclesiae

322 2723 573 2750 administratio
589 2723 717 2749 collata
732 2722 806 2748 suit.

373 2771 386 2790 3
424 2770 651 2805 Hieronymus
666 2769 824 2802 Dandini,
841 2768 1230 2798 Cardinalis,1molensis
1245 2768 1366 2802 dictus,
1383 2769 1462 2802 quia
1473 2768 1603 2795 Imolae
1623 2768 1813 2802 Episcopus
1830 2769 1943 2795 suerat

374 2819 386 2838 4
424 2818 601 2844 Bressens
623 2817 800 2850 perspicue
822 2816 948 2848 legitur
963 2815 995 2842 in
1017 2815 1248 2849 autographo,
1273 2823 1326 2842 em
1348 2823 1442 2849 vero,
1468 2815 1555 2849 quod
1578 2816 1746 2849 addimus,
1772 2815 1805 2842 in
1831 2817 1956 2843 attrita

320 2866 441 2892 charta
457 2865 662 2891 subobscure
677 2862 875 2897 percipitur.
892 2862 985 2895 Quod
1001 2863 1028 2889 si
1043 2869 1103 2896 pro
1119 2862 1361 2896 Brixiensem,
1378 2867 1414 2889 ut
1428 2870 1530 2896 saepe
1547 2867 1625 2889 tunc
1642 2866 1674 2889 et
1689 2867 1810 2896 postea
1825 2864 1954 2891 factum

317 2918 378 2946 est,
403 2912 549 2945 positum
570 2911 812 2943 existimemus,
835 2917 946 2936 sermo
969 2913 1018 2936 est
1040 2910 1079 2936 de
1096 2909 1248 2937 Durante
1274 2911 1313 2937 de
1335 2910 1555 2944 DurantibuS,
1579 2910 1749 2937 Brixiensi
1773 2910 1950 2945 Episcopo.

317 2960 426 2994 Hujus
442 2964 568 2992 tamen,
584 2963 620 2986 ut
637 2962 670 2985 et
688 2957 1007 2991 A1·chiepiscopi,de
1029 2965 1092 2991 quo
1114 2965 1227 2991 supra,
1250 2961 1364 2985 annot.
1387 2957 1422 2992 2,
1448 2959 1585 2990 nullam,
1608 2958 1685 2984 dum
1709 2958 1792 2985 haec
1815 2962 1951 2991 narrat,

314 3007 513 3035 mentionem
529 3007 631 3033 habet
647 3005 819 3033 PoLANCUs
835 3009 867 3031 et
882 3009 958 3039 post
973 3012 1046 3031 eum
1063 3004 1290 3032 ORLANmNth.
