2080 3392
819 184 903 221 Ax.
935 185 1027 222 1553
1683 183 1755 221 305

103 282 409 322 ediscendam
443 288 592 322 artem
625 282 710 322 sub
744 293 858 322 suae
897 281 1003 321 fidei
1038 280 1367 321 commissione
1404 280 1633 331 suscepit,
1674 292 1751 331 pa-

106 352 318 393 rentibus
346 352 536 393 domum
564 353 816 393 remittere.
851 351 1031 392 Verum
1059 352 1195 392 aliter
1223 351 1379 391 visum
1405 356 1476 390 est
1506 349 1662 401 Patri,
1697 362 1754 390 ne

108 425 207 464 sale
228 430 333 464 acta
352 430 569 464 carerent
585 423 885 475 prudentiae:
905 423 1109 474 superba
1131 421 1318 474 quidem
1334 421 1458 462 illico
1475 421 1750 472 omittenda,

108 507 337 546 personas
357 507 471 535 vero
492 507 576 546 per
597 493 786 546 aliquod
806 493 1032 545 temporis
1056 493 1259 544 spatium
1288 493 1334 533 in
1363 493 1529 533 melius
1561 504 1754 533 conver-

107 566 275 607 tendas
297 572 475 617 censet,
501 572 640 617 atque
662 566 841 606 interea
863 576 947 604 sex
967 570 1142 615 puncta
1174 576 1200 603 a
1228 564 1488 604 venerabili
1509 564 1754 604 Bonaven-

109 643 216 677 tura
237 638 284 677 in
305 637 401 677 suis
422 636 805 677 meditationibus
826 635 882 675 de
902 635 1000 675 vita
1023 634 1219 685 Christi,
1239 646 1342 686 cap.
1372 634 1438 683 12,
1464 635 1750 686 conscripta,

112 720 232 760 quae
261 707 400 747 Pater
428 707 474 748 in
501 708 807 747 vernaculam
834 706 1071 746 transtulit
1104 706 1336 757 linguam,
1371 706 1412 745 ei
1441 706 1756 746 exscribenda

104 790 312 830 suasque
345 777 557 818 docenda
587 778 798 827 tradidit,
836 783 885 817 ut
921 777 1050 817 hisce
1085 776 1257 828 politas
1293 777 1607 828 ornamentis,
1639 788 1756 829 quas

110 849 266 900 docet,
290 849 479 889 tandem
501 848 560 889 ad
580 848 798 900 proprias
825 848 1104 898 remitteret,
1137 859 1219 887 seu
1245 847 1569 898 parentibus...
1598 846 1608 865 ¹
1633 848 1756 887 iube-

106 927 180 961 ret
201 932 250 961 se
271 921 469 972 amplius
496 921 619 960 nolle
649 920 820 960 talibus
852 919 1077 970 occupari
1107 918 1356 958 mundanis
1386 918 1752 959 curiositatibus.

109 993 193 1042 At,
230 991 433 1032 Domino
464 992 759 1043 disponente,
792 990 1081 1031 renunciatis
1113 989 1207 1029 iam
1236 989 1417 1029 cunctis
1445 989 1546 1029 istis
1574 989 1754 1030 vanita-

110 1064 253 1111 tibus,
279 1063 616 1115 discipularum
636 1074 857 1102 numerus
880 1062 1069 1102 illaesus
1099 1061 1379 1112 permansit,
1413 1073 1530 1112 quas
1551 1062 1755 1113 quotidie

110 1135 402 1187 simpliciora
426 1147 481 1175 ac
504 1134 746 1174 hominum
766 1133 872 1174 usui
892 1133 1164 1174 necessaria
1185 1132 1356 1172 docere
1377 1133 1547 1184 pergit.

194 1205 437 1256 Quaedam
467 1217 668 1256 persona
700 1205 747 1244 in
777 1204 1078 1245 matrimonio
1114 1203 1394 1254 constituta,
1429 1204 1566 1244 avide
1602 1204 1757 1244 admo-

108 1276 222 1317 dum
241 1277 379 1317 huius
400 1276 560 1317 mundi
581 1287 872 1328 prosequens
893 1275 1271 1326 sensualitatem,
1296 1276 1418 1315 ultro
1440 1275 1631 1315 tandem
1653 1282 1758 1327 post

112 1348 294 1400 aliquas
316 1348 633 1388 confessiones
655 1347 844 1387 Patrem
865 1347 1019 1398 coepit
1039 1358 1237 1398 rogare,
1260 1358 1356 1387 non
1378 1347 1501 1387 enim
1519 1347 1758 1398 singulare

113 1419 225 1471 quid
253 1418 528 1459 confitentes
556 1418 709 1458 moliri
736 1419 888 1458 solent
918 1418 1093 1469 absque
1120 1429 1307 1467 eorum,
1340 1419 1508 1469 quibus
1539 1418 1757 1459 confiten-

110 1497 208 1541 tur,
231 1490 523 1542 praeiudicio
555 1496 598 1530 et
631 1490 850 1540 consilio,
882 1495 932 1529 ut
962 1496 1122 1541 posset
1153 1496 1380 1541 argentea
1410 1501 1494 1530 sua
1525 1490 1758 1542 deponere

112 1568 411 1612 ornamenta,
436 1562 669 1613 pretiosas
691 1560 1046 1613 superfluasque
1066 1561 1453 1601 vestimentorum
1470 1562 1759 1603 abscondere

111 1633 319 1673 fimbrias
342 1633 557 1685 (quarum
578 1633 654 1673 hic
676 1644 877 1684 magnus
898 1632 1074 1672 abusus
1105 1638 1195 1681 est,
1228 1632 1311 1672 sed
1338 1644 1364 1672 a
1396 1633 1572 1684 multis,
1598 1633 1758 1674 divino

111 1711 354 1745 crescente
377 1716 561 1755 amore,
591 1716 686 1744 non
713 1704 1005 1744 fimbriarum
1032 1702 1302 1754 dumtaxat,
1333 1704 1415 1744 sed
1443 1710 1487 1744 et
1516 1706 1760 1756 peplorum

111 1788 196 1816 seu
219 1776 388 1828 capitis
408 1776 716 1826 velaminum,
741 1775 1068 1827 pectoralium,
1105 1775 1441 1827 similiumque,
1475 1776 1641 1827 quibus
1663 1788 1758 1817 mu-

112 1848 279 1888 lierum
301 1848 558 1887 delectatur
579 1846 788 1896 vanitas,
813 1846 1050 1886 contemni
1072 1846 1352 1896 consuevit),
1377 1846 1503 1887 facta
1519 1848 1619 1888 voti
1636 1840 1759 1889 com-

113 1931 214 1970 pos,
237 1919 397 1959 statim
418 1918 709 1970 incoeptum,
734 1929 968 1958 consensu
989 1917 1160 1967 mariti,
1188 1918 1440 1969 complevit
1460 1931 1516 1959 ac
1537 1919 1692 1970 pergit
1714 1920 1760 1960 in

119 1990 285 2030 melius
311 1996 495 2030 mutare
525 1989 674 2029 vitam
703 1996 842 2041 atque
864 1988 1127 2030 ferventius
1151 1989 1252 2030 Deo
1274 1990 1407 2030 unire
1429 1990 1650 2030 animum.

195 2061 457 2101 Nonnullae
486 2061 628 2101 etiam
658 2060 902 2112 utriusque
933 2072 1074 2102 sexus
1106 2073 1362 2113 personae,
1396 2074 1516 2113 quae
1546 2074 1572 2102 a
1603 2063 1761 2103 multis

112 2133 250 2173 annis
282 2133 329 2172 in
363 2132 575 2184 plurimis
610 2144 666 2173 ac
700 2132 999 2183 gravissimis
1033 2133 1197 2174 vixere
1231 2134 1460 2186 peccatis,
1499 2134 1555 2174 de
1592 2134 1761 2186 quibus

116 2216 355 2256 nunquam
376 2216 488 2244 vere
508 2203 697 2244 fuerunt
724 2203 989 2254 confessae,
1022 2216 1109 2245 nec
1137 2216 1342 2256 unquam
1369 2206 1621 2257 tranquilla
1653 2218 1760 2246 con-

116 2276 313 2316 scientia
335 2275 576 2315 vivificum
593 2281 894 2327 sumpserunt
911 2283 1283 2327 sacramentum,
1302 2288 1465 2316 omnes
1482 2277 1529 2317 in
1545 2277 1761 2318 libertate

114 2346 435 2387 conscientiae
464 2347 679 2386 sarcinas
711 2358 795 2398 per
830 2347 1175 2387 confessionem
1209 2347 1391 2398 integre
1425 2347 1757 2400 deposuerunt,

115 2430 209 2469 quo
231 2417 384 2457 medio
405 2428 500 2457 non
519 2418 678 2469 pauci,
703 2424 801 2457 tum
822 2418 932 2468 viri,
957 2424 1055 2457 tum
1075 2418 1314 2468 mulieres,
1341 2431 1399 2458 ex
1416 2419 1563 2459 variis
1586 2420 1761 2460 anima-

117 2501 223 2529 rum
252 2489 620 2538 discriminibus,
653 2489 1115 2541 praesumptionibus
1145 2496 1189 2530 et
1210 2490 1317 2530 lacu
1340 2490 1681 2541 desperationis
1702 2492 1762 2532 ad

114 2560 418 2600 serenitatem
438 2560 563 2599 vitae
584 2559 767 2600 reducti
787 2567 910 2600 sunt.
941 2560 1046 2600 Una
1077 2560 1191 2600 mihi
1218 2561 1396 2611 retulit,
1431 2561 1578 2612 proba
1605 2568 1763 2603 tamen

117 2643 174 2672 ac
195 2642 368 2681 magna
390 2631 437 2670 in
458 2630 631 2670 mundo
653 2637 886 2681 matrona,
911 2632 1001 2672 nisi
1022 2632 1110 2671 hoc
1132 2632 1485 2683 impedivissem
1513 2632 1762 2674 confessio-

118 2703 191 2742 nis
217 2702 550 2752 medicamine,
583 2713 632 2741 se
663 2701 741 2741 diu
770 2703 895 2742 mala
925 2703 1256 2754 interemptam
1283 2703 1427 2743 fuisse
1457 2711 1620 2744 morte.
1658 2704 1762 2745 Alia

119 2785 303 2826 quoque
331 2786 389 2813 ex
418 2773 766 2824 desperatione,
798 2774 855 2813 ob
882 2774 1077 2815 nimiam
1105 2774 1400 2814 iracundiam
1426 2781 1471 2814 et
1496 2787 1761 2825 rancorem,

118 2857 301 2885 veneno
324 2857 372 2885 se
393 2856 565 2884 necare
592 2844 795 2895 putavit3
818 2844 1011 2895 infecta,
1035 2852 1084 2886 ut
1106 2846 1207 2897 ipsa
1236 2846 1558 2897 existimabat,
1584 2859 1667 2888 seu
1688 2860 1764 2888 ve-

174 3005 184 3025 ¹
224 3005 331 3032 Linea
346 3013 448 3039 super
461 3005 564 3032 ducta
579 3012 598 3032 a
619 3004 766 3032 Polanco
782 3004 931 3032 deletum
946 3006 1089 3033 verbum
1105 3007 1219 3040 legere
1235 3014 1299 3033 non
1316 3014 1507 3040 possumus.

316 3064 365 3101 T.
397 3076 437 3102 ιι.
1483 3078 1528 3102 20
