2080 3392
356 206 426 240 432
867 202 1093 238 LITTERAE
1120 212 1475 244 QUADRIMESTRES

357 300 477 350 legio
499 304 645 346 erant,
663 304 733 338 est
749 298 953 349 habitus,
977 309 1034 337 ex
1057 298 1221 349 quibus
1242 303 1352 348 tres,
1376 299 1568 349 scilicet,
1591 299 1640 340 P.
1663 299 1982 340 Gondisalvus

355 384 382 409 a
404 370 616 419 silvest-a,
640 368 688 409 P.
714 369 952 409 Gonzalus
971 367 1074 408 Vaz
1095 375 1139 408 et
1160 368 1208 408 P.
1233 369 1464 409 Antonius
1485 382 1511 409 a
1533 369 1746 420 Quadros
1770 369 1978 421 ¹profes-

356 440 501 480 sionis
522 439 805 479 solemnibus
833 439 957 479 votis
978 450 1079 479 sese
1109 438 1401 479 addixerunt.
1437 439 1593 480 Voluit
1614 440 1895 491 professioni
1916 441 1978 480 in·
2013 430 2019 438 ’

355 518 531 550 teresse
547 510 646 561 ipse
665 509 767 549 Rex
789 521 844 549 ac
866 509 1100 560 principes
1121 516 1165 549 et
1186 522 1277 550 una
1301 521 1406 550 cum
1427 511 1550 550 omni
1570 511 1700 551 curia
1724 511 1783 551 ad
1804 511 1978 551 Divum

356 580 566 620 Rochum
588 581 730 631 venit,
764 581 827 620 ita
855 581 978 620 enim
1004 581 1226 631 templum
1256 581 1378 631 quod
1405 581 1598 621 dederat
1627 582 1900 632 appellatur,
1925 582 1981 621 si-

354 653 540 703 mulque
560 663 734 691 novam
762 652 926 691 domus
946 651 1292 702 possessionem
1312 640 1396 691 vsuo
1414 652 1618 691 adventu
1642 664 1696 692 ac
1719 652 1983 702 praesentia

355 723 624 762 celebravit.
653 722 971 762 Concionatus
993 729 1062 762 est
1078 721 1126 761 P.
1149 721 1433 762 Franciscus
1455 723 1526 772 (de
1547 735 1638 774 quo
1659 723 1865 773 inferius)
1888 735 1981 763 ma-

352 794 479 833 xima
509 793 636 844 regis
663 799 707 832 et
738 794 943 832 omnium
974 792 1296 832 aedificatione
1332 793 1699 845 adhortatusque
1734 794 1984 845 praecipue

352 875 438 904 nos
469 869 539 903 est
566 869 696 903 tanto
731 863 917 903 fervore
948 869 1170 914 tantaque
1197 864 1387 914 spiritus
1421 864 1733 914 vehementia,
1769 870 1818 904 ut
1852 864 1985 904 nobis

354 934 568 974 omnibus
589 934 940 973 innovationem
970 934 1220 991 quamdam
1253 934 1511 985 spiritalem
1541 935 1761 974 attulerit.
1790 935 1862 975 Ex
1881 946 1983 985 pro-

353 1005 631 1045 fessionibus
653 1010 808 1044 autem
830 1005 998 1044 mirum
1019 1005 1145 1044 dictu
1160 1004 1299 1045 fuerit
1316 1012 1506 1056 quanta,
1526 1017 1621 1045 non
1638 1006 1786 1045 solum
1807 1011 1983 1045 nostro-

352 1087 470 1123 rum,
491 1087 655 1116 verum
671 1076 810 1115 etiam
828 1075 1031 1115 omnium
1049 1076 1363 1126 praesentium
1380 1076 1547 1116 animis
1564 1076 1751 1116 devotio
1769 1087 1983 1116 accreve-

353 1147 431 1195 rit;
456 1147 500 1186 id
523 1147 644 1186 enim
661 1147 915 1186 lachrimae
937 1146 1205 1186 indicabant
1227 1154 1364 1197 atque
1388 1147 1602 1198 suspiria.
1623 1147 1815 1187 Tradita
1832 1147 1985 1186 fuerat

353 1218 455 1268 regi
476 1224 693 1256 votorum
714 1217 866 1256 forma
888 1218 1169 1268 conscripta,
1196 1229 1334 1268 quam
1355 1217 1396 1257 ei
1412 1217 1461 1257 P.
1480 1217 1762 1257 Franciscus
1784 1217 1982 1268 explica-

352 1289 451 1339 bat;
489 1295 650 1339 postea
690 1299 804 1327 vero
845 1294 1046 1339 quatuor
1079 1288 1403 1328 coadiutorum
1434 1289 1743 1339 spiritualium
1776 1288 1899 1328 votis
1935 1299 1984 1327 se

355 1359 688 1409 astrinxerunt,
709 1359 786 1398 alii
807 1370 920 1398 vero
943 1365 1142 1410 quatuor
1162 1359 1507 1410 temporalium;
1533 1360 1610 1410 qui
1632 1371 1745 1399 vero
1762 1358 1984 1400 Societati

350 1430 621 1469 scholastici
643 1429 797 1469 idonei
818 1436 955 1480 atque
977 1429 1223 1481 approbati
1244 1441 1345 1469 esse
1367 1436 1597 1480 poterant,
1627 1442 1811 1470 necnon
1840 1436 1884 1470 et
1906 1431 1984 1482 qui

352 1500 446 1539 iam
467 1500 582 1539 duos
604 1511 750 1540 annos
771 1500 817 1539 in
838 1499 1070 1540 Societate
1092 1506 1362 1551 exegerant,
1392 1512 1476 1540 sua
1497 1506 1609 1540 vota
1635 1508 1979 1552 nuncuparunt,

349 1571 429 1610 alii
451 1582 564 1610 vero
587 1570 712 1620 item,
737 1570 816 1621 qui
836 1570 1042 1609 nondum
1064 1571 1123 1610 ad
1145 1571 1190 1610 id
1211 1571 1435 1621 temporis
1457 1571 1789 1622 adimpletione
1811 1572 1982 1622 obliga-

352 1642 537 1691 bantur,
561 1641 791 1691 fecerunt;
816 1641 862 1680 in
884 1641 1050 1692 quibus
1080 1641 1293 1681 omnibus
1320 1642 1434 1681 ordo
1462 1648 1600 1693 atque
1621 1642 1773 1682 forma
1801 1642 1847 1682 in
1875 1654 1977 1682 con-

350 1711 664 1752 stitutionibus
699 1711 872 1751 tradita
901 1718 1088 1751 servata
1122 1719 1205 1751 est.
1239 1711 1442 1752 Professi
1464 1724 1593 1762 vero,
1617 1712 1671 1752 R.
1700 1712 1767 1763 P.,
1796 1713 1844 1753 hi
1872 1719 1979 1753 sunt

350 1783 516 1834 spiritu
538 1789 582 1822 et
603 1783 741 1822 rebus
764 1783 810 1821 in
832 1782 1063 1822 Societate
1084 1783 1244 1833 gestis,
1278 1783 1333 1822 de
1361 1784 1527 1834 quibus
1553 1784 1759 1823 maxima
1786 1784 1845 1823 sit
1877 1795 1980 1824 con-

348 1861 484 1904 cepta
507 1864 627 1904 spes.
650 1852 833 1904 Reliqui
850 1865 962 1893 vero
984 1865 1069 1904 pro
1091 1865 1174 1893 suo
1197 1854 1390 1904 quisque
1411 1866 1603 1894 munere
1623 1854 1850 1894 eiusmodi
1877 1861 1982 1894 sunt

350 1925 429 1975 qui
450 1935 552 1964 esse
574 1924 755 1963 debent.
781 1924 897 1963 Tam
920 1936 1033 1964 vero
1055 1924 1253 1975 professi
1273 1936 1413 1975 quam
1435 1925 1730 1965 coadiutores
1747 1925 1796 1965 P.
1820 1925 1983 1965 Hiero-

348 2007 491 2046 nymo
513 1994 670 2035 Natali
695 1995 850 2033 locum
879 1994 966 2034 Dei
988 1995 1162 2034 tenenti
1183 2001 1293 2034 vota
1324 2006 1409 2035 sua
1435 2002 1776 2047 nuncuparunt.
1809 1995 1860 2035 In
1881 1996 1977 2035 divi

350 2060 498 2105 Ro'chi
515 2073 609 2105 tres
623 2065 780 2105 statim
796 2065 994 2116 professi
1011 2072 1117 2105 sunt
1140 2066 1380 2105 constituti
1398 2066 1581 2117 duoque
1598 2066 1643 2106 in
1661 2066 1980 2117 spiritualibus

350 2150 404 2177 ac
427 2144 523 2177 tres
545 2137 591 2176 in
612 2136 945 2187 temporalibus
968 2136 1284 2187 coadiutores3
1315 2137 1481 2188 reliqui
1507 2137 1629 2176 enim
1657 2137 1851 2188 Collegii
1880 2137 1982 2177 usui

348 2208 604 2248 necessarii
625 2215 773 2247 erant.
800 2207 962 2258 Coepit
984 2208 1141 2247 statim
1170 2207 1375 2247 maxima
1396 2219 1499 2248 esse
1527 2208 1870 2248 confessionum
1895 2209 1981 2248 fre-

351 2279 556 2330 quentia.
581 2278 803 2329 Sequenti
825 2284 980 2317 autem
997 2278 1069 2317 die
1091 2278 1327 2317 dominica
1346 2284 1389 2317 et
1407 2279 1657 2318 conciones
1674 2284 1718 2318 et
1735 2278 1790 2318 de
1808 2278 1982 2319 Christi

352 2350 565 2390 doctrina
587 2350 813 2389 lectiones
836 2354 970 2388 erant
990 2348 1296 2388 inchoandae.
1321 2349 1531 2389 Affluunt
1552 2350 1665 2390 satis
1688 2350 1981 2389 abundanter

350 2421 659 2460 eleemosinae
680 2421 946 2471 multaeque
968 2420 1027 2459 ad
1048 2420 1364 2460 aedificiorum
1393 2420 1731 2462 extructionem
1760 2421 1980 2471 pollicita-

350 2493 516 2542 tiones;
531 2492 578 2531 in
594 2492 850 2531 maximam
861 2490 1071 2542 profecto
1089 2490 1178 2530 Dei
1194 2491 1379 2531 laudem
1396 2492 1549 2542 vergit
1566 2497 1696 2531 tanta
1713 2492 1853 2531 totius
1871 2491 1980 2531 civi-

351 2564 459 2603 tatis
476 2563 714 2613 exultatio‚
735 2568 957 2612 tantaque
975 2561 1030 2601 de
1046 2561 1135 2601 hac
1152 2561 1398 2602 Societatis
1414 2561 1728 2613 patefactione
1744 2562 1980 2613 ipsiusque

351 2635 489 2674 rebus
512 2633 872 2685 congratulatio.
896 2633 1027 2672 Multi
1048 2633 1234 2684 quidem
1251 2633 1395 2684 recipi
1415 2633 1601 2683 vellent,
1621 2633 1742 2684 quod
1764 2633 1830 2683 (ut
1849 2645 1980 2684 opor-

351 2706 429 2755 tet)
453 2705 658 2744 maxima
676 2703 993 2759 diligentia'ac
1015 2703 1207 2743 consilio
1236 2703 1442 2743 adhibito
1463 2703 1533 2754 fit;
1557 2709 1663 2743 sunt
1684 2710 1840 2743 tamen
1869 2715 1978 2743 non-

350 2776 474 2825 nulli,
498 2781 657 2815 nostro
680 2775 776 2826 apti
796 2774 1021 2822 instituto,
1046 2775 1137 2814 iam
1159 2774 1353 2825 recepti;
1378 2774 1455 2814 alii
1475 2785 1589 2814 vero
1606 2774 1653 2814 in
1673 2774 1858 2825 longius
1877 2785 1979 2825 pro-

402 2959 412 2978 ί
451 2958 543 2985 Idem
558 2965 598 2985 ac
613 2957 801 2990 Tiburtius,
818 2963 881 2990 quo
896 2955 1026 2982 nomine
1043 2956 1075 2982 in
1091 2956 1233 2990 hispano
1249 2955 1465 2989 autographo
1480 2955 1676 2989 appellatur
1691 2958 1723 2982 et
1739 2954 1781 2982 ad
1796 2955 1858 2981 hoc
1874 2962 1978 2988 usque

348 3012 479 3040 tempus
491 3006 742 3040 appellabatur.
759 3005 846 3032 Vide
862 3004 1029 3035 Pomxco,
1046 3004 1247 3037 Chronicon,
1264 3008 1287 3031 t.
1304 3011 1352 3036 111,
1369 3011 1446 3038 pag.
1465 3004 1510 3036 16,
1525 3006 1640 3030 annot.
1655 3003 1681 3030 2.
