2080 3392
897 161 982 199 AN.
1012 162 1104 200 1553
1750 162 1823 200 265

179 258 413 299 mentibus
442 270 603 299 eorum
635 258 988 310 demandatam,
1027 259 1301 310 suscipiunt.
1334 258 1515 299 Aderat
1550 264 1660 298 tunc
1696 258 1816 299 forte

177 329 363 369 fortuna
389 335 553 381 pastor
579 329 701 369 illius
730 330 845 381 vici,
874 330 969 370 iam
998 341 1143 370 senex
1178 337 1221 370 et
1250 330 1353 382 ipsa
1381 330 1553 370 canitie
1587 341 1817 369 veneran-

180 399 287 451 dus,
329 400 407 452 qui
440 412 540 440 rem
583 411 769 441 omnem
811 413 1009 441 cernens
1050 407 1094 441 et
1134 401 1273 441 altius
1315 401 1661 452 contemplans,
1705 400 1821 441 adiit

177 470 349 511 fratres
383 477 571 511 nostros
605 477 649 511 et
680 472 739 512 ad
775 483 931 522 genua
963 472 1240 523 provolutus
1275 471 1482 522 fusisque
1518 483 1602 523 per
1636 483 1720 512 ora
1757 472 1820 511 la-

176 541 386 593 chrymis
407 554 456 582 se
476 542 814 593 gravissimum
830 548 1129 594 peccatorem
1150 542 1407 582 humillime
1427 542 1687 594 profitetur,
1713 554 1815 594 sup-

176 612 378 664 plexque
399 612 681 664 deprecatur
702 620 752 654 ut
772 625 938 666 preces
966 613 1026 653 ad
1054 612 1207 654 Deum
1233 612 1429 653 fundere
1456 625 1541 664 pro
1574 625 1628 654 eo
1657 614 1817 665 digna-

177 689 355 734 rentur,
378 683 451 724 his
473 684 699 725 adiiciens
721 685 847 737 ipsos
868 697 933 736 se,
958 696 1251 736 quocumque
1273 685 1408 735 irent,
1434 691 1705 725 secuturum
1726 685 1816 725 nisi

176 754 296 794 obex
327 760 452 805 tunc,
483 767 510 795 a
540 755 769 796 daemone
798 756 997 796 forsitan
1027 756 1238 796 obiectus
1272 755 1302 806 ¹,
1336 756 1597 807 impediret.
1622 755 1819 796 Postero

176 825 250 865 die
272 825 331 866 ad
352 826 495 866 alium
516 839 693 878 pagum
715 839 857 879 quum
877 827 1219 879 pervenissent,
1247 827 1497 867 audierunt
1520 827 1632 867 inibi
1654 828 1819 868 adesse

175 897 438 948 mulierem,
477 910 596 950 quae
631 912 657 939 a
692 905 871 950 septem
903 899 1038 939 annis
1069 899 1319 938 vehemens
1355 899 1514 939 odium
1549 899 1738 939 fovebat
1775 900 1821 939 in

174 976 366 1019 pectore
389 969 618 1010 adversus
639 970 881 1021 proximos
908 981 1039 1010 suos:
1069 981 1156 1010 nec
1184 970 1403 1010 inventus
1434 977 1503 1010 est
1532 971 1610 1021 qui
1638 970 1821 1010 mulier-

176 1040 309 1079 culae
337 1039 556 1081 duritiem
583 1042 792 1081 emollire
819 1042 1036 1093 potuerit.
1072 1041 1149 1081 Ad
1178 1041 1300 1081 hanc
1336 1041 1476 1081 acciti
1507 1048 1613 1081 sunt
1648 1041 1822 1081 fratres

175 1110 350 1161 nostri,
374 1112 596 1163 pannosi,
618 1124 850 1164 pauperes
871 1120 914 1153 et
938 1112 1158 1163 mendici,
1183 1124 1382 1164 quorum
1409 1113 1643 1152 mentibus
1671 1120 1715 1153 et
1736 1113 1816 1153 lin-

174 1193 297 1233 guae
319 1188 415 1224 tam
437 1184 682 1224 abundans
703 1185 887 1235 gratiae
909 1185 1084 1225 donum
1114 1184 1283 1224 infudit
1310 1185 1540 1235 benignus
1568 1184 1817 1235 Dominus,

174 1260 225 1294 ut
245 1267 340 1294 non
361 1255 511 1295 solum
540 1256 696 1296 cordis
725 1256 1078 1296 adamantinam
1107 1256 1325 1296 duritiem
1353 1256 1639 1306 emollirent,
1670 1255 1752 1296 sed
1775 1263 1820 1296 et

173 1327 357 1377 penitus
401 1326 699 1378 frangerent:
749 1328 927 1368 factum
966 1335 1037 1368 est
1078 1327 1201 1367 enim
1240 1333 1289 1367 ut
1329 1339 1435 1367 cum
1480 1327 1737 1379 lachrymis
1776 1334 1820 1368 et

176 1409 333 1438 amore
356 1398 686 1439 ardentissimo
709 1411 789 1439 eos
816 1400 1183 1451 amplexaretur,
1214 1410 1332 1450 quos
1358 1399 1500 1450 paulo
1524 1405 1631 1439 ante
1658 1399 1821 1439 lethali

173 1468 546 1519 prosequebatur
576 1469 703 1520 odio;
735 1470 894 1522 sicque
925 1470 973 1510 in
1006 1470 1212 1521 gratiam
1243 1481 1405 1510 omnes
1439 1468 1679 1510 redierunt
1715 1482 1822 1510 cum

175 1550 348 1590 magna
370 1541 625 1581 astantium
651 1541 961 1582 admiratione
983 1548 1028 1582 et
1058 1541 1238 1592 ingenti
1259 1541 1403 1581 totius
1435 1541 1595 1593 populi
1624 1541 1816 1582 laetitia.

255 1610 354 1651 Iam
375 1612 434 1652 ad
455 1611 593 1653 finem
613 1613 841 1665 perducta
869 1620 970 1654 erat
997 1614 1216 1665 epistola,
1242 1624 1384 1665 quum
1406 1613 1517 1653 mihi
1548 1613 1595 1653 in
1617 1618 1822 1653 mentem

177 1683 306 1722 venit
344 1684 469 1735 quod
495 1696 619 1724 nunc
651 1684 940 1725 subnectam.
970 1684 1053 1725 Est
1080 1684 1209 1724 iuxta
1242 1684 1432 1725 domum
1466 1691 1678 1724 nostram
1714 1685 1819 1724 insi-

175 1755 282 1804 gnis
310 1756 510 1795 ecclesia
537 1755 661 1796 Divo
688 1756 851 1797 Ioanni
883 1762 1182 1806 consecrata,
1220 1767 1362 1808 quam
1395 1756 1536 1796 habet
1565 1756 1820 1807 habuitque

176 1836 360 1878 semper
391 1826 440 1866 Ρ.
477 1827 691 1880 Baptista
719 1829 815 1868 suis
844 1828 1150 1868 concionibus
1185 1827 1486 1879 peculiariter
1518 1827 1818 1868 destinatam.

174 1896 217 1936 Is
239 1903 414 1949 autem,
439 1899 517 1951 qui
537 1911 641 1940 eam
672 1900 958 1949 moderatur,
983 1912 1042 1940 ex
1063 1910 1258 1939 numero
1280 1904 1349 1939 est
1371 1910 1555 1949 eorum,
1581 1899 1659 1950 qui
1680 1910 1822 1939 cruce

175 1968 347 2019 signati
370 1977 499 2021 sunt3
523 1971 598 2010 vir
623 1971 835 2022 profecto
865 1971 1035 2022 dignus
1064 1971 1147 2010 tali
1176 1982 1384 2011 munere.
1417 1970 1507 2010 Hic
1537 1970 1680 2021 igitur
1712 1982 1820 2010 cum

175 2041 394 2091 caeteris,
431 2053 630 2093 quorum
665 2042 773 2082 fidei
807 2039 1035 2082 ecclesiae
1070 2043 1216 2082 tutela
1252 2042 1503 2082 commissa
1539 2047 1633 2091 est,
1671 2053 1820 2093 nuper

176 2109 223 2150 P.
266 2111 515 2153 Rectorem
547 2114 797 2165 alloquuti,
835 2120 1001 2166 sponte
1036 2114 1318 2163 obtulerunt,
1356 2113 1565 2165 quinimo
1600 2113 1821 2164 precibus

177 2183 318 2222 etiam
338 2184 621 2236 institerunt,
645 2194 694 2225 ut
715 2185 838 2226 intra
866 2192 998 2237 septa
1029 2184 1257 2225 ecclesiae
1285 2196 1398 2224 suae
1418 2185 1575 2224 locum
1596 2184 1817 2235 deligere-

178 2265 279 2294 mus
320 2254 539 2296 idoneum
580 2256 842 2297 extruendo
889 2256 1099 2308 Collegio
1145 2255 1373 2296 Societati
1416 2262 1634 2305 nostrae,
1682 2255 1820 2306 idque

178 2327 366 2366 omnino
405 2328 577 2378 gratis,
623 2327 849 2368 addentes
898 2328 1111 2379 insuper,
1154 2339 1211 2367 ne
1250 2326 1372 2367 forte
1410 2327 1542 2366 locus
1580 2326 1821 2366 videretur

140 2393 144 2395 ’
178 2398 425 2449 angustior
458 2411 598 2451 quam
624 2411 710 2451 par
737 2406 885 2450 esset,
916 2399 1054 2439 facile
1087 2398 1307 2450 protendi
1339 2410 1501 2450 posse,
1534 2398 1713 2449 aliquot
1742 2397 1819 2438 do-

178 2470 424 2521 munculis,
448 2482 566 2522 quae
589 2471 636 2510 in
657 2471 856 2511 circuitu
878 2478 999 2519 sunt,
1022 2482 1173 2522 parvo
1196 2481 1304 2510 aere
1322 2469 1623 2520 comparatis.
1646 2468 1819 2520 Ignoro

178 2541 288 2592 quid
314 2541 402 2581 hac
438 2541 485 2581 in
505 2553 556 2582 re
583 2541 681 2582 fiet:
710 2542 855 2582 faciat
890 2541 1122 2582 Dominus
1150 2541 1279 2581 Iesus
1314 2540 1437 2592 quod
1467 2541 1641 2580 bonum
1670 2547 1739 2580 est
1773 2540 1819 2579 in

179 2613 326 2653 oculis
363 2613 474 2653 suis.
504 2613 597 2665 Ipsi
631 2614 756 2664 laus,
784 2614 936 2653 honor
963 2620 1008 2653 et
1028 2613 1181 2664 gloria
1213 2613 1260 2652 in
1291 2613 1481 2652 saecula
1503 2612 1816 2651 saeculorum.

178 2684 345 2724 Amen.
382 2684 457 2725 Ad
491 2685 615 2724 hanc
649 2690 808 2725 autem
836 2686 1100 2725 ultroneam
1135 2684 1420 2724 oblationem
1456 2683 1636 2735 impulit
1670 2683 1821 2723 bonos

178 2757 281 2796 illos
302 2756 433 2796 viros
454 2768 664 2797 summus
682 2768 829 2807 amor,
855 2768 945 2808 quo
967 2767 1083 2807 erga
1104 2768 1190 2796 nos
1207 2762 1512 2807 nostramque
1530 2754 1819 2795 Societatem

178 2839 363 2879 semper
385 2828 539 2868 affecti
566 2834 689 2868 sunt.

235 2989 243 3008 ¹
284 2988 346 3016 nisi
363 2990 539 3023 quaedam
555 2990 626 3017 sibi
641 2990 783 3017 omnino
794 2989 1030 3023 praestanda.
1051 2989 1226 3016 Polancus.
