2080 3392
865 208 946 245 AN.
978 207 1070 244 1553
1710 203 1778 241 201

875 695 1057 751 CCVI

210 964 259 1001 P.
282 962 542 1001 Desiderius

258 1029 380 1067 Patri
397 1028 569 1076 ignatio
590 1027 643 1064 de
663 1026 851 1074 Loyola.

304 1094 497 1141 Tybure,
522 1093 565 1129 14
584 1092 731 1129 Martii
753 1091 846 1129 1553
865 1092 890 1126 ¹.

223 1517 538 1561 Sanctificatis
559 1517 606 1557 in
626 1516 709 1557 X.0
728 1515 840 1568 Jesu
861 1513 1015 1565 gratia
1039 1512 1172 1553 vobis
1194 1518 1238 1553 et
1258 1524 1354 1564 pax
1376 1524 1403 1552 a
1424 1511 1526 1552 Deo
1548 1511 1687 1552 Patre
1708 1524 1783 1551 no-

138 1600 235 1634 stro
256 1599 301 1631 et
321 1589 525 1630 Domino
546 1588 659 1641 Jesu
680 1587 884 1628 Christo.

219 1734 340 1786 Quid
360 1733 504 1785 igitur
525 1732 572 1772 in
593 1731 733 1772 rebus
755 1731 828 1782 (ut
849 1731 1002 1777 aiunt)
1026 1728 1365 1780 temporalibus
1392 1727 1662 1778 negotiatus
1692 1726 1784 1766 fue-

140 1808 242 1857 rim,
265 1805 417 1857 primo
440 1804 614 1844 dicam:
639 1802 750 1854 quid
772 1803 883 1842 item
911 1801 958 1841 in
989 1798 1224 1852 oper[ibus
1253 1797 1461 1851 spiritus]
1493 1798 1787 1838 exercuerim

140 1884 376 1931 postremo
396 1875 559 1928 paucis
581 1873 846 1925 subjiciam:
871 1879 915 1913 et
935 1878 984 1913 ut
1006 1871 1194 1912 brevior
1215 1870 1318 1921 sim,
1343 1870 1533 1910 corticis
1555 1869 1785 1909 duntaxat

141 1948 432 2001 superficiem
453 1953 715 1987 extremam
735 1946 987 1996 attingens,
1006 1955 1125 1995 quae
1147 1954 1174 1982 a
1196 1953 1355 1982 mense
1377 1941 1629 1981 Decembri
1650 1946 1785 1992 gesta

144 2021 235 2061 sint
255 2018 568 2060 memorabor.

222 2091 435 2132 Dilectae
462 2090 596 2130 nobis
627 2089 674 2129 in
700 2088 888 2129 Christo
923 2087 1103 2127 sororis
1134 2086 1308 2126 Luciae
1336 2085 1351 2103 ‘·'
1378 2086 1528 2134 litem,
1562 2083 1783 2132 taedium,

144 2162 477 2215 occupationes
498 2166 804 2212 caeterasque
826 2159 968 2199 animi
991 2158 1250 2208 molestias,
1280 2157 1415 2197 nobis
1448 2154 1661 2208 [sibique]
1690 2155 1785 2194 illa—

144 2240 234 2286 tas,
259 2233 384 2275 haud
407 2234 614 2284 ignoras.
638 2231 702 2273 At
723 2232 843 2272 sicut
863 2231 971 2271 belli
991 2237 1189 2270 eventus
1215 2229 1383 2269 dubius
1415 2234 1507 2277 est,
1538 2227 1676 2267 huius
1703 2227 1786 2266 ita-

143 2317 231 2357 que
252 2305 428 2346 sororis
448 2310 715 2356 postremae
736 2303 830 2343 litis
849 2299 1165 2354 progres[sus]
1185 2299 1286 2341 Deo
1304 2300 1521 2351 cognitus
1539 2299 1784 2339 habeatur.

144 2376 333 2427 (Prioris
355 2382 526 2426 autem,
546 2381 707 2427 utpote
727 2374 852 2414 horti
873 2373 1243 2423 controversiae,
1262 2371 1465 2412 Victoria
1482 2382 1574 2410 non
1592 2376 1636 2410 te
1652 2381 1786 2422 prae—

145 2447 284 2498 terit.)

223 2517 395 2559 Dilecti
432 2518 581 2558 nostri
618 2517 813 2571 Joannis
853 2516 1104 2557 Cocanarii
1142 2520 1472 2555 testamentum
1512 2524 1646 2562 suae,
1689 2519 1787 2553 tum

145 2589 398 2640 amicitiae,
431 2596 528 2630 tum
561 2588 827 2638 charitatis,
863 2587 1183 2628 testimonium
1214 2596 1329 2636 erga
1365 2597 1450 2625 nos
1486 2591 1788 2625 monumento

145 2666 358 2701 testatur.

197 2796 208 2816 ¹
247 2797 512 2832 Autographum
527 2797 560 2825 in
575 2796 654 2824 folio
675 2797 784 2829 unico,
806 2804 838 2823 n.
859 2795 1098 2823 &aff-Attrita
1113 2798 1146 2821 et
1169 2800 1272 2821 exesa
1288 2792 1411 2820 charta
1430 2793 1463 2820 in
1484 2792 1651 2827 superiori
1675 2795 1787 2827 parte.

145 2844 380 2872 desiderantur
395 2849 569 2879 postrema
585 2845 798 2879 singularum
813 2844 980 2871 linearum
995 2843 1102 2870 verba
1118 2846 1189 2869 tum
1205 2842 1237 2868 in
1259 2840 1355 2868 initio
1371 2844 1443 2867 tum
1466 2840 1498 2867 in
1521 2840 1584 2867 fine
1605 2840 1787 2874 epistolae;

145 2895 178 2918 et
193 2892 360 2926 quoniam¹
378 2896 414 2919 ut
430 2899 471 2918 ex
486 2892 551 2925 his,
568 2899 654 2926 quae
669 2894 863 2925 supersunt,
879 2890 1081 2924 fragmentis
1098 2896 1218 2916 eruere
1235 2888 1327 2921 licet,
1343 2887 1427 2915 nihil
1442 2892 1582 2921 praeter
1595 2888 1786 2915 excusatio-

144 2946 213 2968 nes!
229 2940 488 2985 gratulationes,
504 2939 731 2973 precationes,
749 2942 782 2965 et
797 2938 922 2965 similia
937 2942 1114 2965 extremae
1130 2937 1195 2964 hae
1210 2936 1281 2963 solii
1293 2939 1411 2970 partes
1423 2936 1657 2969 continebant,
1673 2943 1732 2963 nos
1745 2937 1788 2962 ab

143 2985 184 3012 iis
199 2986 399 3021 fragmentis
415 2987 551 3014 edendis
567 2987 823 3020 abstinebimuS‚
840 2993 880 3013 ea
895 2986 1015 3017 solum,
1032 2992 1117 3019 quae
1135 2984 1272 3018 integra
1286 2987 1375 3017 sunt,
1392 2983 1677 3010 transcribentes.

200 3034 214 3052 2
251 3033 357 3061 Lucia
372 3033 533 3069 Cynthia,
550 3034 589 3061 de
605 3041 671 3068 qua
687 3034 765 3061 vide
781 3033 950 3067 ΡοιΑι-οο,
968 3032 1172 3063 Chronicon,
1186 3035 1208 3059 t.
1222 3039 1258 3066 11y
1274 3038 1354 3065 pag.
1374 3031 1415 3064 19,
1432 3038 1462 3057 n.
1479 3030 1524 3057 35.
