2080 3392
819 201 906 237 AN.
939 200 1032 237 1553
1680 199 1748 235 105

106 300 429 349 dentissimae,
473 298 722 339 Societatis
761 298 1004 349 negotium
1045 295 1481 338 commendaturum
1525 308 1573 336 se
1610 295 1746 336 fidem

106 372 245 414 dedit.
266 371 502 421 Quantam
520 369 879 409 admirationem
895 375 939 409 et
956 369 1020 420 pii
1035 379 1150 419 erga
1168 380 1254 408 nos
1276 367 1473 408 affectus
1492 368 1744 407 incremen-

108 450 204 484 tum
224 442 471 483 Societatis
488 441 666 492 literae,
693 452 812 492 quae
836 440 1013 492 passim
1035 440 1294 479 amicorum
1317 439 1532 479 manibus
1553 439 1748 479 circum-

106 515 333 563 feruntur,
354 513 398 552 in
422 512 592 552 animis
613 512 868 551 multorum
890 510 1220 561 excitaverint,
1245 511 1497 550 multorum
1519 510 1574 550 de
1595 508 1750 550 Socie-

108 591 203 627 tate
234 590 464 625 testantur
501 583 677 634 elogia,
711 594 831 634 quae
866 581 1115 634 praeclara
1142 586 1250 621 sunt
1284 588 1328 621 et
1358 581 1577 632 insignia.
1611 581 1751 621 Faxit

110 656 268 698 divina
290 655 475 694 bonitas
492 660 541 694 ut
560 653 827 694 animarum
849 652 948 692 vita
970 652 1138 704 ubique
1159 664 1213 692 ac
1235 664 1418 704 semper
1432 653 1679 692 incolumis
1696 664 1750 692 ac

109 729 294 778 integra
316 732 546 766 servetur.

188 798 420 839 Dominus
449 795 579 836 Iesus
607 795 945 836 Paternitatem
975 800 1105 835 tuam
1135 794 1385 835 universae
1421 795 1642 836 Societati
1676 795 1753 835 diu

108 875 266 911 servet
286 869 568 909 incolumem
589 873 634 907 et
649 873 753 919 post
770 866 906 906 huius
924 865 1319 917 peregrinationis
1336 867 1511 907 exitum
1528 873 1753 918 perpetua

112 953 218 983 cum
239 941 454 981 omnibus
476 939 581 979 filiis
603 939 694 979 tuis
716 938 939 978 felicitate
961 938 1102 978 beare
1123 938 1356 990 dignetur.
1381 938 1565 979 Sanctis
1583 938 1753 978 sacrifi-

114 1013 197 1053 ciis
219 1018 262 1053 et
285 1011 580 1052 orationibus
601 1010 847 1050 charitatis
865 1015 973 1050 tuae
997 1021 1052 1049 ac
1073 1010 1360 1062 reliquorum
1381 1009 1573 1050 Patrum
1601 1016 1645 1049 et
1668 1010 1754 1049 fra-

112 1091 237 1125 trum
253 1083 643 1123 charissimorum
663 1081 879 1133 precibus
901 1093 993 1121 uno
1011 1092 1091 1121 ore
1114 1081 1428 1121 commendati
1456 1093 1558 1121 esse
1581 1080 1754 1121 deside-

112 1167 273 1197 ramus
295 1166 470 1195 omnes.

195 1226 409 1267 Secundo
431 1225 659 1273 Ianuarii,
684 1236 807 1265 anno
830 1237 857 1264 a
878 1230 1017 1276 partu
1034 1224 1249 1275 virgineo
1267 1224 1512 1264 millesimo
1535 1224 1759 1276 quingen-

118 1299 284 1339 tesimo
306 1296 697 1349 quinquagesimo
719 1296 871 1336 tertio.
895 1295 1108 1336 Lutetiae
1130 1295 1433 1336 Parisiorum.

197 1369 321 1410 Rflae
348 1368 650 1409 Paternitatis
671 1374 778 1407 tuae

197 1440 418 1481 Minimus
441 1439 487 1479 in
511 1439 665 1480 Cristo
687 1438 808 1479 filius
832 1450 886 1478 ac
911 1450 1077 1478 servus
1094 1438 1329 1489 indignus,

938 1580 1187 1621 ROBERTUS
1210 1580 1545 1621 CLAYssomus.

200 1797 270 1837 Ex
293 1796 623 1837 commissione
645 1795 738 1836 Κῶ
759 1795 915 1836 Patris
937 1794 1183 1834 Paschasii
1203 1793 1358 1833 Broet.

203 1921 559 1973 Sapen-emptio
578 1920 763 1960 .·=R.d0
790 1920 838 1960 in
867 1919 1054 1960 Christo
1077 1919 1206 1959 Patri
1237 1919 1439 1959 Domino
1467 1917 1649 1969 Ignatio
1679 1917 1765 1957 Lo-

121 1994 229 2045 yola
251 1992 529 2045 Praeposito
553 1991 773 2032 Generali
796 1990 1047 2031 Societatis
1068 1990 1189 2039 Iesu,
1211 1989 1407 2030 Romae.

202 2064 266 2105 Et
287 2063 383 2104 alsa
406 2075 551 2103 manu
570 2075 584 2103 .·
616 2063 730 2103 1553.
757 2062 908 2113 Quad.
932 2062 1060 2114 paris
1080 2062 1105 2102 2
1127 2062 1174 2102 di
1195 2061 1399 2102 Genaro.

206 2136 364 2176 Extat
383 2135 546 2187 sigilli
563 2139 607 2175 et
629 2146 762 2175 cerae
782 2135 955 2174 rubrae
977 2133 1254 2185 vestigium.
