2080 3392
829 189 912 226 ΑΝ.
944 190 1036 228 1553
1688 191 1760 228 237

113 287 201 327 dos
223 285 408 327 labores
429 298 749 338 quoscumque
770 298 855 338 pro
886 286 975 327 Dei
1001 287 1168 338 gloria.
1201 286 1359 339 Aliqui
1389 287 1512 327 enim
1540 299 1600 327 ex
1629 288 1758 339 ipsis,

113 369 222 398 cum
253 356 482 398 diuturnis
517 357 692 398 morbis
728 358 1004 409 conflictati,
1042 370 1325 411 recuperare
1360 359 1407 399 in
1443 358 1532 399 hac
1564 359 1759 410 regione

113 428 363 481 pristinam
383 428 701 469 Valetudinem
725 440 820 469 non
841 434 1074 481 poterant.
1099 429 1201 480 Qua
1225 429 1475 470 occasione
1505 441 1600 470 non
1622 430 1758 470 desti-

114 505 271 540 terunt
292 511 318 539 a
341 498 394 540 R.
420 499 468 540 P.
493 499 703 540 Doctore
725 501 866 541 etiam
888 506 1027 552 atque
1049 500 1190 541 etiam
1210 507 1369 552 petere
1390 507 1439 541 ut
1461 513 1541 541 eos
1567 501 1627 541 ad
1648 501 1760 541 Bra-

115 571 269 611 siliam
300 571 526 621 mitteret,
565 571 644 611 ubi
678 578 805 612 certe
840 570 1064 612 docendis
1098 578 1237 623 atque
1270 572 1567 612 instituendis
1602 572 1761 624 pueris

114 642 253 683 utiles
273 653 375 682 esse
402 648 634 693 poterant.
666 641 734 682 Ne
762 642 933 682 fratres
964 642 1152 693 quidem
1182 642 1260 682 alii
1288 643 1441 683 minus
1470 643 1559 683 hoc
1588 642 1761 694 efflagi-

114 713 298 763 tabant;
324 713 402 764 qui
423 713 632 765 plerique
661 725 824 753 omnes
853 713 1110 765 lachrymis
1142 724 1367 764 magnum
1396 714 1660 755 animorum
1692 726 1761 754 ar-

115 785 277 825 dorem
299 784 623 835 declararunt;
655 785 757 835 sed,
782 785 987 825 Domino
1009 785 1073 825 ita
1104 786 1313 836 volente,
1348 785 1426 825 alii
1454 792 1760 827 reservantur

112 856 330 907 tempori.

193 927 243 967 In
263 932 534 968 nostrorum
555 939 802 968 numerum
822 934 1024 979 quatuor
1046 928 1318 968 scholastici
1338 933 1445 968 sunt
1466 928 1657 980 recepti,
1684 929 1762 980 qui

111 998 339 1049 optimam
360 998 416 1038 de
439 1010 488 1039 se
516 1010 647 1050 spem
675 1000 962 1050 excitarunt,
993 1010 1193 1051 quorum
1222 1011 1341 1039 unus
1370 1005 1440 1039 est
1468 999 1757 1050 dialecticus,

113 1069 230 1110 alter
252 1068 519 1121 theologus:
544 1070 583 1110 is
606 1082 732 1123 cum,
758 1084 816 1111 ex
837 1072 982 1111 multo
1005 1077 1230 1122 tempore,
1255 1071 1381 1110 Vitae
1404 1076 1594 1111 nostrae
1617 1071 1758 1111 ratio-

112 1151 219 1181 nem
241 1141 458 1192 amplecti
480 1141 720 1182 statuisset
741 1142 1048 1193 incidisetque
1070 1142 1117 1182 in
1139 1141 1411 1193 quemdam,
1435 1141 1515 1193 qui
1547 1141 1760 1182 eamdem

111 1211 386 1263 reliquerat,
411 1224 603 1253 causam
626 1213 887 1264 interrogat
908 1213 1075 1254 mutati
1097 1213 1294 1253 consilii.
1320 1212 1452 1253 Alter
1474 1213 1655 1253 dicere:
1689 1212 1757 1253 In—

112 1283 356 1323 tolerabile
378 1284 650 1336 cumprimis
673 1296 776 1325 esse
798 1296 903 1325 cum
924 1285 997 1325 his
1020 1285 1203 1335 Vivere,
1229 1284 1307 1336 qui
1328 1285 1403 1324 vel
1425 1284 1625 1324 invitum
1648 1290 1692 1324 te
1713 1284 1761 1324 in

113 1353 257 1394 alium
277 1354 516 1394 hominem
536 1361 730 1396 mutent.
755 1354 890 1407 Quod
912 1355 989 1395 ubi
1011 1355 1206 1406 audivit,
1232 1355 1385 1406 magis
1406 1355 1454 1395 in
1475 1366 1559 1395 suo
1591 1367 1762 1407 propo-

114 1425 204 1466 sito
227 1425 551 1478 confirmatus,
575 1428 715 1479 paulo
736 1433 843 1479 post
865 1428 925 1468 ad
946 1439 1033 1468 nos
1055 1438 1104 1467 se
1127 1427 1337 1467 contulit.

192 1496 439 1538 Accedunt
461 1498 533 1538 his
565 1504 610 1538 et
633 1499 725 1539 alia
746 1498 991 1550 nonnulla,
1014 1510 1163 1550 nuper
1183 1498 1317 1538 nobis
1339 1504 1580 1550 comperta
1599 1531 1606 1549 ,
1640 1498 1761 1539 scitu

110 1568 298 1620 quidem
320 1581 413 1609 non
434 1570 586 1610 minus
609 1570 773 1622 digna,
798 1582 919 1622 quae
937 1570 1098 1610 divina
1120 1570 1308 1610 bonitas
1331 1570 1518 1620 operari
1540 1569 1762 1621 dignatus

112 1646 184 1680 est
203 1651 287 1691 per
309 1640 425 1681 duos
447 1653 505 1681 ex
527 1642 701 1681 nostris
722 1641 949 1693 patribus,
970 1652 1171 1693 quorum
1193 1653 1315 1681 unus
1331 1641 1537 1694 Jacobus
1556 1640 1759 1681 Sanctae

114 1710 297 1761 Crucis,
323 1713 438 1752 alter
460 1724 574 1752 vero
596 1712 831 1753 Antonius
853 1713 1029 1754 Correa
1052 1713 1338 1763 nominatur,
1363 1712 1502 1764 idque
1524 1713 1571 1752 in
1593 1713 1756 1753 civita-

112 1788 178 1831 te,
212 1794 351 1834 quam
384 1790 558 1824 vocant
586 1784 881 1836 Portalegre,
919 1785 978 1825 ad
1015 1796 1155 1836 quam
1190 1784 1374 1825 iverant
1412 1784 1756 1824 concionatum.

116 1853 322 1895 Primum
344 1855 550 1907 quidem,
575 1856 685 1896 dum
707 1857 794 1896 iter
822 1869 876 1897 eo
908 1856 1212 1906 conficerent,
1243 1867 1537 1908 quocumque
1567 1867 1759 1908 perven—

115 1930 212 1965 tum
240 1932 360 1976 erat,
393 1926 504 1966 illud
532 1927 579 1967 in
610 1928 772 1978 primis
801 1928 1056 1968 curabatur
1084 1934 1135 1967 ut
1161 1928 1319 1967 vicino
1349 1928 1521 1979 populo
1553 1927 1757 1979 undique

112 2004 403 2048 congregato
427 2009 548 2038 unus
570 2011 593 2038 e
615 1999 795 2039 duobus
818 2000 1196 2050 concionaretur,
1220 1999 1441 2039 nimirum
1464 1998 1512 2039 P.
1536 1999 1757 2052 Jacobus,

90 2102 94 2105 r
119 2068 193 2107 cui
211 2068 257 2107 id
277 2080 445 2109 munus
466 2070 719 2121 praecipue
741 2070 1062 2122 incumbebat,
1087 2082 1178 2122 quo
1201 2070 1327 2110 facto
1355 2082 1462 2110 cum
1492 2081 1667 2121 magna
1698 2077 1760 2110 to-

118 2138 207 2178 tius
242 2141 399 2192 populi
433 2141 782 2192 satisfactione,
818 2142 984 2182 deinde
1021 2153 1124 2182 sese
1159 2141 1406 2182 offerentes
1441 2141 1762 2182 confessiones

116 2210 380 2252 audiebant.
406 2212 481 2252 Ad
503 2213 742 2253 civitatem
763 2213 907 2265 igitur
930 2213 1008 2253 ubi
1029 2220 1225 2253 Ventum
1247 2219 1331 2262 est,
1355 2212 1405 2253 P.
1428 2213 1635 2266 Jacobus
1657 2225 1761 2253 con-

119 2280 295 2322 cionari
329 2284 484 2335 coepit
510 2284 556 2324 in
584 2284 765 2325 duabus
793 2285 1006 2325 ecclesiis
1034 2284 1383 2336 parochialibus
1413 2291 1456 2324 et
1486 2285 1534 2324 in
1563 2285 1762 2325 ecclesia

117 2352 420 2404 xenodochii,
444 2366 563 2406 quae
585 2356 793 2396 maxima
816 2362 885 2396 est
907 2361 951 2396 et
973 2356 1287 2407 capacissima
1310 2356 1430 2395 inter
1453 2356 1568 2395 alias
1602 2356 1761 2395 civita-

119 2422 191 2474 tis,
210 2423 442 2466 interdum
458 2426 600 2467 etiam
617 2427 663 2467 in
680 2426 884 2479 quodam
905 2427 1178 2467 monialium
1199 2427 1441 2477 coenobio,
1463 2438 1568 2466 cum
1588 2438 1761 2477 magna

119 2494 360 2536 alacritate
382 2497 649 2538 auditorum
671 2510 926 2550 eorumque
942 2498 1180 2538 nobilium.
1200 2498 1276 2538 Ad
1297 2498 1411 2538 haec
1433 2498 1658 2549 privatim
1682 2498 1760 2538 ali—

116 2573 228 2616 quot
249 2567 305 2606 ab
327 2568 491 2608 eodem
513 2581 751 2610 sermones
771 2560 966 2621 fiebant,
996 2570 1165 2621 quibus
1192 2568 1435 2609 audiendis
1466 2581 1561 2609 non
1589 2569 1760 2610 medio-

118 2636 210 2676 cris
231 2639 473 2679 multitudo
497 2639 760 2681 confluebat
787 2640 1055 2681 auditorum
1084 2653 1142 2680 ex
1169 2640 1471 2680 nobilissimis
1500 2641 1758 2693 quibusque

114 2712 162 2746 et
181 2708 455 2759 primatibus
476 2711 625 2761 urbis,
650 2711 697 2751 in
718 2712 884 2763 quibus
916 2712 1181 2752 obedientia
1217 2723 1421 2761 summa,
1453 2723 1544 2763 qua
1572 2711 1760 2752 Patrem

118 2777 452 2821 officiosissime
474 2782 813 2833 observabant,
838 2784 1047 2834 percepti
1069 2783 1126 2822 ab
1150 2783 1238 2822 illis
1266 2782 1444 2822 fructus
1473 2789 1518 2822 et
1546 2783 1760 2834 spiritua-

119 2848 172 2888 lis
201 2850 440 2900 profectus
475 2852 700 2893 indicium
735 2860 850 2893 erat.
893 2854 1161 2906 Tantopere
1198 2854 1320 2893 enim
1356 2854 1578 2894 mandata
1613 2855 1761 2905 patris

114 2922 463 2972 exequebantur
485 2930 533 2964 ut
555 2924 683 2964 illum
705 2924 857 2975 ipsum
887 2925 934 2964 in
962 2925 1325 2965 admirationem
1352 2924 1591 2965 traherent
1622 2927 1755 2966 vehe-

119 2997 333 3033 mentem.
357 2992 477 3033 Nam
498 3001 542 3035 et
570 2995 731 3035 divina
758 2996 983 3047 mysteria
1012 3008 1095 3047 per
1123 2995 1239 3036 duas
1268 3002 1346 3035 aut
1375 3002 1471 3036 tres
1499 2997 1641 3037 horas
1671 3008 1760 3038 me-
