2080 3392
228 154 300 191 640
738 155 965 193 LITTERAE
992 167 1349 200 QUADRIMESTRES

229 262 426 300 cumque
446 250 708 290 haereticos
729 250 932 291 habeant
953 252 1161 304 codices,
1186 254 1234 293 in
1253 265 1420 295 manus
1451 262 1638 298 nostras
1665 258 1858 301 libenter

229 321 428 359 tradere.

306 389 519 430 Viennae
540 389 779 443 Austriae,
803 392 916 444 ipsis
938 393 1146 434 calendis
1167 394 1280 435 Maii
1304 394 1418 436 1554.

307 460 378 499 De
398 460 619 501 mandato
640 461 905 513 Superioris
925 464 1089 504 nostri.

306 530 662 582 Indignissimus
683 538 790 573 tuus
811 545 993 586 servus,

758 674 1013 715 ERHARUUS
1043 675 1370 728 AVANTIANUS,
1403 679 1693 720 LEomENsis.

302 884 414 925 Alia
434 896 580 925 manu
596 898 611 926 .·
632 886 685 938 Q.
711 886 910 939 Vienna,
933 888 1000 929 54.
1025 890 1111 930 cal.
1136 890 1262 931 Maii.

805 1313 1273 1370 CCLXXXVIII

291 1539 530 1588 Dionysius
549 1542 778 1589 Vazquez,

339 1606 459 1642 Patri
478 1606 646 1653 Ignatio
665 1607 718 1644 de
737 1606 922 1654 Loyola.

387 1670 570 1716 Gandia,
593 1671 609 1707 1
632 1671 735 1719 Maji
757 1672 847 1709 1554
866 1673 890 1709 ¹.

973 1933 1087 1974 IHS.

296 2161 633 2203 Colendissime
654 2164 702 2203 in
723 2163 862 2204 Chro.
885 2163 1046 2213 Pater:

294 2232 458 2273 Gratia
480 2240 523 2274 et
545 2246 638 2285 pax
660 2233 820 2275 Sancti
841 2234 1039 2286 Spiritus
1068 2241 1247 2275 mentes
1276 2242 1463 2276 nostras
1497 2236 1742 2286 inhabitet,
1781 2242 1846 2286 ut,

215 2304 386 2344 divinis
407 2305 674 2356 locupletati
695 2305 851 2356 donis,
882 2305 1032 2356 ipsum
1059 2305 1289 2346 donorum
1316 2306 1527 2346 datorem
1555 2306 1694 2357 digne
1725 2317 1847 2345 ame-

215 2386 331 2414 mus.
354 2375 521 2415 Amen.

292 2445 564 2485 Breviorem
585 2458 725 2497 quam
745 2458 830 2498 pro
852 2458 1008 2487 rerum
1028 2447 1264 2498 exigentia
1285 2447 1332 2486 in
1354 2447 1426 2486 his
1456 2458 1528 2487 me
1561 2458 1662 2487 esse
1685 2447 1847 2487 horta-

207 2517 287 2555 tur
307 2515 524 2567 fratrum,
548 2518 625 2568 qui
647 2518 753 2557 hinc
776 2517 835 2557 ad
856 2523 900 2557 te
921 2518 1122 2557 transire
1145 2523 1389 2569 apparant,
1415 2517 1640 2568 profectio
1664 2517 1699 2557 2;
1724 2528 1841 2569 quos

212 2587 482 2637 propediem
515 2588 845 2638 navigaturos,
880 2594 923 2628 et
958 2588 1213 2628 incolumes
1247 2587 1447 2627 Romam
1475 2594 1784 2638 perventuros
1816 2600 1842 2627 a

212 2657 417 2697 bonitate
439 2657 525 2698 Dei
547 2665 639 2710 opt.
664 2671 922 2710 speramus.
943 2659 1126 2699 Interea
1147 2670 1265 2710 quae
1287 2670 1400 2710 erga
1420 2659 1678 2709 gandiense
1698 2658 1843 2699 Colle—

267 2862 277 2882 ¹
317 2863 565 2898 Autographae
581 2865 613 2891 in
628 2864 706 2892 folio
723 2865 856 2899 duplici,
872 2872 926 2892 nn.
941 2865 992 2891 381
1009 2868 1041 2892 et
1052 2865 1105 2891 382
1119 2869 1151 2892 et
1167 2865 1204 2891 Β.

244 2910 255 2917 “
268 2910 282 2929 ‘—‘
321 2910 439 2938 Plures
454 2919 495 2938 ex
516 2911 683 2946 Hispania
699 2916 769 2939 tum
785 2912 925 2939 Romam
940 2916 1011 2939 tum
1026 2912 1058 2939 in
1077 2912 1238 2944 Siciliam,
1254 2920 1295 2938 ex
1310 2911 1423 2939 Patris
1438 2910 1561 2944 Ignatii
1577 2910 1800 2945 praescripto,
1823 2918 1843 2938 a

214 2956 316 2984 Patre
332 2958 446 2985 Natali
462 2959 553 2986 missi
570 2960 632 2986 hoc
648 2963 799 2994 tempore
815 2960 919 2993 fuere,
936 2959 974 2986 de
992 2959 1110 2992 quibus
1125 2959 1290 2986 videndus
1306 2959 1490 2991 PoLANCUS,
1506 2958 1637 2991 Clzron„
1655 2962 1678 2984 t.
1694 2965 1741 2985 iv.
