2080 3392
333 155 355 192 6
842 155 1068 192 LITTERAE
1095 165 1454 198 QUADmMEs‘rREs

333 251 512 300 versia,
542 251 607 291 ita
634 256 683 290 ut
709 251 964 302 periculum
995 251 1053 290 sit
1079 262 1136 290 ne
1163 251 1387 290 tumultus
1415 250 1494 290 fiat
1524 252 1570 291 in
1600 253 1770 304 populo
1798 259 1961 293 contra

333 322 510 362 clerum
531 327 575 362 et
594 322 839 373 religiosos
861 332 1036 361 omnes.
1060 320 1163 361 Non
1183 333 1368 372 possem
1396 322 1560 362 litteris
1587 323 1823 374 explicare
1851 335 1961 375 quo-

336 393 472 432 modo
493 392 569 432 hic
588 392 793 443 religiosi
819 398 863 432 ct
894 391 1163 431 sacerdotes
1192 391 1283 431 sint
1313 392 1466 442 exosi,
1497 393 1728 444 quomodo
1758 400 1862 445 post
1883 406 1963 435 eos

337 464 559 503 clametur
581 464 628 502 in
648 463 814 514 plateis
836 463 934 502 sine
957 463 1110 514 aliqua
1129 462 1429 502 verecundia.

414 533 508 574 Nos
542 532 722 585 pacifici
756 544 997 573 manemus
1033 532 1156 584 apud
1191 534 1413 584 templum
1448 533 1585 574 divae
1610 535 1825 575 Ursulae.
1857 535 1970 575 Istis

337 604 570 644 mensibus
592 604 747 644 multis
768 604 823 644 de
845 604 999 644 causis
1019 604 1170 644 coacti
1191 603 1361 643 fuimus
1381 615 1466 643 nos
1494 605 1645 655 magis
1672 605 1796 645 domi
1823 606 1963 646 conti-

338 686 447 714 nere
468 681 512 714 et
532 681 692 714 nostra
715 675 868 714 studia
889 680 1108 714 tractare.
1133 674 1308 714 Tamen
1329 674 1573 714 dominicis
1591 675 1752 715 diebus
1773 682 1817 716 et
1834 675 1972 717 festis.

339 745 408 784 bis
430 756 612 796 semper
632 745 1006 784 exhortationem
1027 745 1168 784 habui
1189 745 1387 784 diversis
1409 745 1455 785 in
1476 745 1589 785 locis
1617 745 1642 782 ¹.

422 815 620 866 Quidam
639 817 838 867 promoti
859 816 905 855 in
926 816 1101 856 artibus
1123 823 1167 855 et
1189 816 1456 856 sacerdotes
1478 828 1618 867 saepe
1649 828 1734 857 nos
1761 817 1967 857 invisant

343 886 451 936 (sic)
479 893 556 926 aut
585 886 856 926 consulendi
888 893 967 926 aut
998 886 1248 926 confitendi
1275 887 1453 937 gratia,
1484 887 1603 926 inter
1630 899 1747 938 quos
1775 893 1844 927 est
1873 888 1967 938 qui-

344 957 450 997 dam
470 956 589 996 filius
610 957 813 997 consulis
834 963 1073 1008 promotus
1096 958 1142 997 in
1164 958 1362 1007 artibus,
1386 958 1462 1008 qui
1483 958 1619 998 valde
1646 958 1867 999 Societati
1898 964 1968 998 est

342 1027 567 1067 addictus.
604 1027 743 1079 Apud
777 1039 1070 1068 communem
1103 1029 1324 1079 populum
1353 1028 1468 1068 bene
1497 1029 1732 1078 audimus,
1773 1029 1971 1069 libenter

342 1110 426 1138 nos
461 1098 668 1138 audiunt.
708 1097 799 1138 Sed
833 1099 973 1149 aliqui
1006 1099 1338 1149 magistrorum
1368 1106 1637 1140 nostrorum
1670 1099 1684 1118 ²
1715 1100 1969 1140 admodum

345 1180 484 1220 aegre
517 1181 602 1209 nos
635 1167 808 1218 ferunt,
847 1181 1044 1220 quorum
1077 1180 1194 1208 unus
1228 1170 1275 1209 in
1308 1170 1504 1220 publicis
1540 1171 1842 1210 concionibus
1875 1171 1975 1210 suis.

343 1246 566 1290 quantum
586 1245 739 1291 potest
761 1239 1037 1279 contradicit
1059 1240 1215 1290 nobis,
1240 1240 1296 1280 ab
1319 1240 1421 1280 aliis
1447 1242 1567 1280 male
1596 1240 1892 1291 informatus,
1927 1248 1970 1280 et

344 1310 409 1349 ita
431 1310 641 1350 inhaeret
662 1321 774 1349 suae
797 1310 999 1361 opinioni
1017 1343 1024 1360 ,
1054 1316 1102 1350 ut
1123 1311 1343 1362 quicquid
1365 1312 1652 1351 contrarium
1673 1311 1851 1363 audiat,
1878 1323 1970 1351 non

346 1379 519 1420 credat.
544 1379 795 1432 Speramus
817 1380 969 1420 omnia
995 1381 1125 1420 brevi
1146 1381 1338 1421 meliora
1360 1381 1447 1421 Dei
1465 1382 1636 1432 gratia.

425 1451 548 1490 Nihil
569 1450 719 1490 adhuc
741 1451 1033 1502 percepimus
1054 1451 1109 1491 de
1130 1451 1321 1491 Andrea
1342 1451 1541 1503 Phrysio
1563 1451 1591 1502 ³,
1611 1464 1746 1503 quem
1767 1464 1872 1493 cum
1893 1452 1969 1493 Se-

345 1521 559 1561 bastiano
598 1519 613 1539 ¹*
652 1527 758 1561 ante
798 1528 1024 1561 aestatem
1062 1521 1258 1561 Romam
1297 1522 1522 1562 misimus.
1570 1523 1782 1574 Intelligo
1827 1523 1972 1574 ipsius

346 1599 526 1643 patrem
546 1592 662 1631 bene
684 1598 950 1631 contentum
972 1591 1093 1643 quod
1113 1603 1162 1631 se
1183 1591 1403 1632 Societati
1427 1592 1624 1644 dederit,
1648 1600 1691 1633 et
1715 1594 1869 1634 omnia
1896 1605 1969 1634 ne-

350 1660 556 1702 cessaria
572 1673 675 1701 esse
696 1662 760 1701 illi
780 1668 996 1713 paratum
1015 1662 1212 1711 mittere,
1236 1662 1373 1702 modo
1396 1663 1513 1703 sciat
1530 1664 1719 1703 ubinam
1736 1669 1860 1714 agat.

425 1732 554 1772 Haec
575 1738 681 1772 sunt
703 1744 820 1784 quae
840 1732 888 1772 P.
915 1732 971 1772 V.
996 1732 1240 1773 scribenda
1274 1740 1548 1782 occurrunt,
1581 1735 1654 1774 cui
1686 1734 1820 1774 unice
1850 1745 1971 1774 com—

347 1803 592 1843 mendatos
612 1814 698 1842 nos
719 1803 944 1854 cupimus.

432 1873 552 1923 1552,
577 1873 737 1913 ultima
758 1873 976 1924 Augusti.

430 1943 483 1983 R.
508 1943 566 1983 V.
591 1955 755 1984 servus
776 1944 1016 1994 indignus,

1249 2084 1531 2125 LEONARDUS
1561 2086 1757 2126 KESSEL.

431 2295 807 2346 Superscrt'ptio:
828 2294 928 2334 R.d0
955 2295 1000 2334 in
1022 2295 1106 2335 X.⁰
1124 2295 1251 2336 Patri
1273 2297 1393 2338 Dno.
1418 2297 1599 2347 Ignatio
1622 2309 1648 2337 a
1669 2298 1863 2348 Loyola‚
1888 2297 1975 2338 Ge-

350 2366 496 2406 nerali
517 2365 786 2417 Praeposito
808 2364 1056 2405 Societatis
1076 2366 1199 2416 Iesu,
1223 2367 1413 2407 Romae.

429 2437 579 2475 Manu
600 2435 648 2487 J.
674 2436 764 2475 Ph.
809 2435 931 2474 Vito:
953 2435 1094 2475 Iesus.
1131 2436 1244 2476 1552.
1279 2437 1491 2487 Colonia,
1523 2437 1579 2477 de
1600 2437 1704 2478 Μ.ΓΟ
1730 2437 1979 2478 Leonardo

353 2506 532 2556 Kessel‚
556 2507 628 2546 del
649 2506 810 2546 ultimo
833 2506 888 2545 de
907 2506 1134 2556 Augusto.
1220 2510 1223 2511 ’

407 2713 417 2732 ¹
457 2713 550 2740 Haec
566 2713 671 2740 fusius
685 2716 718 2739 et
735 2713 859 2739 clarius
873 2712 977 2739 habes
992 2712 1025 2738 in
1040 2712 1204 2746 PorAch,
1223 2711 1376 2740 chronic.
1393 2713 1514 2741 Societ.
1529 2714 1629 2749 Jesu,
1643 2717 1723 2741 tom.
1736 2721 1769 2747 11,
1786 2721 1862 2748 pag.
1877 2714 1939 2741 585.

407 2761 420 2779 2
458 2760 541 2792 Quid
556 2760 686 2786 nomine
702 2759 955 2792 Alagistrorunz
972 2760 1170 2785 nostrorum
1186 2759 1239 2785 hic
1254 2759 1370 2786 veniat
1385 2760 1491 2787 habes
1505 2761 1537 2787 in
1554 2761 1709 2795 Cartasy
1722 2762 1815 2787 otros
1831 2762 1977 2788 escritos

357 2807 413 2833 del
427 2806 467 2833 Β.
485 2806 519 2832 Ρ.
536 2806 648 2833 Pedro
665 2806 791 2837 Fabro,
805 2810 829 2832 t.
842 2813 863 2837 Ι,
879 2812 957 2839 pag.
974 2804 1024 2831 103
1038 2809 1071 2832 et
1085 2804 1146 2831 224.

409 2854 422 2873 5
461 2853 546 2880 Vide
561 2860 674 2887 supra,
690 2856 713 2880 t.
724 2860 745 2885 1,
760 2860 838 2886 pag.
854 2853 916 2883 546,
933 2856 1003 2879 not.
1018 2852 1043 2878 2.

408 2902 423 2921 ²*
459 2901 507 2928 De
541 2901 601 2927 hoe
635 2899 846 2931 Sebastiano,
877 2899 980 2933 cujuS,
1014 2906 1194 2933 suppresso
1229 2900 1370 2933 nomine,
1404 2901 1593 2928 meminisse
1627 2901 1762 2928 videtur
1796 2901 1974 2928 Pomxcus

357 2948 490 2978 Chron„
504 2951 527 2974 t.
544 2955 577 2980 11,
596 2954 673 2981 pag.
689 2946 750 2977 585,
766 2953 795 2972 n.
811 2946 873 2977 397,
890 2945 972 2972 nihil
988 2945 1097 2972 adhuc
1113 2947 1197 2972 certi
1213 2947 1336 2973 addere
1354 2949 1517 2975 valemus,
