2080 3392
876 211 959 248 AN.
991 211 1081 248 1554
1724 213 1792 250 631

152 307 257 347 nari
277 308 445 359 possit?
468 308 764 349 Versabatur
784 309 906 349 inter
925 320 1010 349 nos
1028 308 1125 360 jam
1154 309 1271 349 duos
1301 321 1485 350 menses
1520 309 1667 350 frater
1697 311 1792 362 qui-

153 377 275 428 dam,
300 378 377 429 qui
398 379 613 429 proxime
635 380 892 419 secundum
913 391 1088 420 annum
1108 380 1279 420 artium
1306 380 1568 421 liberalium
1597 381 1785 421 inchoa-

152 455 301 489 verat.
328 448 479 500 Hujus
509 450 686 490 candor
712 456 756 490 et
783 450 1021 491 humilitas
1048 451 1094 491 id
1122 451 1177 491 de
1206 464 1256 491 se
1283 452 1642 503 promittebant,
1668 452 1794 504 quod

153 526 258 570 post
280 520 585 572 adimpletum
606 533 691 561 nos
713 522 801 573 ipsi
823 534 928 562 cum
950 533 1123 573 magno
1146 522 1353 563 omnium
1375 523 1548 574 gaudio
1570 523 1788 564 vidimus.

152 589 250 631 Nec
272 591 395 631 enim
416 603 585 643 passus
602 599 673 632 est
690 592 904 633 Christus
921 593 991 632 sui
1008 593 1168 633 militis
1185 594 1468 645 tyrocinium
1486 606 1651 645 parma
1669 595 1789 644 alba,

152 663 252 702 sine
273 663 439 713 gloria,
465 664 564 703 sine
587 664 742 715 aliquo
765 665 991 715 trophaeo
1015 665 1228 715 transigi.
1250 664 1435 704 Venere
1457 676 1572 716 ergo
1593 665 1683 705 huc
1705 666 1796 706 duo

151 734 274 773 illius
297 735 535 785 avunculi,
561 746 758 786 quorum
780 737 896 775 alter
925 736 1147 776 sacerdos
1175 743 1275 776 erat
1305 742 1348 776 et
1378 736 1614 788 quoddam
1641 749 1793 777 sacer-

152 804 330 844 dotium
347 804 510 856 juveni
532 806 748 846 conferre
775 812 876 846 erat
903 807 945 846 ei
966 807 1012 846 in
1041 799 1210 846 animo.
1236 807 1414 858 Quibus
1440 807 1575 848 Pater
1595 807 1619 858 ¹,
1639 809 1795 849 multis

151 876 260 916 hinc
294 876 401 916 inde
436 878 705 928 transactis,
739 877 961 929 juvenem
996 879 1147 918 solum
1182 879 1428 927 commisit,
1463 880 1588 931 quod
1617 891 1792 931 magno

151 959 258 987 cum
276 947 452 999 judicio
474 948 587 989 facit
608 948 762 1000 Pater,
794 955 843 989 ut
872 949 1136 1001 aliquorum
1165 950 1463 990 insolentiam
1491 958 1534 990 et
1563 951 1796 991 temerita-

150 1024 244 1058 tem
276 1019 558 1071 confundat,
590 1020 667 1071 qui
696 1021 889 1060 allectos
916 1021 1024 1060 hinc
1051 1019 1249 1071 juvenes
1269 1021 1687 1072 pollicitationibus
1715 1031 1795 1062 aut

150 1101 407 1141 persuasos
428 1091 714 1132 existimant.
746 1091 807 1131 Hi
832 1091 983 1143 primo
1005 1090 1226 1142 juvenem
1253 1091 1528 1133 adoriuntur
1556 1094 1793 1145 precibus,

150 1161 412 1208 lachrimis,
438 1174 557 1214 quae
578 1163 875 1214 potissimum
896 1163 1039 1203 telum
1057 1162 1321 1203 adversarii
1338 1163 1384 1203 in
1400 1164 1489 1204 hoc
1506 1164 1625 1204 bello
1645 1165 1793 1205 solent

151 1244 268 1273 esse.
294 1233 370 1273 Ad
392 1233 437 1273 id
459 1240 509 1274 ut
526 1233 744 1285 juvenem
763 1246 953 1274 movere
970 1240 1178 1286 possent,
1200 1236 1451 1274 commenti
1471 1235 1657 1276 fuerant
1673 1236 1794 1277 inter

151 1315 201 1344 se
223 1303 416 1344 Iliadem
438 1306 692 1356 quamdam
713 1306 769 1346 de
797 1306 920 1345 illius
946 1312 1119 1358 matre:
1144 1305 1260 1345 adeo
1283 1306 1486 1346 doluisse
1509 1307 1564 1346 de
1586 1307 1797 1348 discessu

150 1375 231 1415 filii
252 1382 301 1415 ut
324 1376 370 1415 in
391 1376 571 1416 rabiem
587 1384 631 1416 et
647 1376 855 1417 furorem
871 1388 1060 1416 versam
1077 1377 1416 1427 existimarent,
1437 1389 1676 1430 propeque
1693 1391 1796 1419 esse

152 1453 203 1486 ut
238 1447 446 1487 animum
482 1448 807 1499 desponderet;
843 1454 1186 1499 persancteque
1217 1447 1406 1499 jurabat
1436 1449 1660 1489 sacerdos
1694 1450 1795 1489 reli-

153 1518 309 1570 quisse
345 1531 394 1559 se
425 1519 551 1559 illam
582 1520 948 1571 consanguineis
979 1531 1160 1560 summa
1192 1531 1305 1559 cura
1337 1520 1702 1571 observandam,
1738 1533 1796 1561 ne

157 1590 397 1642 quippiam
419 1591 569 1631 simile
591 1598 807 1632 tentaret.
832 1590 1157 1632 Subornarant
1179 1597 1223 1631 et
1244 1590 1503 1631 Doctorem
1524 1592 1797 1643 theologum

155 1668 200 1702 et
237 1662 440 1702 nobilem
467 1663 716 1714 quemdam
745 1663 915 1711 virum,
947 1663 1024 1715 qui
1052 1662 1234 1713 eadem,
1267 1674 1387 1714 quae
1422 1663 1486 1702 illi
1520 1664 1794 1715 narrabant,

152 1734 329 1785 scripta
351 1734 440 1773 sibi
461 1734 771 1774 affirmabant.
795 1733 1014 1774 Addebat
1037 1734 1275 1785 sacerdos,
1300 1734 1338 1774 is
1360 1734 1483 1774 enim
1509 1736 1791 1787 praecipuas

150 1811 312 1856 partes
333 1805 380 1845 in
400 1805 489 1845 hac
511 1817 561 1845 re
584 1806 770 1857 agebat,
794 1807 915 1846 nolle
937 1818 986 1846 se
1004 1805 1227 1857 juvenem
1250 1818 1276 1845 a
1298 1806 1541 1857 proposito
1570 1818 1790 1859 avocare,

149 1876 344 1916 laudare
365 1877 520 1928 potius
542 1877 670 1917 vitae
692 1878 954 1918 institutum
977 1885 1022 1917 et
1043 1878 1334 1929 religionem,
1360 1889 1409 1917 se
1432 1879 1584 1918 solum
1605 1878 1704 1929 ejus
1725 1881 1794 1920 rei

149 1947 306 1998 gratia
329 1948 470 1988 illhuc
492 1950 696 1997 venisse,
720 1961 777 1989 ne
794 1949 958 1989 matris
974 1949 1096 1989 illius
1114 1949 1300 1989 animae
1318 1950 1445 1988 salus
1462 1949 1794 1991 detrimentum

147 2025 406 2070 pateretur.

226 2090 473 2140 Miserere,
503 2091 666 2144 inquit,
699 2093 876 2133 sororis
910 2104 1042 2132 meae
1065 2092 1320 2143 matrisque
1342 2099 1464 2142 tuae,
1498 2103 1581 2144 per
1616 2092 1792 2134 Christi

147 2162 427 2213 sanguinem
457 2170 501 2202 te
537 2163 767 2213 obtestor,
797 2164 877 2215 qui
905 2171 1001 2203 tam
1027 2163 1210 2203 abunde
1240 2175 1324 2214 pro
1352 2163 1501 2203 salute
1529 2163 1665 2215 hujus
1696 2167 1790 2206 ani-

146 2243 250 2272 mae
281 2233 453 2273 effusus
481 2240 572 2284 est,
602 2246 659 2274 ne
687 2235 815 2274 illam
847 2235 1001 2286 perire
1029 2235 1287 2286 permittas.
1318 2234 1444 2274 illius
1473 2236 1600 2275 salus
1634 2237 1679 2276 in
1710 2243 1790 2277 tua

149 2316 293 2344 manu
316 2305 405 2344 sita
438 2312 521 2345 est:
552 2306 591 2345 si
619 2306 747 2346 illam
772 2307 908 2357 visis,
942 2307 982 2346 si
1010 2318 1116 2346 cum
1143 2306 1221 2345 illa
1248 2306 1474 2356 pauculos
1502 2306 1600 2346 dies
1628 2307 1786 2357 fueris,
1824 2313 1839 2323 ²

149 2387 261 2415 mox
282 2375 341 2415 ad
362 2382 491 2416 tuum
514 2377 775 2417 institutum
796 2377 1046 2418 rediturus.
1072 2378 1210 2419 Dona
1239 2391 1379 2422 unam
1408 2382 1530 2421 hanc
1558 2392 1657 2420 rem
1680 2386 1788 2420 tuae

146 2447 357 2497 parentis
385 2448 639 2488 lachrimis.
671 2448 808 2489 Dona
834 2450 949 2490 meis
976 2463 1173 2503 meoque
1201 2453 1364 2492 labori.
1396 2452 1533 2493 Dona
1560 2453 1785 2503 utrisque,

145 2517 184 2557 si
216 2518 333 2557 bene
368 2518 424 2558 de
459 2524 503 2558 te
531 2531 738 2571 unquam
771 2521 1042 2561 meruimus.
1074 2522 1204 2562 Haec
1241 2524 1396 2564 omnia
1432 2531 1477 2564 et
1512 2524 1787 2574 lachrymae

144 2589 347 2629 ubertim
368 2589 608 2630 effluentes
629 2597 673 2630 et
694 2591 973 2642 singultibus
994 2593 1253 2645 interrupta
1272 2595 1422 2635 oratio
1440 2607 1535 2635 non
1552 2606 1703 2646 parvo
1723 2601 1786 2634 te-

143 2660 363 2700 stimonio
385 2660 739 2702 confirmabant.
763 2663 822 2702 Et
843 2663 1021 2704 Doctor
1042 2664 1117 2704 ille
1147 2664 1416 2717 theologus,
1440 2666 1519 2718 qui
1547 2666 1695 2706 teneri
1726 2666 1787 2707 ad

142 2731 188 2770 id
207 2730 428 2782 juvenem
458 2740 624 2772 sancta
652 2739 696 2773 et
724 2734 983 2774 inviolabili
1011 2736 1113 2786 lege
1140 2742 1360 2787 naturae,
1392 2749 1484 2788 qua
1511 2738 1786 2788 parentibus

142 2802 518 2843 subveniendum
539 2815 642 2843 esse
663 2805 816 2844 nullus
837 2806 1046 2856 ambigit,
1074 2812 1342 2847 constanter
1364 2809 1682 2849 asseverabat.
1706 2808 1783 2849 Ad

141 2873 259 2913 hacc
281 2874 437 2913 omnia
454 2872 640 2925 juvenis
661 2876 912 2927 tranquillo
935 2883 1073 2928 atque
1095 2877 1409 2929 imperterrito
1432 2879 1587 2920 animo
1619 2880 1784 2931 paucis

195 3035 205 3054 1
246 3033 389 3069 Collegii
406 3035 657 3069 Complutensis
673 3036 810 3070 Rector‚
827 3036 861 3063 P.
876 3036 1113 3064 Franciscusa
1130 3037 1328 3066 Villanova.
