2080 3392
884 164 966 200 AN.
998 164 1090 201 1553
1118 204 1121 205 ⁷
1739 164 1810 200 315

167 271 354 299 cessam
375 266 651 299 exercentes
671 259 994 310 petulantiam.
1015 259 1063 298 In
1087 259 1217 298 cuius
1235 258 1594 298 detestationem
1612 258 1658 298 in
1674 268 1810 309 paro-

167 331 310 371 chiali
330 331 518 382 templo,
542 331 602 371 ad
623 330 829 371 divinum
850 330 1051 370 officium
1069 330 1290 370 universo
1313 336 1604 381 congregato
1622 330 1748 369 clero
1766 336 1810 369 et

167 403 355 454 populo,
379 411 448 442 ter
470 402 699 442 Dominus
728 401 1001 442 concionari
1030 413 1112 452 per
1138 402 1332 452 longum
1354 401 1578 453 temporis
1605 401 1809 452 spatium

168 473 368 523 largitus
406 480 490 523 est,
529 484 676 524 eoque
709 472 950 512 hominum
984 472 1240 523 perducere
1274 478 1453 512 mentes
1488 471 1723 523 dignatus,
1761 477 1810 511 ut

169 544 385 584 omnibus
407 544 509 584 istis
529 544 659 584 feriis
680 555 766 583 nec
787 549 1028 594 tympana,
1052 555 1138 582 nec
1155 543 1356 593 fistulae,
1380 556 1466 583 nec
1484 544 1576 583 ulla
1594 543 1809 583 ludorum

165 626 365 666 genera,
389 627 475 655 nec
498 615 722 665 choreae,
752 626 838 654 nec
869 614 1136 653 huiusmodi
1162 615 1539 665 perturbationes
1569 622 1649 654 aut
1680 615 1811 655 visae

167 694 247 726 aut
269 686 457 726 auditae
479 692 558 725 aut
582 686 628 725 in
650 685 847 737 publicis
869 690 1120 736 perceptae
1143 691 1250 725 sunt
1272 686 1454 736 plateis.

247 757 497 797 Caeterum
517 768 603 797 nec
624 756 713 796 hoc
742 756 1051 796 omittendum
1079 762 1269 795 autumo
1297 757 1549 808 quamdam
1576 757 1810 808 virginem

167 829 290 880 (post
313 829 609 868 collationem
632 828 677 867 in
698 827 787 867 fine
808 827 981 867 Missae
1004 827 1060 867 de
1081 839 1195 867 vera
1213 827 1284 867 sui
1306 828 1452 879 ipsius
1470 828 1515 867 in
1532 827 1683 867 Deum
1699 828 1808 868 resi-

165 900 388 951 gnatione
410 911 437 939 a
457 899 505 939 P.
532 898 668 939 Mtro.
694 899 906 939 Adriano
928 898 1152 948 habitam)
1176 898 1234 938 ad
1256 898 1396 938 aedes
1412 905 1600 938 nostras
1622 899 1809 939 venisse

165 982 352 1011 omnem
373 982 508 1011 suam
523 970 830 1022 pecuniarum
846 982 902 1010 ac
918 970 1184 1010 reddituum
1204 976 1461 1021 apportans
1479 970 1806 1019 substantiam,

165 1042 360 1094 requirit
381 1041 584 1092 Patrem,
615 1053 706 1093 quo
735 1041 1042 1092 adventante,
1074 1041 1193 1081 haec
1219 1041 1356 1081 simul
1382 1042 1518 1093 peplo
1539 1041 1750 1081 involuta
1768 1042 1810 1081 ei

165 1113 371 1165 tradens,
395 1125 534 1154 verso
557 1120 708 1164 tergO,
731 1124 818 1153 nec
843 1113 1207 1153 verbum·sando
1237 1114 1405 1163 ullum,
1438 1112 1641 1163 aufugit;
1670 1112 1810 1153 Pater

167 1192 337 1235 autem,
361 1196 461 1224 rem
489 1184 815 1235 considerans,
846 1196 932 1225 nec
960 1185 1059 1224 eius
1085 1185 1250 1224 volens
1278 1184 1549 1224 contristari
1575 1184 1805 1236 spiritum,

165 1256 402 1297 subticuit:
433 1256 611 1296 interea
641 1267 771 1305 vero,
802 1256 973 1307 partim
1001 1267 1084 1307 per
1118 1256 1305 1296 tertiam
1332 1267 1598 1307 personam,
1637 1256 1809 1307 partim

169 1328 259 1368 alio
281 1339 384 1367 sese
406 1327 629 1367 offerente
650 1327 820 1377 medio,
845 1339 935 1378 quo
956 1327 1059 1378 ipsa
1080 1328 1127 1366 in
1148 1339 1231 1367 sua
1254 1334 1583 1379 perseveraret
1603 1327 1810 1378 resigna-

162 1399 305 1449 tione,
329 1398 545 1438 restituit.
570 1398 677 1438 Alia
699 1398 930 1449 quaedam
953 1398 1088 1449 virgo
1104 1430 1111 1449 ,
1130 1398 1227 1438 fere
1248 1398 1294 1437 17
1312 1410 1558 1449 annorum,
1583 1399 1713 1439 iuxta
1732 1400 1812 1438 hu-

168 1470 240 1510 ius
256 1470 432 1510 saeculi
445 1481 640 1520 morem,
661 1481 885 1521 pompose
904 1469 1157 1510 admodum
1175 1470 1478 1510 muliebribus
1495 1477 1724 1510 exornata
1743 1482 1811 1510 or-

167 1541 416 1592 namentis,
440 1548 545 1593 post
574 1541 849 1581 concionem
878 1541 924 1581 in
955 1541 1159 1593 quodam
1186 1541 1412 1582 coenobio
1442 1542 1700 1593 virginum,
1728 1542 1814 1582 -ubi

166 1618 262 1654 tres
278 1624 371 1653 uno
389 1613 461 1653 die
478 1624 616 1653 sacra
634 1618 933 1664 sumpserunt
946 1613 1197 1663 velamina,
1212 1613 1434 1663 habitam,
1455 1625 1575 1665 quae
1592 1613 1648 1653 de
1665 1621 1814 1653 morte

168 1690 212 1724 et
233 1684 384 1735 gloria
406 1683 722 1736 perfectorum
742 1684 840 1733 fuit,
868 1695 976 1724 cum
1005 1684 1253 1724 sororibus
1285 1685 1332 1724 in
1361 1684 1570 1725 inferiori
1598 1685 1814 1725 coenobii

167 1767 448 1807 permanens
469 1762 617 1807 parte,
642 1767 729 1796 nec
751 1755 810 1796 ad
830 1756 1054 1807 nuptiale,
1079 1756 1157 1796 ubi
1178 1762 1400 1807 parentes
1422 1757 1688 1808 caeterique
1708 1769 1814 1797 con-

166 1834 397 1867 venerunt
418 1828 704 1878 saeculares,
727 1826 980 1878 prandium
1001 1827 1211 1877 veniens,
1238 1840 1359 1879 cum,
1383 1834 1575 1879 peracto
1596 1828 1810 1880 prandio,

166 1898 358 1938 domum
386 1897 781 1950 proficiscendum
806 1898 928 1938 filiae
956 1898 1240 1949 indicarent,
1273 1911 1365 1939 una
1401 1911 1509 1939 cum
1544 1911 1708 1940 sorore
1738 1912 1813 1939 ve-

166 1970 314 2020 niens,
338 1970 588 2022 provoluta
613 1970 813 2021 genibus
841 1982 1002 2011 coram
1034 1970 1331 2023 parentibus,
1362 1982 1537 2022 magna
1567 1972 1813 2012 lachrima-

167 2052 271 2081 rum
291 2041 595 2081 inundatione
618 2041 679 2081 ibi
708 2041 928 2081 manendi
956 2042 1209 2082 obsecrare
1232 2042 1385 2094 coepit
1407 2042 1693 2082 facultatem.
1727 2042 1814 2082 Hic

169 2113 292 2152 laeta
315 2113 537 2153 convivia
559 2113 606 2152 in
628 2124 817 2153 amaros
838 2119 1090 2154 vertuntur
1110 2114 1329 2164 gemitus;
1354 2114 1461 2154 hinc
1482 2113 1730 2154 fundentes
1751 2115 1814 2154 la-

167 2183 372 2223 chrimas
394 2183 602 2224 infelices
624 2184 812 2224 audires
829 2192 1048 2236 parentes
1071 2192 1116 2225 et
1139 2198 1188 2225 se
1212 2185 1359 2225 chara
1380 2186 1511 2236 prole
1534 2185 1691 2226 orbari
1712 2197 1814 2236 pro-

170 2256 449 2305 clamantes,
482 2256 589 2295 hinc
621 2267 735 2295 vero
771 2262 1036 2307 prostratas
1070 2257 1199 2296 humi
1234 2256 1345 2296 fletu
1380 2257 1569 2296 madere
1604 2257 1814 2308 virgines

168 2337 402 2377 cerneres;
426 2326 536 2378 quid
556 2327 710 2378 plura?
729 2326 881 2378 Virgo
900 2327 1070 2367 ibidem
1086 2328 1271 2367 mansit.
1292 2328 1394 2379 Ipse
1411 2340 1504 2368 una
1527 2339 1634 2368 cum
1651 2339 1813 2378 paren-

166 2397 290 2436 tibus
311 2397 418 2437 inde
440 2397 730 2448 proficiscor,
755 2398 833 2449 qui
854 2410 928 2438 me
950 2404 1087 2438 nocte
1110 2399 1274 2438 eadem
1296 2410 1469 2450 magna
1488 2411 1594 2439 cum
1615 2399 1814 2439 benevo-

166 2468 307 2508 lentia
331 2466 532 2518 hospitio
554 2475 856 2519 exceperunt.
882 2469 1014 2509 Multi
1041 2476 1314 2521 praeterea,
1347 2477 1445 2510 tum
1474 2470 1811 2521 adolescentes,

165 2544 264 2579 tum
286 2539 511 2590 virgines,
537 2539 752 2579 diversas
773 2540 1071 2580 intraverunt
1089 2541 1342 2591 religiones
1360 2552 1368 2591 3
1388 2553 1443 2580 ac
1462 2542 1619 2591 plures
1636 2541 1814 2582 intrare

166 2611 321 2662 parati
342 2617 464 2660 sunt,
488 2610 566 2650 ubi
593 2610 681 2650 illis
710 2611 995 2651 desiderium
1025 2613 1259 2663 complere
1287 2613 1455 2652 licebit.
1487 2611 1814 2663 Superioribus

165 2681 328 2722 diebus
351 2682 696 2722 adolescentem
718 2682 981 2733 quemdam,
1007 2682 1162 2723 Patris
1196 2682 1366 2723 iudicio
1396 2683 1657 2724 monastico
1688 2684 1813 2724 insti-

166 2758 265 2792 tuto
292 2753 531 2803 idoneum,
556 2752 615 2792 ad
644 2752 944 2793 Carthusiam
972 2753 1304 2793 Colon'iensem
1336 2755 1568 2805 misimus,
1598 2755 1678 2795 ubi
1708 2766 1814 2795 cum

167 2823 342 2874 gaudio
366 2829 625 2875 susceptuS‚
646 2824 745 2875 ipse
762 2823 900 2863 simul
917 2831 961 2864 et
977 2824 1098 2864 R.dus
1123 2825 1172 2865 Ρ.
1193 2825 1328 2865 Prior
1346 2826 1561 2877 ingentes
1578 2826 1712 2866 nobis
1728 2838 1814 2878 pro

168 2901 298 2935 tanto
312 2896 518 2935 exhibito
530 2894 755 2935 beneficio
768 2895 949 2946 gratias
966 2902 1176 2947 egerunt.
1197 2896 1332 2937 Alius
1352 2897 1541 2949 quidam
1557 2898 1720 2949 paucis
1738 2898 1812 2937 ab·

167 2966 275 3007 hinc
298 2967 459 3007 diebus
479 2967 741 3018 spiritualia
763 2967 965 3007 absolvit
987 2968 1228 3019 exercitia,
1253 2969 1333 3020 qui
1353 2969 1399 3008 in
1421 2969 1601 3019 eodem,
1622 2981 1712 3021 quo
1733 2969 1814 3009 im-
