2080 3392
263 191 332 226 664
771 189 998 226 LITTERAE
1026 199 1382 232 QUADRIMESTRES

263 297 348 324 nos
369 285 674 335 confluerent,
700 284 757 333 si,
783 284 976 335 Collegii
996 284 1310 325 fundamentis
1327 285 1485 337 jactis,
1508 289 1726 338 templum
1755 290 1887 328 nobis

264 361 470 394 erectum
491 360 627 394 esset.

345 425 502 465 Mense
523 425 675 476 Aprili
695 426 854 476 elapso
875 426 1086 476 proxime
1108 425 1244 466 Pater
1265 427 1546 477 gravissima
1574 429 1712 468 subiit
1742 436 1888 469 certa-

263 497 506 536 minatum
528 507 634 536 cum
661 496 892 547 Episcopo
915 495 1166 537 Parisiensi
1195 505 1240 537 et
1267 498 1515 549 theologis,
1550 505 1648 539 tum
1678 511 1784 539 cum
1811 499 1887 540 Se-

264 572 375 606 natu
395 566 667 615 Parisiensi,
691 567 861 618 partim
883 568 1008 618 quod
1029 580 1102 608 me
1122 575 1340 620 rogatum
1367 570 1424 609 ab
1453 569 1692 610 Aedilibus
1721 582 1887 611 sacrae

264 637 408 677 Aedis
446 636 491 678 S.
531 637 903 688 Bartholomaei,
941 650 964 677 e
999 639 1189 689 regione
1219 638 1387 680 Palatii
1420 640 1556 689 sitae,
1591 641 1888 681 concionatu-

263 720 364 748 rum
400 708 618 759 delegare
653 709 936 760 decreverit,
975 722 1030 750 ac
1064 710 1361 761 postmodum
1392 711 1438 750 in
1472 710 1730 751 Academia
1766 712 1887 752 Pari-

263 779 424 829 siensi,
448 779 624 830 passim
653 779 699 819 in
721 781 953 831 paroeciis
981 781 1238 832 quibusque
1267 793 1351 832 pro
1383 781 1738 832 efflagitantium
1766 784 1889 823 votis

262 850 308 889 in
329 856 604 901 suggestum
623 850 810 901 prodire
830 852 1066 902 voluerat,
1090 863 1181 891 non
1215 857 1372 891 tamen
1394 852 1569 903 absque
1596 853 1802 903 legitimo
1834 866 1889 894 ac

263 927 444 960 maturo
467 921 660 960 consilio
681 921 896 973 bonaque
918 922 1125 961 omnium
1145 922 1372 962 bonorum
1394 934 1532 973 pace;
1563 924 1732 973 partim
1757 936 1888 964 occa-

262 992 391 1031 sione
427 992 692 1032 donationis
726 991 845 1032 Rmi.
882 993 1101 1044 Episcopi
1138 993 1510 1041 Claramontani‚
1548 994 1625 1045 qui
1659 995 1888 1035 redditum

262 1074 481 1113 annuum,
501 1063 712 1103 valorem
730 1063 1036 1103 ducentorum
1051 1064 1388 1115 quinquaginta
1409 1065 1633 1104 librarum
1653 1064 1887 1106 Turonen-

261 1133 380 1173 sium
411 1133 606 1184 singulis
643 1135 778 1174 annis
803 1136 1168 1186 persolventem,
1201 1133 1423 1175 Societati
1451 1135 1752 1176 dedicaverat
1783 1145 1889 1176 ante

260 1203 413 1243 Patris
446 1204 666 1255 reditum,
704 1205 875 1255 partim
914 1205 1123 1256 Collegio
1162 1204 1436 1255 parisiensi,
1476 1206 1646 1257 partim
1682 1206 1889 1258 Collegio

260 1275 526 1314 Billomensi
564 1275 823 1315 extruendo
863 1276 1207 1327 imponendum.
1249 1276 1411 1327 Itaque
1445 1277 1600 1327 priore
1640 1277 1889 1317 occasione

261 1345 487 1397 impulsus
521 1345 674 1396 Pater,
711 1358 894 1386 mecum
928 1345 1096 1386 Rdum.
1125 1346 1408 1398 Episcopum
1436 1346 1747 1388 parisiensem
1777 1348 1889 1388 adiit

258 1416 529 1456 facultatem
549 1417 779 1468 petiturus
800 1418 1153 1468 libertatemque
1176 1417 1499 1457 concionandi.
1522 1418 1585 1458 At
1610 1419 1887 1471 Episcopus,

259 1488 372 1527 satis
393 1487 593 1538 benigne
616 1499 701 1527 nos
722 1488 1003 1539 suscipiens,
1028 1499 1138 1528 mox
1159 1489 1399 1539 respondit
1426 1500 1475 1529 se
1501 1501 1596 1529 non
1623 1500 1887 1540 repugnare

259 1559 345 1609 piis
366 1557 603 1609 suffragiis
632 1557 886 1609 Aedilium,
917 1560 1055 1599 modo
1089 1572 1116 1599 a
1144 1559 1347 1599 Domino
1377 1559 1761 1611 Poenitentiario,
1797 1561 1886 1600 Do-

258 1635 385 1669 ctore
425 1629 666 1680 theologo,
704 1641 846 1681 penes
884 1642 1019 1681 quem
1060 1631 1321 1671 authoritas
1359 1637 1459 1671 erat
1504 1631 1593 1671 mei
1631 1632 1887 1682 periculum

256 1700 431 1751 facere,
455 1700 650 1740 idoneus
670 1701 895 1751 probatus
916 1713 1081 1741 essem.

337 1771 406 1810 Ex
438 1771 629 1811 aedibus
658 1771 883 1822 Episcopi
912 1777 1042 1812 recta
1067 1784 1151 1812 nos
1178 1771 1504 1812 transferimus
1540 1774 1585 1812 in
1617 1773 1779 1813 aedem
1809 1774 1886 1814 Sa-

256 1853 386 1881 cram
413 1841 565 1881 Divae
596 1842 802 1893 Virgini,
836 1843 913 1882 ubi
941 1842 1192 1883 Dominum
1221 1842 1636 1884 Poenitentiarium
1663 1855 1767 1884 cum
1796 1844 1886 1884 Do-

256 1913 381 1953 mino
404 1912 606 1953 Cantore
635 1913 923 1953 offendimus.
957 1914 1023 1954 Ibi
1049 1913 1188 1954 Pater
1215 1915 1445 1954 rationem
1475 1915 1626 1955 reddit
1657 1915 1888 1956 adventus

257 1984 339 2023 sui.
363 1984 567 2035 Uterque
589 1990 809 2023 causatur
825 1985 1006 2024 vultum
1023 1985 1174 2025 adhuc
1192 1984 1444 2037 juvenilem
1463 1985 1663 2037 (qualem
1684 1997 1771 2037 ego
1791 1987 1887 2038 qui-

256 2056 359 2094 dem
381 2055 580 2105 ingenue
611 2055 848 2105 agnosco).
886 2055 1025 2095 Pater
1054 2068 1188 2096 suum
1224 2056 1286 2096 ibi
1307 2061 1493 2096 strenue
1529 2057 1712 2108 peragit
1746 2069 1884 2108 nego-

255 2126 382 2165 tium.
406 2125 517 2165 Mox
537 2124 723 2176 subjicit
755 2126 984 2166 Dominus
1002 2126 1198 2166 Cantor:
1227 2126 1298 2166 “Si
1329 2127 1402 2166 hic
1424 2127 1470 2166 in
1500 2133 1773 2178 suggestum
1791 2127 1885 2178 jam

256 2197 478 2247 prodeat,
511 2197 779 2236 universum
809 2198 1131 2248 theologorum
1165 2198 1529 2238 Sorbonicorum
1557 2198 1817 2249 Collegium
1845 2209 1888 2237 et

256 2278 456 2317 quatuor
495 2267 859 2307 mendicantium
904 2267 1090 2307 ordines
1133 2269 1386 2308 adversum
1426 2281 1511 2308 vos
1551 2269 1884 2318 concitabitis.„

256 2337 484 2387 Tandem,
519 2339 664 2377 altero
692 2350 778 2378 nos
809 2338 1120 2389 relinquente,
1154 2339 1384 2379 Dominus
1418 2339 1803 2379 Poenitentiarius
1824 2340 1886 2379 fa-

258 2408 498 2448 miliariter
529 2421 583 2448 ac
610 2409 809 2459 benigne
840 2420 925 2448 nos
957 2408 1153 2449 affatur:
1189 2409 1282 2449 “De
1304 2410 1517 2450 doctrina
1538 2410 1755 2461 vitaeque
1776 2410 1886 2450 inte-

255 2480 427 2529 gritate
448 2491 541 2519 non
563 2481 772 2530 ambig03
797 2487 843 2520 at
864 2491 1032 2520 vereor
1061 2492 1118 2519 ne
1150 2480 1387 2520 auditores
1410 2481 1751 2521 adolescentiae
1779 2488 1886 2521 tuae

257 2550 502 2590 occasione
524 2552 717 2590 verbum
740 2551 829 2590 Dei
850 2557 1163 2591 contemnant.
1188 2552 1290 2602 Ego
1310 2551 1487 2603 (inquit)
1510 2551 1698 2591 Aediles
1721 2563 1886 2591 conve-

257 2621 402 2669 niam,
429 2633 482 2660 ac
505 2622 669 2661 deinde
700 2633 976 2673 responsum
1007 2633 1108 2661 sum
1139 2623 1273 2662 vobis
1306 2623 1541 2672 daturus„
1575 2622 1696 2673 Quid
1724 2622 1889 2662 multa?

257 2691 400 2731 Nobis
431 2692 729 2732 redeuntibus
751 2692 811 2732 ad
832 2704 881 2732 se
911 2693 1053 2732 semel
1074 2699 1212 2743 atque
1233 2693 1400 2732 iterum
1422 2692 1660 2743 respondit
1681 2704 1730 2732 se
1747 2693 1885 2743 impe-

258 2762 403 2801 ditum
425 2763 630 2802 nondum
651 2763 929 2803 convenisse
951 2774 1053 2813 eos,
1078 2769 1121 2802 et
1144 2769 1193 2803 ut
1219 2763 1363 2803 animi
1393 2763 1465 2803 sui
1493 2763 1709 2803 timorem
1729 2763 1887 2803 huma-

260 2844 368 2871 num
389 2832 628 2884 proderet,
653 2832 803 2873 addit:
831 2833 965 2873 “mihi
988 2833 1201 2884 obsecro,
1226 2833 1421 2884 credite;
1443 2845 1538 2873 non
1559 2833 1760 2873 arbitror
1782 2845 1885 2872 con-

261 2904 431 2943 sultum
452 2910 500 2943 ut
521 2904 595 2943 hic
613 2903 709 2954 jam
728 2910 1002 2955 suggestum
1023 2903 1306 2943 conscendat
1327 2904 1384 2943 ob
1406 2903 1630 2954 rationes,
1655 2914 1770 2954 quas
1794 2915 1885 2943 non

262 2979 330 3013 est
369 2973 441 3013 fas
479 2986 563 3014 nec
599 2980 910 3025 opportunum
945 2974 1082 3014 modo
1124 2975 1470 3014 communicare
1504 2974 1652 3014 vobis.
1689 2973 1886 3013 Proinde
