2080 3392
819 197 902 232 AN.
935 193 1026 232 1553
1267 245 1271 248 ι
1675 189 1747 227 283

100 296 295 346 auxiliO,
320 295 446 347 quod
467 306 494 335 a
515 292 770 334 nobis'fieri
791 292 979 332 solitum
1001 297 1094 341 est,
1123 290 1326 342 plurima
1353 290 1746 341 deprompserunt

101 368 281 408 scelera
303 373 348 407 et
372 364 617 413 maleficia,
642 375 760 416 quae
783 369 922 403 antea
943 362 1178 414 patefacta
1201 373 1295 402 non
1323 360 1530 410 fuerant,
1562 359 1746 411 hocque

102 438 256 489 modo,
279 438 447 478 mentis
468 447 585 488 pace
607 440 898 487 comparata,
924 434 1153 474 abierunt.
1506 435 1511 439 ’

182 509 300 550 Illud
317 508 458 548 etiam
475 507 617 547 velim
633 506 838 546 maxime
861 505 1156 556 exploratum
1178 503 1370 553 habeas,
1395 503 1535 543 Pater
1556 502 1744 554 optime,

104 592 189 621 nos
209 579 393 621 dedisse
420 589 612 630 operam
633 585 683 618 ut
705 587 867 617 omnes
888 576 1116 625 homines,
1145 575 1222 626 qui
1244 575 1303 614 ad
1320 586 1407 614 nos
1424 574 1621 626 praevia
1642 584 1747 625 gra-

103 653 168 692 tia
195 651 469 700 veniebant,
500 649 864 689 adhortaremur
902 647 962 687 ad
989 645 1298 686 confessionis
1327 646 1658 697 frequentiam,
1693 656 1748 684 ac

104 723 382 763 doceremus
404 720 493 760 hoc
514 731 660 760 unum
680 730 783 759 esse
814 718 1056 769 singulare
1085 715 1481 756 medicamentum
1503 716 1562 755 ad
1583 726 1750 755 sanan-

104 794 189 835 das
205 794 350 852 animi
367 792 687 844 aegritudines
705 797 749 831 et
771 788 1074 841 depellendas
1092 789 1151 829 ad
1169 788 1284 828 vitia
1302 789 1654 840 propensiones.
1678 785 1750 826 Ac

106 866 336 906 Dominus
355 865 492 918 Jesus
523 864 620 904 vim
644 875 700 903 ac
721 862 946 902 virtutem
976 872 1060 901 suo
1082 859 1228 900 verbo
1256 871 1340 911 per
1362 870 1450 899 nos
1471 858 1750 910 pronuncia-

107 944 153 978 to
170 937 421 989 praestitit,
441 935 673 987 siquidem
690 946 717 974 a
734 934 919 974 Pascha
937 933 1182 973 hominum
1198 942 1437 981 numerus,
1458 931 1535 982 qui
1553 941 1752 970 comme-

115 1008 426 1049 morationem
459 1007 623 1047 mortis
656 1005 920 1046 dominicae
954 1002 1347 1044 communicando
1379 1002 1639 1051 celebrant,
1674 1012 1749 1040 au-

110 1087 214 1121 ctus
235 1086 320 1130 est,
336 1085 380 1119 et
397 1080 444 1119 in
460 1079 559 1119 dies
576 1077 800 1127 nonnulli,
817 1077 956 1117 rebus
973 1075 1222 1116 mundanis
1240 1073 1488 1126 despectis,
1506 1072 1751 1113 accedunt.

189 1150 306 1191 Sunt
323 1150 553 1202 quaedam
572 1156 817 1189 matronae
835 1147 984 1188 divini
1005 1147 1156 1187 cultus
1177 1145 1477 1198 percupidae,
1502 1156 1558 1184 ac
1580 1143 1754 1184 Christi

109 1223 290 1274 gloriae
313 1221 680 1267 amantissimae,
706 1232 840 1272 quae,
861 1230 1057 1270 prorsus
1078 1230 1163 1270 pro
1180 1218 1324 1257 nihilo
1343 1216 1502 1257 habito
1520 1214 1694 1255 mundo
1711 1220 1755 1254 et

113 1294 241 1334 omni
262 1294 467 1334 humana
496 1292 879 1333 reformidatione
901 1291 1118 1342 expulsa,
1143 1300 1316 1340 magno
1340 1288 1493 1328 studio
1515 1287 1756 1339 piscantur

112 1373 208 1406 tam
240 1366 370 1405 viros
401 1376 541 1416 quam
568 1363 798 1403 foeminas
831 1375 886 1403 ac
914 1362 1141 1414 plurimos
1168 1361 1407 1401 adducunt
1438 1370 1599 1399 secum
1627 1364 1670 1397 et
1701 1357 1761 1397 ad

112 1437 457 1477 confessionem
479 1442 522 1475 et
545 1435 604 1475 ad
626 1434 898 1475 convivium
925 1434 1143 1474 coeleste.
1168 1431 1413 1483 Quaedam
1439 1431 1584 1482 igitur
1611 1441 1668 1469 ex
1689 1428 1763 1468 his

113 1520 220 1549 cum
236 1509 392 1548 virum
410 1519 546 1547 suum
563 1518 658 1546 non
675 1513 834 1558 posset
853 1505 1042 1546 allicere
1059 1504 1118 1544 ad
1136 1503 1446 1544 confessionis
1463 1501 1760 1548 medicinam,

113 1592 216 1620 sese
248 1580 307 1620 ad
337 1579 435 1619 eius
465 1578 662 1630 proiecit
692 1578 857 1629 pedes,
891 1589 946 1617 ac
978 1582 1108 1617 tanto
1139 1575 1296 1616 animo
1324 1587 1373 1614 se
1395 1574 1565 1625 gessit,
1596 1579 1645 1612 ut
1667 1572 1766 1612 voti

113 1663 308 1704 compos
329 1650 474 1691 fieret.
498 1649 605 1690 Alia
632 1656 682 1690 ut
710 1649 782 1690 vir
815 1649 998 1689 audiret
1018 1648 1216 1688 verbum
1237 1647 1347 1696 Dei,
1373 1658 1399 1686 a
1422 1657 1512 1696 quo
1545 1656 1658 1685 sane
1689 1643 1764 1683 ab·

114 1723 351 1773 horrebat,
375 1722 512 1762 toties
534 1733 640 1761 eum
662 1728 730 1761 est
762 1727 956 1772 precata
985 1727 1029 1760 et
1060 1720 1249 1759 hortata
1278 1726 1326 1758 ut
1355 1718 1494 1758 modo
1521 1717 1679 1756 veniat
1708 1714 1767 1755 ad

116 1795 384 1836 conciones.
409 1793 510 1833 Hae
533 1794 732 1844 denique
754 1799 947 1832 sanctae
970 1791 1144 1832 Christi
1166 1797 1411 1830 matronae
1434 1795 1540 1828 sunt
1564 1787 1769 1828 artifices

116 1867 427 1920 plurimorum
460 1866 734 1905 meritorum
770 1865 816 1905 in
851 1864 1101 1904 ecclesiam
1136 1870 1181 1903 et
1210 1863 1465 1902 multarum
1500 1860 1768 1900 animarum

116 1938 488 1991 gubernatrices.

198 2010 247 2050 In
271 2018 431 2050 nostro
452 2009 627 2060 templo
650 2008 938 2061 praelegitur
968 2008 1015 2047 in
1042 2007 1206 2047 diebus
1236 2005 1483 2047 dominicis
1512 2004 1769 2044 christiana

116 2083 346 2129 doctrina,
371 2093 461 2132 quo
484 2086 738 2120 accurrunt
760 2086 827 2120 tot
848 2079 1061 2120 homines
1080 2112 1087 2128 ,
1107 2090 1162 2119 ac
1184 2078 1395 2118 nonnulli
1412 2076 1553 2125 docti,
1573 2082 1622 2115 ut
1639 2077 1771 2115 locus

118 2155 177 2193 sit
194 2152 447 2193 admodum
464 2160 715 2203 angustus,
736 2163 822 2191 nec
840 2163 921 2191 eos
938 2163 1107 2202 capere
1129 2150 1292 2202 possit.
1313 2149 1540 2190 Omnibus
1560 2159 1645 2199 pro
1662 2147 1771 2186 viri-

117 2227 203 2265 bus
221 2224 402 2274 satisfit,
423 2224 546 2274 quod
565 2224 769 2263 maxime
786 2223 876 2262 hoc
893 2222 1120 2273 probatur
1138 2227 1434 2273 argumento,
1455 2219 1593 2271 quod,
1614 2218 1768 2258 lectio-

117 2310 175 2337 ne
191 2297 421 2345 absoluta,
445 2295 635 2347 plurimi
652 2294 1000 2336 confessionem
1019 2295 1207 2334 adeunt.
1230 2293 1459 2334 Visuntur
1478 2298 1522 2332 et
1540 2301 1773 2343 pauperes

120 2368 305 2420 aegroti
327 2368 374 2408 in
396 2367 693 2408 xenodochio
716 2380 771 2408 ac
793 2368 1080 2408 adiuvantur
1102 2373 1200 2406 tum
1223 2364 1541 2413 concionibus,
1566 2370 1664 2402 tum
1684 2361 1772 2414 pri-

120 2440 246 2480 vatis
268 2439 707 2488 exercitationibus,
742 2445 840 2479 tum
871 2438 1268 2485 confessionibus,
1292 2436 1370 2476 ubi
1397 2447 1491 2475 non
1523 2433 1775 2474 mediocris

120 2512 301 2551 fructus
317 2510 542 2550 nascitur.
567 2509 743 2550 Eodem
760 2517 899 2561 pacto
917 2517 960 2550 et
978 2510 1028 2560 ii,
1048 2509 1127 2560 qui
1144 2509 1191 2548 in
1213 2507 1426 2548 custodia
1445 2513 1552 2546 sunt
1569 2505 1773 2556 publica,

121 2583 421 2631 adiuvantur,
446 2582 612 2632 quibus
635 2582 852 2634 quamvis
873 2582 932 2622 sit
957 2581 1154 2621 arduum
1172 2592 1228 2620 ac
1252 2579 1435 2620 difficile
1461 2577 1598 2618 fidem
1619 2575 1776 2616 facere

121 2662 171 2695 ut
195 2654 484 2694 adversariis
505 2660 718 2705 parcant,
743 2653 1046 2694 nihilominus
1067 2660 1225 2693 tamen
1246 2658 1375 2691 tanto
1394 2655 1565 2689 conatu
1583 2648 1628 2688 id
1645 2659 1776 2699 pera-

123 2727 263 2777 gitur,
282 2733 333 2766 ut
355 2726 501 2766 divini
524 2725 657 2765 verbi
677 2725 725 2764 vi
746 2725 936 2765 tandem
957 2725 1263 2774 deliniantur,
1285 2729 1329 2762 et
1352 2722 1398 2762 in
1418 2721 1624 2772 gratiam
1642 2719 1779 2760 redu-

125 2803 293 2838 cantur
315 2809 422 2838 cum
444 2797 658 2846 inimicis,
684 2803 727 2836 et
748 2797 890 2836 etiam
911 2797 1000 2836 hoc
1022 2795 1160 2836 modo
1184 2794 1243 2834 ad
1264 2792 1601 2845 poenitentiam
1629 2798 1673 2831 et
1700 2801 1779 2842 pa-

124 2869 337 2909 tientiam
371 2881 456 2921 pro
485 2868 659 2909 Christi
690 2879 851 2908 amore
873 2867 1221 2919 suscipiendam
1253 2865 1559 2906 deducantur.
1592 2862 1779 2903 Iuvenis

127 2941 331 2992 quidam,
350 2948 488 2981 natus
506 2941 694 2981 circiter
712 2951 775 2980 xx
790 2952 954 2991 annos,
975 2939 1159 2980 deditus
1176 2945 1245 2979 est
1264 2936 1503 2983 Societati,
1521 2942 1565 2975 et
1582 2947 1608 2974 a
1626 2934 1776 2980 nobis,

128 3012 282 3052 Patris
313 3013 611 3053 Commisarii
640 3012 947 3064 praescripto,
977 3011 1247 3054 Ferrariam
1277 3014 1346 3049 est
1382 3008 1567 3048 missus.
1602 3006 1779 3056 Magna
