2080 3392
857 173 897 210 A
905 184 942 209 N.
974 174 1064 210 1554
1707 172 1779 209 (563

136 276 358 323 casteque
391 271 704 323 prosequitur.
742 270 890 321 Alter,
921 271 1212 322 professione
1238 270 1491 322 Sacerdos,
1522 271 1674 322 patria
1706 270 1776 311 Bi-

137 342 410 392 turicensis,
444 348 552 383 ante
584 354 759 382 annum
789 342 1011 394 Episcopi
1041 341 1384 394 Myrapicensis
1409 343 1434 393 ¹,
1469 342 1672 383 oratoris
1693 341 1777 382 Re-

136 414 211 463 gis
245 413 507 454 Galliarum
529 413 651 466 apud
680 412 972 464 Pontificem,
1011 414 1293 454 domesticus
1322 414 1547 465 famulus,
1581 414 1774 466 triginta

138 484 340 537 quinque
380 497 610 526 annorum
646 491 849 526 aetatem
884 496 1136 537 superans,
1175 486 1593 526 exercitationibus
1628 486 1778 526 sacris

137 555 366 606 eruditus,
391 569 441 597 se
470 562 622 597 totum
650 556 873 598 Societati
898 557 1086 597 tradere
1113 557 1295 608 statuit3
1318 569 1457 609 quern
1482 569 1650 609 parum
1679 557 1777 597 lite-

137 633 292 668 ratum
313 627 616 679 Praepositus
636 634 795 668 noster
823 639 908 679 pro
937 640 1023 668 sua
1049 627 1298 680 prudentia
1326 629 1373 668 in
1399 640 1646 669 numerum
1675 640 1776 669 suo-

138 711 242 739 rum
280 711 374 739 non
414 699 656 751 adoptabit
694 700 785 740 nisi
824 700 968 751 probe
1008 706 1266 751 exacteque
1307 700 1570 751 probatum.
1617 699 1778 752 Neque

135 770 259 810 enim
279 770 523 810 literarum
550 771 786 822 praesidio
816 770 1066 811 destitutus
1095 771 1170 810 ille
1198 782 1308 811 mox
1336 769 1616 822 rejiciendus
1643 771 1778 811 nobis

132 841 263 881 visus
285 848 379 892 est,
403 842 700 893 potissimum
729 842 853 893 quod
873 841 1060 881 humilis
1091 841 1383 882 obedientiae
1413 853 1649 894 veraeque
1675 842 1778 882 reli-

132 912 286 962 gionis
321 912 540 964 spiritum
574 913 850 964 concepisse
883 912 1050 953 merito
1087 912 1328 963 credatur,
1365 925 1452 953 nec
1488 913 1548 953 ad
1581 924 1777 954 aecono-

133 983 275 1024 miam
297 984 482 1036 aliaque
510 983 725 1024 obeunda
756 982 951 1048 munerfl
983 983 1168 1034 ineptus
1196 989 1460 1034 censeatur,
1492 995 1779 1036 quamquam

132 1055 529 1107 impensissimum
552 1055 692 1095 studii
713 1055 912 1097 literarii
934 1054 1155 1095 affectum
1178 1055 1397 1095 comitem
1420 1055 1636 1096 adducat.

212 1126 349 1167 Adde
376 1127 500 1179 quod
523 1126 709 1167 Rmum.
742 1126 1041 1167 Cardinalem
1071 1126 1236 1167 Polum
1267 1126 1499 1178 Legatum
1527 1127 1776 1168 adduxerit

133 1198 229 1238 suis
268 1199 484 1250 precibus
519 1206 568 1239 ut
605 1210 654 1238 se
688 1198 818 1239 Patri
852 1198 1126 1250 Praeposito
1163 1199 1365 1250 benigne
1405 1199 1773 1251 commendaret,

132 1281 223 1321 quo
244 1270 290 1310 in
313 1269 596 1311 Societatem
618 1277 828 1310 nostram
850 1270 1153 1322 reciperetur.
1177 1270 1273 1311 Nec
1294 1282 1462 1322 parum
1483 1271 1637 1322 ipsum
1658 1271 1776 1312 iuvit

132 1341 256 1392 quod
276 1341 326 1381 P.
350 1347 510 1382 noster
532 1340 816 1382 Paschasius
836 1341 1075 1382 Bononiae
1103 1342 1192 1393 ipsi
1212 1341 1226 1359 Ξ
1255 1354 1281 1381 a
1312 1342 1608 1383 confessione
1637 1343 1775 1383 fuerit

133 1412 349 1465 quodque
390 1412 604 1453 Romano
642 1413 850 1464 Collegio
885 1412 1281 1453 familiarissimus
1320 1413 1550 1464 extiterit,
1593 1420 1643 1454 ut
1676 1414 1775 1466 ipse

133 1484 256 1524 bona
279 1485 581 1536 legitimaque
602 1484 691 1525 fide
719 1490 932 1525 testatur.
965 1484 1105 1524 Faxit
1135 1484 1366 1525 Dominus
1394 1485 1555 1538 Jesum
1585 1485 1775 1526 Crucifi-

130 1567 257 1606 xum,
283 1568 421 1608 quem
441 1556 529 1597 sibi
550 1556 766 1608 praefixit
787 1556 846 1596 ob
869 1557 1053 1607 oculos,
1078 1567 1260 1607 semper
1282 1556 1502 1597 imitetur.

208 1628 325 1668 Tres
345 1627 474 1668 fuere
497 1628 821 1669 adolescentes
836 1628 912 1679 pie
930 1639 1044 1679 erga
1065 1626 1314 1669 Societatis
1337 1629 1576 1680 sequelam
1599 1628 1770 1680 affecti,

128 1711 327 1751 quorum
348 1711 467 1741 unus
488 1700 623 1740 nobis
645 1700 814 1751 servit,
838 1711 1008 1751 parum
1042 1699 1102 1740 ad
1132 1699 1291 1740 literas
1324 1706 1480 1751 aptuS,
1514 1712 1663 1740 annos
1693 1713 1770 1741 na-

125 1778 199 1811 tus
220 1772 575 1823 septemdecim,
600 1782 798 1822 corpore
819 1782 906 1822 pro
931 1777 1084 1811 aetate
1112 1782 1311 1822 procero
1333 1782 1389 1810 ac
1411 1771 1626 1823 robusto,
1650 1772 1769 1823 pius,

128 1842 310 1893 integer
331 1853 567 1894 verusque
588 1842 823 1891 Isra'e'lita,
847 1841 894 1882 in
915 1854 1006 1894 quo
1028 1841 1162 1882 dolus
1182 1853 1276 1882 non
1297 1848 1381 1882 est.
1407 1841 1669 1892 Secundus,
1694 1855 1770 1894 pa-

124 1920 311 1954 rentum
336 1914 575 1965 dissuasu,
601 1926 628 1954 a
649 1914 847 1966 pristino
872 1913 1041 1954 affectu
1062 1920 1315 1979 revocatus
1337 1920 1426 1965 est,
1459 1914 1536 1966 qui
1565 1914 1771 1966 alioquin

126 1991 265 2037 aptus
285 1986 504 2038 utilisque
525 1984 751 2026 Societati
771 1985 886 2025 satis
907 1985 1085 2035 fuisset,
1110 1997 1259 2025 annos
1279 1991 1419 2025 natus
1441 1985 1610 2036 viginti
1636 1986 1768 2027 duos.

129 2057 315 2098 Tertius
336 2057 530 2109 flander,
556 2068 706 2097 annos
733 2063 870 2097 natus
898 2056 1300 2108 vigintiquinque,
1331 2056 1459 2108 pium
1480 2068 1595 2107 erga
1616 2056 1767 2098 Socie-

127 2134 271 2168 tatem
302 2129 510 2169 animum
537 2135 716 2177 servat;
762 2128 844 2168 sed
879 2139 1164 2180 quamquam
1198 2127 1258 2167 ad
1288 2126 1552 2178 Magisterii
1585 2128 1770 2168 titulum

127 2206 370 2250 promotus
405 2200 484 2251 sit,
521 2211 688 2251 parum
726 2206 863 2251 aptus
900 2200 1084 2240 videtur
1119 2199 1178 2239 ad
1217 2199 1409 2239 heroica
1445 2199 1769 2240 hierarchicae

127 2271 370 2321 dignitatis
397 2272 556 2312 munia
590 2271 983 2311 administranda.
1016 2270 1154 2310 Haud
1182 2270 1342 2310 dubito
1373 2270 1485 2321 quin
1516 2270 1674 2322 plures
1709 2271 1768 2311 ad

180 2433 189 2452 ¹
230 2432 362 2460 Claudii
377 2433 417 2459 de
432 2434 464 2459 la
481 2432 622 2466 Guiche,
635 2433 701 2468 qui¹
716 2440 779 2466 quo
791 2437 943 2466 tempore
957 2432 1021 2459 hae
1034 2433 1170 2459 litterae
1184 2424 1428 2464 exarabantur,
1439 2431 1510 2466 jam
1523 2432 1616 2458 vitae
1633 2432 1769 2459 functus

126 2485 201 2508 erat
217 2480 268 2511 (19
283 2479 398 2507 Martii
415 2480 499 2512 1553)
514 2484 547 2507 et
564 2480 702 2508 Henrici
718 2480 766 2514 11,
785 2479 916 2507 Galliae
933 2479 1053 2514 Regis,
1071 2485 1187 2506 orator
1202 2479 1292 2513 apud
1308 2478 1505 2506 Pontificem
1521 2484 1553 2506 et
1570 2479 1602 2506 in
1618 2478 1768 2507 Concilio

129 2528 326 2555 Tridentino
343 2528 465 2556 fuerat.

180 2575 194 2594 Ξ
232 2575 368 2603 Scilicet
383 2575 460 2603 huic
480 2575 715 2610 Mirapicensis
728 2576 889 2611 Episcopi
905 2576 1091 2604 domestico
1112 2575 1295 2602 sacerdoti.
1321 2573 1508 2609 Episcopus
1528 2580 1645 2602 autem
1669 2575 1768 2603 Mira-

125 2624 272 2658 picensis
292 2623 463 2651 Bononiae
486 2624 564 2658 fuit,
587 2628 769 2658 postquam
790 2624 822 2651 in
844 2632 920 2651 eam
941 2625 1059 2651 urbem
1082 2623 1269 2650 Concilium
1291 2623 1498 2649 translatum
1520 2623 1681 2651 Tridento
1702 2628 1766 2658 est,

128 2679 191 2705 quo
207 2676 359 2706 tempore
381 2671 567 2699 Bononiam
589 2672 711 2706 etiam,
727 2677 853 2706 rogatu
869 2672 1009 2699 Patrum
1024 2672 1163 2707 Laynez
1179 2676 1211 2697 et
1229 2670 1423 2703 Salmeron,
1439 2671 1560 2698 missus
1578 2676 1630 2698 est
1652 2671 1686 2699 P.
1708 2672 1769 2699 Pa-

127 2720 282 2747 schasius
304 2720 590 2747 Erech—Verum
615 2720 750 2754 quidem
771 2721 858 2755 quod
880 2720 929 2747 ait
955 2720 1057 2747 Prat:
1082 2718 1234 2746 “Claude
1259 2719 1298 2745 de
1322 2719 1356 2745 la
1384 2718 1533 2751 Guiche,
1558 2721 1767 2747 recemment

126 2770 258 2795 nomme
273 2769 293 2795 a
308 2768 458 2795 l'eveche
474 2768 513 2794 de
536 2767 711 2802 MirepoiX,
725 2769 806 2801 alla,
819 2776 904 2796 avec
920 2769 969 2795 les
984 2767 1248 2795 ambassadeurs
1260 2766 1419 2799 francais,
1433 2766 1635 2800 attend1·e‚a
1647 2766 1769 2794 Ferra-

127 2823 179 2849 τε,
197 2816 235 2842 de
251 2823 431 2842 nouveaux
448 2815 566 2842 ordres
581 2815 620 2842 de
636 2816 669 2842 la
684 2823 765 2842 cour
781 2816 820 2842 de
836 2815 980 2842 France.
991 2836 1004 2848 „
1026 2814 1217 2841 Me‘moires
1237 2818 1330 2848 pour
1350 2814 1469 2840 servir
1490 2814 1509 2839 ἁ
1531 2813 1704 2841 l'lzz'stoire
1720 2815 1766 2842 du

129 2863 216 2890 Pero
230 2863 336 2890 Broet
354 2865 387 2890 et
401 2863 464 2890 des
479 2864 636 2897 origines
650 2863 742 2890 dela
760 2863 973 2898 Compagm'e
987 2863 1030 2889 de
1043 2862 1151 2897 Je'sus
1172 2869 1214 2888 en
1237 2861 1393 2893 France,
1413 2865 1502 2895 part.
1524 2869 1564 2895 11,
1586 2862 1643 2889 lib.
1665 2869 1699 2889 Η.
1721 2863 1767 2890 At

128 2919 192 2938 non
209 2912 318 2938 minus
338 2916 470 2938 certum
492 2916 543 2938 est
565 2911 719 2938 eumdem
742 2911 921 2938 claudium
944 2910 1114 2938 Bononiae
1139 2914 1270 2944 tempus
1292 2909 1427 2943 aliquod
1451 2909 1571 2943 fuisse;
1594 2910 1766 2938 Bononiae

128 2959 216 2986 enim
229 2958 265 2985 30
279 2958 428 2993 Augusti
444 2959 512 2986 1547
525 2960 577 2989 (in
592 2959 739 2993 paginae
755 2966 816 2986 ora
830 2966 891 2993 per
906 2966 1058 2985 errorem
1073 2958 1239 2992 seriptum
1254 2962 1305 2984 est
1323 2957 1408 2990 1545)
1429 2957 1471 2984 ad
1492 2956 1766 2986 Condestabilem

129 3006 264 3034 littei-as
279 3007 381 3039 dedit,
399 3014 482 3041 quas
500 3007 601 3034 affert
618 3007 757 3037 Rxfflssiz,
774 3006 915 3033 Lettres
929 3008 962 3033 et
980 3005 1429 3038 Me}11201›·esd'Estat,tom.
1442 3012 1478 3037 11.
1491 3013 1569 3040 pag.
1584 3006 1629 3033 55.
