2080 3392
841 178 926 215 AN.
956 178 1047 216 1553
1697 180 1770 218 183

119 277 372 326 deterreat,
396 287 490 315 non
511 282 595 326 est,
620 275 826 327 inquam,
847 275 924 327 qui
942 286 1023 315 eas
1039 276 1257 315 extrahat
1277 288 1303 315 a
1328 275 1623 316 densissimis
1643 289 1765 316 erro-

123 358 226 386 rum
247 346 466 386 tenebris.
490 345 582 386 Sed
603 346 693 386 hac
714 347 762 386 in
788 358 838 386 re
868 346 983 386 nihil
1015 346 1142 386 aliud
1168 358 1418 397 possumus
1449 358 1612 398 agere,
1636 359 1766 399 prae-

121 423 335 468 terquam
371 417 494 468 quod
524 417 623 468 ipse
653 418 821 457 vineae
850 416 1080 457 Dominus
1109 417 1322 457 Christus
1352 418 1480 458 Iesus
1516 419 1762 470 praecipit,

122 489 210 528 hoc
227 494 297 527 est
313 488 465 539 ipsum
480 488 736 528 Dominum
752 489 919 528 messis
936 489 1121 539 precari
1139 495 1186 528 ut
1204 488 1358 529 mittat
1375 489 1617 540 operarios
1635 489 1682 530 in
1699 491 1763 530 vi-

118 570 256 599 neam
276 570 424 598 suam.
446 559 677 609 Quocirca
700 560 892 599 modum
912 558 1085 598 faciam
1107 570 1160 598 ac
1186 559 1303 599 m'lzil
1327 560 1453 600 aliud
1475 561 1760 611 adscribam,

114 641 257 681 quam
278 629 400 680 quod
423 642 583 670 omnes
604 642 689 670 nos
708 630 1062 671 commendatos
1078 631 1430 681 precationibus
1452 639 1496 671 et
1519 632 1764 673 sacrificiis

116 701 209 740 tuis
229 706 274 740 et
295 701 437 741 totius
459 699 709 741 Societatis
731 713 835 741 esse
857 702 1090 741 volumus.

196 771 418 821 Mutinae,
444 772 581 812 tertio
604 773 707 813 idus
730 772 955 812 februarii
982 771 1098 811 1553.

196 843 375 883 Inutilis
397 855 579 894 servus,

194 913 391 965 Imperio
413 914 566 954 Patris
588 914 823 955 Caesaris.

929 1060 965 1100 F
970 1071 1218 1100 RANciscus
1248 1059 1485 1099 H1SPANus
1519 1058 1544 1096 ¹.

196 1273 566 1325 Superscmptio.
589 1276 616 1321 †
645 1274 705 1314 Al
725 1274 867 1314 molto
889 1273 991 1313 R.d0
1006 1274 1053 1314 in
1074 1272 1159 1314 X.⁰
1180 1273 1229 1313 Ρ.
1254 1273 1285 1313 il
1305 1272 1397 1313 PR
1421 1275 1480 1315 M.
1500 1273 1685 1325 Ignatio
1704 1272 1759 1312 de

116 1344 301 1396 Loyola
322 1345 566 1396 Preposito
589 1346 645 1385 de
666 1346 710 1385 la
733 1345 920 1397 Comp.a
941 1345 987 1385 di
1007 1345 1123 1385 Iesu.

197 1415 248 1455 In
268 1416 435 1456 Roma.

197 1487 309 1527 Alsa
341 1500 505 1528 mann:
530 1488 608 1528 ··'R.
632 1501 689 1529 ex
712 1488 932 1538 Mutina„

196 1558 259 1598 Et
289 1559 405 1599 alia:
431 1559 572 1600 “1553
599 1559 815 1600 Modena.
841 1560 989 1611 Quad.
1014 1559 1039 1599 3
1060 1559 1166 1600 Idus
1188 1560 1416 1601 Februari
1438 1560 1493 1611 Q.
1517 1559 1588 1609 S„

197 1630 288 1670 Est
308 1641 440 1671 cerae
461 1635 504 1671 et
526 1631 691 1683 sigilli
706 1631 986 1683 vestz'gl'zmz.

307 2030 559 2058 Praecedentes
575 2031 753 2059 Francisci
769 2032 905 2060 Bordon
921 2032 1061 2059 litterae
1077 2039 1097 2059 a
1112 2032 1147 2059 P.
1162 2031 1312 2059 Polanco
1329 2032 1528 2059 emendatae
1544 2033 1566 2060 ⁴-'.

823 2224 1019 2266 MUTIN
1023 2224 1066 2265 A

189 2415 355 2457 Gratia
377 2424 421 2458 et
443 2430 538 2470 pax
560 2419 734 2460 Christi
754 2421 865 2474 Jesu
883 2421 941 2461 sit
962 2433 1148 2473 semper
1169 2422 1216 2461 in
1232 2421 1381 2461 nobis.
1406 2420 1573 2460 Amen.

187 2487 401 2529 Breviter
435 2492 655 2543 scribam,
693 2504 921 2544 perquam
957 2493 1253 2533 observande
1280 2492 1433 2541 Pater,
1471 2502 1590 2542 quae
1619 2490 1748 2530 Deus

103 2559 255 2608 egerit
275 2572 359 2611 per
378 2573 461 2601 nos
483 2563 555 2602 his
573 2563 721 2604 tribus
743 2564 982 2604 mensibus
1003 2565 1258 2605 transactis
1286 2570 1535 2615 postquam
1556 2562 1604 2602 in
1625 2562 1748 2602 hanc

105 2629 269 2670 urbem
288 2634 591 2682 pervenimus
612 2642 658 2675 et
685 2634 821 2687 hujus
842 2635 1041 2687 Collegii
1068 2635 1316 2676 Societatis
1342 2641 1532 2675 nostrae
1545 2633 1746 2684 jecimus

103 2699 420 2763 fundamenta.

158 2861 169 2882 ¹
209 2862 413 2892 Franciscus
428 2865 579 2900 Bord0n;
596 2866 643 2894 sic
659 2868 730 2901 ipse
746 2875 867 2895 nomen
881 2876 978 2896 suum
999 2869 1182 2896 subscribit
1203 2868 1328 2895 litteris
1344 2868 1433 2895 infra
1449 2867 1743 2895 edendis-Estne

103 2909 158 2936 hic
172 2910 237 2942 ille,
252 2919 350 2945 quem
367 2913 568 2940 Gordonmn
584 2914 665 2942 fecit
681 2915 820 2942 Polanei
835 2916 998 2943 librarius
1011 2916 1042 2943 in
1059 2916 1194 2947 Clzron„
1210 2920 1233 2942 t.
1249 2923 1284 2949 11,
1298 2924 1377 2950 pag.
1392 2916 1454 2950 2:22,
1470 2923 1501 2943 n.
1517 2916 1583 2943 256?

156 2956 170 2976 ἓ
209 2959 439 2994 Apographae
457 2961 582 2995 duplici
599 2962 631 2989 in
644 2962 722 2990 folio
738 2971 792 2990 nn.
807 2963 843 2990 92
863 2968 895 2990 et
907 2964 1061 2991 93.—Eas
1077 2964 1151 2990 ideo
1168 2964 1297 2991 edimus
1319 2969 1354 2991 ut
1371 2964 1449 2998 quid
1465 2964 1655 2991 deletorum
1670 2971 1689 2991 a
1705 2971 1739 2991 56

103 3004 176 3032 loco
191 3007 408 3034 substituerit
424 3008 591 3036 Polancus
606 3015 791 3044 appa1·eat;
809 3011 896 3044 quod
912 3011 1046 3045 quidem
1060 3010 1186 3038 italicis
1201 3011 1292 3046 typis
1308 3019 1328 3038 a
1340 3011 1470 3045 reliquo
1483 3011 1740 3045 distinguemus.
