2080 3392
792 228 876 265 Ax.
908 227 1000 264 1553
1645 223 1711 260 241

5 359 12 366 -
70 333 249 384 aliquot
269 328 517 370 visibiliter
535 339 641 367 cum
663 325 891 366 daemone
909 325 1176 366 conversati
1194 330 1317 373 sunt,
1337 323 1415 376 qui
1431 335 1513 375 per
1535 321 1713 363 confes-

70 405 251 445 sionem
274 406 317 441 et
340 398 625 440 sanctissimi
646 398 858 448 corporis
879 397 952 437 Xst
981 396 1293 448 sumptionem
1314 396 1463 436 vitam
1483 395 1531 434 in
1551 394 1717 434 melius

47 477 423 515 -·converterunt.
447 469 728 510 Benedictus
750 468 892 508 Deus.
918 468 1037 508 Aliis
1067 468 1209 507 etiam
1237 467 1505 507 hominibus
1535 465 1719 506 afflictis

77 545 218 595 adfui,
260 543 337 594 qui
371 541 622 593 plurimum
661 540 708 580 in
742 540 930 581 domino
971 539 1201 578 consolati
1242 544 1363 578 sunt.
1407 538 1539 578 Multi
1579 537 1720 577 etiam

78 616 324 658 adfuerunt
359 613 493 653 nobis
522 611 809 661 consulendi,
842 609 1113 659 confitendi,
1147 610 1258 650 boni
1293 609 1468 660 aliquid
1502 608 1721 649 audiendi

72 687 232 741 ,gratia
255 686 313 726 ad
334 685 483 724 vitam
505 682 850 734 corrigendam.
870 682 1028 722 Bonus
1051 682 1166 721 odor
1188 680 1437 722 Societatis
1455 686 1654 731 augetur
1675 680 1721 720 in

80 760 192 809 dies,
217 757 297 797 sed
319 768 413 796 non
434 755 605 796 dormit
627 754 842 803 daemon,
866 753 944 805 qui
962 753 1138 804 optima
1156 764 1341 804 semper
1359 759 1556 792 conatur
1571 752 1720 792 inver-

81 837 192 881 tere,
226 834 305 868 aut
334 827 574 878 impedire.
605 825 757 876 Quam
786 836 902 865 vera
929 824 989 864 sit
1016 824 1235 876 Apostoli
1256 824 1487 864 sententia
1509 823 1722 864 dicentis:

77 899 252 953 quipse
271 899 320 938 sn
349 897 536 938 Clm'sto
559 896 731 936 volunt
758 895 936 946 vivere,
959 894 1338 947 persecutionem
1359 894 1628 946 patientur,
1650 907 1724 935 ex-

83 972 287 1025 perimur
308 969 529 1022 quotidie,
551 967 832 1009 Benedictus
853 967 1099 1018 Dominus,
1124 973 1174 1007 ut
1195 967 1234 1006 si
1258 967 1337 1019 qui
1358 978 1407 1006 se
1428 965 1503 1006 X.i
1532 967 1725 1007 servitio

85 1042 353 1093 mancipare
388 1040 654 1089 intendunt,
693 1044 913 1091 parentes
950 1044 1000 1079 ut
1034 1039 1195 1078 leones
1226 1050 1447 1090 rapaces,
1485 1038 1532 1078 in
1563 1049 1724 1078 eorum

82 1115 202 1156 filios
229 1119 444 1164 surgunt,
483 1124 539 1152 ac
572 1111 698 1152 omni
728 1117 900 1151 conatu
930 1110 1198 1161 retrahunt;
1236 1110 1361 1161 quod
1394 1110 1433 1150 si
1468 1110 1726 1150 terroribus

82 1194 224 1237 atque
245 1184 484 1225 blanditiis
505 1196 599 1223 non
620 1188 830 1235 possunt,
849 1183 1075 1222 invocant
1092 1181 1340 1222 brachium
1357 1183 1601 1222 saeculare
1618 1187 1668 1221 ut
1682 1182 1729 1222 vi

86 1257 400 1306 retrahantur,
440 1268 495 1296 ac
522 1256 639 1295 bene
673 1255 862 1305 incepta
892 1254 1182 1305 relinquant,
1220 1260 1269 1294 ut
1296 1253 1585 1305 experientia
1616 1253 1730 1293 satis

36 1375 39 1378 ,
85 1329 243 1378 didici,
267 1328 346 1379 qui
367 1327 442 1367 hic
465 1327 585 1367 X.um
606 1326 736 1378 sequi
756 1325 883 1376 velit,
906 1324 996 1365 hoc
1023 1325 1069 1365 in
1092 1325 1276 1365 silentio
1299 1324 1456 1365 facere
1480 1323 1490 1343 ¹
1513 1324 1663 1376 debet,
1686 1331 1731 1365 et

90 1400 277 1441 tandem
298 1399 453 1439 adhuc
475 1400 597 1438 clam
618 1397 781 1449 fugere
804 1397 1002 1449 cogitur,
1027 1396 1136 1449 quia
1156 1396 1382 1437 mundum
1403 1397 1666 1448 relinquere
1687 1403 1732 1437 et

87 1478 281 1512 sanctae
318 1469 610 1510 obedientiae
644 1469 755 1520 iugo
791 1480 840 1509 se
874 1468 1146 1508 submittere
1188 1468 1422 1508 insaniam
1453 1474 1497 1508 et
1530 1468 1732 1508 dedecus

91 1554 312 1594 magnum
343 1547 577 1594 reputant.
614 1540 765 1581 Tanta
792 1547 861 1580 est
888 1540 965 1580 hic
995 1540 1238 1579 hominum
1272 1540 1492 1580 caecitas.
1524 1540 1581 1580 Et
1616 1540 1733 1580 haec

90 1626 181 1655 una
204 1625 346 1654 causa
368 1613 468 1663 fuit,
502 1623 648 1664 quare
671 1611 934 1652 confratres
962 1612 1111 1651 nostri
1140 1611 1370 1663 Magister
1397 1611 1603 1664 Joannes
1627 1623 1734 1652 cum

93 1686 193 1726 aliis
215 1685 355 1726 sociis
376 1684 404 1735 ²,
431 1684 591 1724 insciis
612 1684 899 1735 parentibus,
923 1684 1046 1723 clam
1067 1682 1266 1723 Romam
1288 1683 1488 1735 profecti
1515 1683 1605 1723 sint
1633 1683 1732 1724 ulti-

88 1769 167 1798 ma
182 1756 354 1807 Martii,
379 1756 486 1807 quia
508 1756 680 1795 bonum
704 1766 821 1806 opus
839 1754 1209 1806 impedivissent,
1231 1755 1324 1806 qui,
1344 1762 1449 1806 post
1467 1767 1629 1795 eorum
1646 1755 1733 1795 dis-

95 1840 289 1879 cessum,
321 1827 616 1878 tragoediam
644 1827 854 1866 excitare
883 1826 1041 1867 conati
1063 1832 1186 1876 sunt,
1220 1825 1303 1866 sed
1333 1826 1550 1867 dominus
1579 1827 1736 1867 omnia

93 1899 232 1939 vertit
253 1900 300 1939 in
330 1900 511 1949 melius,
544 1899 608 1939 ita
642 1904 692 1938 ut
726 1897 913 1949 plurimi
943 1908 1105 1937 eorum
1141 1897 1266 1937 bona
1298 1897 1531 1938 desideria
1564 1899 1738 1939 imitari

92 1971 295 2011 maxime
318 1971 598 2011 desiderent.
632 1970 709 2010 Ad
736 1976 952 2010 senatum
981 1975 1183 2009 vocatus
1204 1969 1286 2019 fui,
1317 1970 1400 2010 sed
1427 1970 1490 2010 ita
1522 1970 1738 2011 dominus

92 2042 219 2083 dedit
238 2042 379 2094 loqui,
406 2049 455 2082 ut
477 2043 631 2082 nullus
648 2041 841 2081 haberet
859 2041 1073 2093 amplius,
1094 2040 1217 2092 quod
1234 2041 1425 2082 diceret.
1457 2041 1624 2082 Omnia
1646 2042 1738 2083 iam

95 2121 261 2165 pacata
283 2120 405 2154 sunt.

174 2184 345 2236 Magna
359 2185 495 2225 nobis
513 2196 620 2236 spes
633 2191 704 2224 est
721 2184 796 2224 hic
810 2184 996 2235 collegii
1013 2183 1229 2234 habendi,
1245 2185 1371 2236 quod
1387 2186 1518 2225 multi
1535 2186 1739 2226 maxime

95 2262 333 2307 cuperent,
346 2262 396 2296 ut
409 2256 464 2297 de
477 2256 759 2297 necessariis
775 2256 840 2296 illi
853 2256 1104 2308 providere
1116 2239 1313 2308 p‘ossint.
1325 2256 1447 2297 RdUS
1459 2257 1598 2298 Pater
1612 2258 1739 2309 prior

98 2327 363 2368 carthusiae
393 2327 406 2345 ⁵
430 2340 537 2368 cum
564 2328 1079 2379 primumintellexerit
1108 2339 1416 2379 progressum
1445 2329 1631 2380 collegii
1663 2341 1739 2370 no-

100 2398 183 2438 stri
203 2399 327 2450 apud
347 2399 684 2450 Lovanienses,
709 2398 906 2439 intendit
927 2411 1158 2439 summam
1180 2397 1195 2417 ²²
1216 2400 1442 2452 pecuniae
1465 2400 1524 2440 ad
1545 2412 1624 2440 eos
1641 2401 1740 2441 mit-

101 2474 217 2520 tere;
241 2470 364 2511 idem
394 2471 595 2511 intendit
613 2477 658 2510 et
689 2470 912 2511 Coloniae
935 2470 1108 2522 facere,
1133 2483 1239 2511 cum
1260 2472 1462 2523 primum
1483 2472 1631 2512 nostri
1651 2473 1740 2512 col-

102 2540 208 2592 legii
224 2542 454 2594 principia
470 2542 783 2594 prospexerit,
797 2542 875 2594 qui
891 2542 1143 2594 plurimum
1161 2543 1457 2583 commendat
1471 2555 1521 2583 se
1537 2543 1586 2583 P.
1602 2541 1679 2595 V.,
1698 2549 1743 2584 et

102 2610 221 2652 R.<11¹S
242 2612 473 2654 Dominus
495 2614 674 2655 Doctor
692 2614 982 2666 Grupperus,
1003 2614 1258 2665 singularis
1277 2615 1456 2655 amicus
1473 2621 1633 2655 noster
1650 2613 1679 2667 ⁵,
1698 2622 1743 2655 et

102 2693 188 2722 nos
210 2695 371 2725 omnes
399 2685 783 2725 commendamus
812 2684 859 2725 P.
892 2685 950 2725 V.
982 2697 1181 2737 semper.

160 2819 171 2839 ¹
206 2820 296 2854 fieri.
313 2821 446 2849 Kessel.

160 2865 174 2885 ξ’·
210 2867 326 2897 Verba
348 2870 433 2897 haec
449 2869 625 2904 Alagz'ster
644 2869 805 2904 Joannes
820 2878 899 2898 cum
918 2871 1003 2898 aliis
1018 2872 1125 2898 sociis
1144 2871 1344 2898 interseruit
1360 2872 1615 2907 perspicuitatis
1631 2875 1746 2908 gratia

112 2913 288 2950 Polancus,
304 2917 400 2951 cujus
411 2918 488 2945 vide
507 2917 712 2949 Chronicom
727 2922 750 2945 t.
765 2926 814 2952 111,
831 2926 909 2953 pag.
925 2919 988 2952 266,
1006 2927 1036 2946 n.
1052 2919 1114 2945 595.

160 2962 175 2982 ⁵
214 2963 422 2992 Cartlzusz‘ae
438 2965 592 2992 additum
609 2973 629 2993 a
644 2965 804 2994 Polanco.

163 3011 179 3030 4
215 3011 340 3039 bonam
357 3020 534 3040 summam.
548 3013 729 3040 Polancus.

164 3056 178 3077 5
210 3060 387 3092 patronus
402 3060 587 3094 scripserat
602 3060 722 3087 Kessel
737 3061 792 3088 ubi
808 3061 976 3089 Polancus
993 3063 1132 3090 amicus
1147 3065 1277 3090 noster.

301 3118 350 3153 Τ.
383 3131 424 3153 11.
1471 3123 1511 3157 16
