2080 3392
254 161 324 198 672
758 157 983 193 LiTTERAE
1010 164 1367 198 QUADRIMESTRES

253 256 421 295 renhas
451 253 478 304 ¹,
513 253 590 304 qui
618 263 704 292 nos
735 251 963 301 singulari
997 249 1322 290 benevolentia
1353 249 1678 299 complectitur
1710 260 1765 289 ac
1795 248 1882 288 sra-

252 333 381 366 terne
403 324 567 375 diligit.
591 322 713 363 RQS
733 323 805 363 P.1·
826 322 1000 371 Miron,
1034 321 1171 361 simul
1192 332 1247 360 ac
1268 320 1418 370 venit,
1448 319 1636 370 negotia
1658 319 1884 370 transegit

250 403 297 436 ut
317 396 467 446 potuit
488 393 862 445 diligentissime,
888 393 1053 444 quibus
1070 390 1370 442 expediendis
1388 401 1530 440 supra
1548 389 1736 430 modum
1755 390 1882 429 labo-

251 466 395 506 ravit:
421 477 476 505 ea
496 476 698 516 namque
717 470 862 504 noctu
884 463 1066 514 aliaque
1094 473 1201 501 cum
1221 461 1361 501 certis
1382 461 1704 501 sacerdotibus
1727 459 1741 479 ²
1763 472 1886 500 com-

249 536 538 577 municabat:
562 536 659 576 dies
680 546 794 575 vero
815 540 937 574 totos
965 532 1266 574 consumebat
1292 531 1422 583 Rege
1448 532 1762 583 fratribusque
1782 531 1880 570 eius

251 620 305 647 ac
333 607 567 647 nonnullis
603 606 707 646 aliis
741 604 1090 646 conveniendis.
1128 603 1280 643 Tanta
1314 609 1383 643 est
1418 603 1587 642 horum
1619 602 1883 654 principum

249 690 363 730 erga
384 678 668 718 Societatem
688 676 1014 717 benevolentia
1035 686 1091 715 ac
1113 674 1317 715 studium
1337 680 1386 714 ut
1407 673 1570 713 merito
1592 679 1636 713 et
1657 673 1758 713 Deo
1779 684 1883 724 gra-

248 750 337 789 tias
357 749 586 788 maximas
608 758 751 798 agere
773 753 817 787 et
838 747 927 786 illis
951 757 1134 797 semper
1155 745 1329 785 habere
1346 745 1613 784 debeamus.
1637 743 1758 784 Nam
1782 756 1887 784 cum

249 819 399 871 regia,
431 825 612 859 mortuo
642 818 857 869 Principe
879 817 906 869 ⁵,
932 818 979 858 in
1008 818 1135 856 luctu
1156 822 1201 856 et
1231 817 1447 867 squalore
1468 816 1664 866 iaceret,
1696 821 1885 867 totaque

250 891 362 930 urbe
403 889 733 930 acerbissimus
771 889 924 929 luctus
957 894 1251 937 versaretur,
1297 898 1352 926 ac
1392 893 1639 938 propterea
1682 886 1884 937 optimus

249 961 368 1012 Rex,
394 968 441 1001 ut
469 973 553 1013 par
575 966 695 1011 erat,
728 959 1120 1012 postulationibus
1147 958 1337 998 minime
1358 963 1575 1007 vacaret,
1599 968 1693 997 non
1713 957 1884 997 oblitus

250 1039 405 1072 tamen
426 1032 615 1083 pietatis
639 1031 906 1083 amorisque
928 1030 1183 1081 singularis
1204 1040 1318 1080 erga
1335 1029 1516 1079 divina,
1540 1028 1783 1078 fratribus,
1808 1028 1889 1079 qui

250 1103 373 1155 apud
395 1103 528 1143 indos
557 1103 850 1154 brasilosque
885 1102 1072 1142 Christo
1103 1100 1307 1141 Domino
1339 1100 1558 1150 militant,
1582 1100 1727 1139 multa
1747 1099 1886 1149 largi-

250 1182 322 1215 tus
361 1183 446 1214 est.
471 1174 540 1223 ld,
585 1173 707 1226 quod
755 1174 980 1224 intelliget
1026 1180 1106 1212 tua
1151 1171 1409 1222 paternitas
1448 1171 1597 1211 fusius
1638 1182 1697 1211 ex
1741 1171 1887 1210 literis

260 1246 346 1286 Rdi
369 1246 521 1286 Patris
542 1245 755 1286 Mironis.

332 1317 420 1367 Qui
441 1317 530 1356 hoc
552 1317 692 1356 etiam
714 1323 925 1367 tempore
952 1327 1044 1355 non
1072 1316 1251 1355 minore
1278 1315 1431 1355 studio
1453 1315 1709 1365 evigilabat
1730 1320 1778 1353 ut
1800 1314 1888 1353 col-

252 1388 425 1438 legium
465 1387 667 1427 inductis
708 1387 885 1438 regulis
926 1393 1052 1426 recte
1091 1394 1229 1438 atque
1266 1386 1426 1426 ordine
1463 1385 1884 1425 administraretur.

250 1459 585 1509 Congregabat
606 1470 746 1509 saepe
768 1464 911 1498 noctu
931 1458 1208 1508 magistros,
1234 1457 1535 1508 recitatisque
1556 1456 1736 1507 legibus
1754 1455 1884 1495 scho-

250 1530 445 1579 lasticis,
483 1530 694 1580 singulas
731 1529 1119 1580 persequebatur,
1164 1539 1256 1579 qua
1294 1528 1539 1579 vigilantia
1582 1533 1884 1567 servarentur

250 1601 543 1652 exquirebat,
568 1607 617 1640 ut
638 1611 713 1640 res
736 1600 782 1640 in
811 1600 909 1640 dies
938 1600 1089 1650 magis
1118 1600 1163 1639 in
1194 1599 1281 1639 Dei
1309 1598 1415 1649 Opt.
1439 1598 1562 1638 Max.
1588 1598 1789 1648 gloriam
1809 1597 1885 1637 fio-

254 1678 391 1711 reret.

329 1743 413 1782 His
435 1743 658 1794 peractis,
684 1749 850 1782 nactus
872 1743 1043 1792 locum,
1068 1742 1115 1781 in
1136 1741 1247 1781 Divi
1268 1741 1447 1782 Rocchi
1468 1753 1517 1781 se
1539 1740 1753 1790 contulit,
1778 1751 1887 1779 nam

252 1813 370 1853 ΒΑΜ
399 1813 469 1853 pp
496 1813 667 1853 Torres
700 1811 729 1863 ⁴,
767 1813 845 1864 qui
872 1813 934 1852 ibi
963 1819 1084 1863 erat,
1123 1811 1390 1853 Cordubam
1427 1818 1495 1852 est
1529 1811 1790 1863 profectus:
1828 1810 1887 1850 ad

250 1885 366 1924 haec
389 1890 436 1924 ut
467 1884 746 1935 Collegium,
772 1883 1070 1935 gravioribus
1091 1883 1291 1934 negotiis
1316 1894 1537 1932 vacuum,
1573 1894 1656 1922 sua
1687 1892 1886 1921 commo-

253 1956 355 1995 dius
377 1961 579 1995 curaret.
1811 1991 1814 1996 ,

331 2026 416 2066 Per
438 2027 523 2065 hos
545 2026 643 2065 dies
664 2025 851 2065 fuerunt
873 2025 1023 2065 nostri
1050 2025 1321 2064 sacerdotes
1348 2024 1648 2083 vehementer
1671 2023 1887 2074 occupati

252 2097 622 2138 confessionibus
664 2096 894 2136 externis:
938 2108 1046 2135 nam
1080 2102 1266 2147 praeter
1304 2095 1528 2146 plurimas
1570 2094 1882 2146 quotidianaS,

253 2170 430 2209 duobus
460 2168 622 2208 diebus
659 2168 926 2218 dominicis,
965 2178 1191 2207 concesso
1218 2166 1420 2217 jubilaeo
1451 2178 1477 2206 a
1509 2165 1699 2206 Summo
1734 2165 1884 2205 Ponti-

253 2241 336 2280 fice
357 2239 384 2288 ⁵,
409 2246 693 2290 exceperunt
715 2239 761 2278 in
782 2244 941 2278 nostro
969 2239 1140 2289 templo
1174 2244 1529 2278 sacrosanctum
1559 2237 1883 2277 Eucharistiae

254 2317 598 2350 sacramentum
622 2310 879 2360 octingenti
899 2310 1001 2361 plus
1023 2309 1199 2359 minus,
1234 2320 1341 2348 cum
1371 2315 1527 2348 tamen
1554 2308 1671 2348 alias
1693 2319 1787 2347 non
1808 2308 1886 2347 mi-

253 2381 405 2421 nimus
444 2392 703 2420 concursus
739 2380 833 2420 fiat.
873 2378 1151 2419 Benedictus
1190 2379 1338 2430 Deus,
1377 2380 1456 2430 qui
1493 2380 1633 2418 talem
1667 2379 1887 2429 pietatem

254 2452 365 2502 ipsis
385 2452 606 2502 largitur,
630 2451 764 2491 nobis
787 2462 901 2490 vero
923 2450 1167 2490 laborandi
1188 2451 1503 2490 occasionem.
1527 2449 1643 2490 Sunt
1664 2449 1760 2489 fere
1783 2448 1884 2489 olis-

256 2523 526 2574 siponenses
548 2522 610 2573 pii
634 2522 917 2573 virtutisque
936 2527 1186 2561 amatores.

333 2593 571 2644 Princeps,
597 2604 704 2632 cum
724 2604 747 2632 e
769 2593 866 2632 vita
889 2592 1125 2642 discessit,
1148 2592 1332 2643 reliquit
1355 2603 1549 2632 uxorem
1570 2591 1820 2642 gravidam
1843 2596 1886 2630 et

313 2729 323 2749 ¹
363 2729 450 2756 Vide
466 2736 580 2763 supra,
596 2736 673 2762 pag.
689 2728 752 2755 444.

307 2778 320 2797 2
358 2776 515 2810 Intellige
530 2776 692 2810 quosdam
709 2775 890 2803 Societatis
907 2775 1027 2803 Patres
1043 2775 1074 2802 in
1091 2774 1349 2810 Ulyssiponensi
1366 2774 1516 2809 Collegio
1533 2775 1705 2808 degentes.

309 2824 322 2843 ⁵
360 2823 447 2851 Vide
463 2830 577 2858 supra,
595 2830 673 2857 pag.
689 2823 751 2850 538.

309 2872 324 2892 4
360 2871 396 2897 Ρ.
412 2870 556 2897 Michael
571 2870 610 2897 de
629 2870 762 2897 Torres.

309 2918 322 2938 5
358 2918 502 2951 Jubilaei
516 2918 744 2951 indulgentia,
760 2918 854 2952 cujus
867 2918 938 2952 Jam
953 2917 1087 2951 saepius
1103 2918 1226 2944 mentio
1242 2918 1335 2945 facta
1351 2923 1419 2949 est,
1438 2925 1456 2944 a
1473 2918 1560 2950 Julio
1577 2916 1623 2943 111
1644 2922 1805 2943 concessa
1825 2922 1887 2949 pro

257 2966 433 2998 anglorum
449 2969 481 2991 et
496 2971 734 2998 germanorum
750 2965 792 2991 ad
809 2964 905 2991 fidem
922 2964 1127 2991 catholicam
1144 2965 1349 2992 reductione.
