2080 3392
288 184 335 221 88
796 183 1023 220 LITTERAE
1051 191 1408 225 QUADRIMESTRES

1029 631 1172 685 CXC

358 860 404 897 Ρ.
426 860 619 907 Joannes
638 859 691 896 de
713 858 1049 896 Valderrabano

405 925 527 962 Patri
545 924 716 972 Ignatio
738 924 791 961 de
811 923 997 971 Loyola.

454 990 728 1035 Vallisoleto,
752 989 768 1025 1
790 988 990 1035 Januarii
1013 989 1104 1025 1553
1122 989 1148 1026 ¹.

1030 1248 1184 1289 Iesus

365 1492 637 1533 Reverende
660 1492 707 1532 P.
732 1493 779 1532 in
799 1492 901 1532 Iesu
922 1491 1109 1532 Christo
1131 1490 1332 1530 Domino
1354 1497 1530 1530 nostro.

371 1564 537 1604 Gratia
559 1570 602 1603 et
624 1576 718 1615 pax
739 1563 928 1604 Christi.

365 1636 467 1675 Non
489 1647 639 1686 pauca
661 1636 880 1685 dignatus
910 1640 980 1674 est
1003 1634 1233 1674 Dominus
1261 1634 1334 1673 his
1362 1638 1561 1684 quatuor
1592 1632 1828 1672 mensibus
1849 1631 1929 1671 hic

285 1718 367 1757 per
384 1706 623 1746 ministros
640 1705 890 1745 Societatis
907 1705 1105 1756 operari,
1121 1717 1179 1744 ex
1197 1705 1363 1755 quibus
1379 1703 1602 1743 nonnulla
1620 1714 1738 1753 quae
1766 1713 1923 1742 occur-

286 1777 430 1816 rerint
453 1777 657 1816 breviter
689 1776 936 1827 attingam.
966 1775 1257 1815 Adolescens
1287 1774 1496 1826 quidam,
1521 1774 1598 1825 qui
1628 1779 1766 1813 antea
1788 1772 1927 1813 valde
1977 1799 1993 1809 ..

285 1848 502 1899 profusus
524 1853 624 1887 erat
653 1859 707 1887 ac
736 1847 1024 1886 vanitatibus
1055 1847 1281 1897 irretitus,
1306 1851 1558 1897 postquam
1574 1844 1778 1895 incoepit
1797 1843 1922 1883 domi

288 1924 480 1958 nostrae
503 1917 713 1957 confiteri
735 1918 873 1969 (quod
899 1918 1029 1968 prius
1051 1928 1192 1968 aegre
1215 1917 1359 1956 semel
1378 1917 1425 1956 in
1453 1927 1575 1955 anno
1604 1914 1788 1966 tepidus
1821 1926 1923 1954 exe-

287 1988 536 2039 quebatur)
567 1988 723 2039 gratia
745 1987 935 2027 Domini
962 1988 1178 2037 refectus,
1204 1988 1250 2026 in
1271 1987 1484 2026 omnibus
1504 1986 1634 2025 festis
1655 1984 1924 2036 praecipuis

286 2059 649 2110 uniuscuiusque
667 2059 854 2109 mensis,
869 2058 1176 2098 confessionis
1190 2057 1545 2097 Sacramentum
1557 2056 1766 2107 suscipit.
1791 2055 1925 2106 Quod

287 2130 325 2170 si
342 2130 389 2170 in
406 2130 560 2181 aliquo
582 2130 766 2169 illorum
782 2141 863 2180 per
882 2129 1213 2180 occupationes
1230 2128 1542 2179 praepeditur,
1564 2127 1722 2166 statim
1739 2126 1921 2166 accedit

285 2201 558 2250 lacrimans,
582 2206 627 2239 et
654 2200 968 2251 negligentiae
998 2199 1280 2250 praeteritae
1314 2198 1501 2238 veniam
1528 2205 1715 2249 petens:
1741 2197 1926 2236 interim

288 2273 334 2311 in
358 2271 568 2311 moribus
588 2276 632 2310 et
656 2271 754 2310 vita
772 2270 1158 2321 circumspectior
1181 2275 1224 2309 et
1246 2269 1409 2308 melior
1430 2268 1636 2308 effectus.

368 2342 501 2382 Multi
521 2341 668 2381 vitam
691 2352 824 2380 suam
852 2340 898 2379 in
916 2341 1080 2380 melius
1109 2346 1397 2379 commutare
1419 2338 1741 2379 desiderantes
1768 2338 1924 2378 instin-

288 2419 363 2452 ctu
385 2412 573 2452 Domini
600 2411 659 2451 ad
685 2423 770 2451 nos
801 2410 1049 2459 accedunt,
1083 2410 1141 2450 ad
1169 2409 1466 2461 suscipienda
1495 2409 1766 2460 praeparati
1787 2421 1923 2459 quae-

289 2495 486 2534 cumque
514 2482 823 2522 censebuntur
846 2481 1151 2531 iniungenda3
1183 2481 1260 2531 qui
1288 2480 1472 2531 quidem
1506 2481 1552 2520 in
1579 2480 1785 2520 moribus
1821 2485 1928 2519 sunt

289 2554 550 2604 reformati,
580 2565 695 2605 quos
721 2553 851 2604 prius
879 2564 906 2592 a
932 2563 982 2592 se
1011 2553 1237 2603 repellere
1270 2563 1362 2591 non
1399 2557 1728 2602 speraverant,
1763 2556 1806 2590 et
1835 2550 1927 2590 iam

290 2625 564 2664 caecitatem
586 2635 732 2673 suam,
758 2635 849 2675 qua
870 2622 1138 2662 ferebantur
1154 2622 1201 2661 in
1221 2633 1463 2674 praeceps,
1486 2627 1734 2673 perspecta
1757 2621 1926 2660 verita-

290 2702 348 2745 te,
368 2695 671 2735 demirantur.
690 2695 740 2734 In
758 2693 912 2734 Natali
928 2693 1117 2733 Domini
1134 2693 1281 2732 nostri
1297 2692 1376 2732 300
1392 2693 1602 2732 homines
1621 2692 1806 2732 circiter
1823 2703 1926 2731 con-

290 2766 403 2805 fessi
425 2772 546 2815 sunt,
574 2765 985 2816 deprehensusque
1006 2769 1074 2802 est
1096 2764 1142 2802 in
1165 2763 1254 2803 illis
1281 2775 1361 2815 per
1383 2763 1586 2814 gratiam
1607 2763 1815 2803 divinam
1835 2774 1929 2801 non

350 2948 359 2967 ¹
402 2947 517 2981 Epist.
534 2946 732 2980 Quadm'm„
748 2947 908 2979 1553-54,
923 2947 1158 2981 apographum
1174 2948 1270 2973 unico
1286 2947 1365 2974 folio
1380 2948 1439 2974 sub
1454 2954 1485 2973 n.
1497 2947 1558 2974 381.
1572 2947 1635 2974 Est
1651 2947 1754 2974 etiam
1765 2946 1797 2973 in
1811 2946 1928 2973 eodem

291 2996 360 3022 vol.
378 2995 495 3022 italica
511 2995 634 3027 versio,
655 3001 754 3028 quam
771 3002 862 3021 more
880 2999 995 3022 nostro
1008 2994 1062 3021 hic
1078 3001 1314 3028 supponemus.
