2080 3392
805 237 889 275 AN.
920 238 1011 275 1553
1677 238 1724 275 99

79 338 165 378 bus
186 343 426 388 spectatae
447 336 695 387 probitatis
718 341 857 387 atque
885 335 1082 386 insignis
1110 335 1237 375 vitae
1268 335 1383 375 viris
1411 347 1459 374 se
1491 341 1613 375 totos
1644 335 1722 375 So—

80 408 263 450 cietatis
296 407 507 448 instituto
539 407 776 459 sequendo
814 418 1095 446 consecrare
1130 406 1501 458 proponentibus
1538 418 1594 446 ac
1630 407 1724 446 iam

80 479 342 531 persuasiS,
375 490 575 530 quorum
596 478 837 529 utriusque
858 478 1020 517 vivam
1041 477 1377 529 hypotyposim
1399 484 1537 528 atque
1566 489 1722 529 proso-

77 550 390 602 pographiam
410 549 616 589 numeris
638 549 852 589 omnibus
874 548 1136 606 absolutam
1159 549 1218 588 ob
1247 548 1407 589 oculos
1441 560 1552 589 mox
1580 549 1721 589 subii-

82 621 271 661 ciemus.
310 620 507 660 Accedit
534 620 688 660 Patris
717 619 865 660 nostri
895 619 1154 659 industriae
1184 631 1238 659 ac
1269 620 1419 660 labori
1446 620 1724 672 indefatiga-

81 692 182 742 bili,
227 692 306 743 qui
344 703 544 731 messem
585 704 645 731 ex
684 690 878 730 Domini
918 690 1212 741 agricultura
1246 691 1530 731 uberrimam
1564 693 1634 741 (ut
1668 704 1726 731 ex

81 763 304 803 subiectis
341 762 566 814 exemplis
602 774 712 802 mox
742 767 901 813 aperte
929 761 1191 809 illucescet)
1228 762 1273 801 in
1306 762 1526 802 horreum
1555 762 1727 803 Christi

82 834 295 885 collegit,
320 834 465 885 ipsius
486 833 649 873 famuli
678 833 830 872 nostri
861 831 984 884 apud
1012 832 1339 872 benefactores
1366 840 1410 873 et
1438 834 1615 874 amicos
1644 833 1722 874 so—

83 905 267 945 cietatis
290 905 617 945 commendata
639 904 851 956 probitas
873 909 1012 955 atque
1033 903 1298 954 prudentia,
1330 905 1429 955 qui,
1464 917 1553 956 quo
1586 906 1727 956 pollet

85 977 273 1027 linguae
294 975 518 1016 beneficio
541 987 596 1015 ac
617 974 842 1026 spiritalis
864 975 1177 1026 correptionis
1206 980 1345 1026 atque
1368 975 1723 1025 exhortationis,

83 1059 176 1099 qua
212 1048 413 1087 donatus
448 1053 540 1096 est,
577 1046 748 1098 gratia,
785 1057 1047 1098 propensos
1081 1047 1288 1086 omnium
1327 1047 1375 1087 in
1409 1059 1495 1087 nos
1530 1048 1726 1088 affectus

85 1119 244 1159 acrius
264 1118 442 1158 incitat.

168 1189 440 1240 Caeterum,
478 1196 704 1241 quantum
741 1189 801 1229 ad
836 1187 977 1229 studii
1017 1188 1214 1229 literarii
1247 1189 1477 1229 rationem
1513 1190 1728 1241 pertinet,

88 1261 221 1301 brevi
250 1262 462 1301 oratione
490 1261 535 1301 id
565 1261 867 1312 complectar.
900 1260 1217 1300 Charissimus
1247 1260 1394 1300 frater
1421 1268 1580 1301 noster
1604 1261 1729 1302 Iaco-

87 1333 175 1372 bus
208 1332 428 1372 Morellus
464 1333 729 1384 palaestrae
764 1332 1117 1383 philosophicae
1149 1332 1355 1372 studium
1393 1333 1541 1372 alacri
1576 1333 1731 1373 animo

88 1403 347 1455 faustisque
388 1404 611 1455 auspiciis
657 1404 899 1454 ingressus
939 1410 1039 1454 est,
1088 1403 1194 1455 qui,
1236 1404 1396 1444 labore
1437 1405 1729 1454 adversariO,

89 1474 264 1516 Christi
293 1475 542 1526 praesidio,
581 1476 896 1527 supplantato,
933 1475 1186 1515 victoriam
1216 1480 1426 1527 optatam
1462 1476 1733 1527 triumphali

89 1558 266 1587 corona
287 1547 538 1598 insignitus
568 1547 721 1597 nobis,
752 1552 945 1605 peracta
975 1547 1196 1587 curriculi
1217 1546 1424 1599 periodo,
1458 1549 1730 1599 reportavit.

90 1618 191 1669 Ego
224 1629 339 1658 vero
374 1630 538 1658 sacrae
571 1618 837 1669 theologiae
868 1630 1062 1670 operam
1096 1618 1334 1670 impendo,
1373 1620 1544 1671 partito
1579 1620 1732 1660 studio

89 1695 190 1729 tum
210 1689 257 1729 in
278 1689 585 1730 scholasticas
602 1690 952 1730 controversias
969 1695 1065 1730 tum
1081 1690 1127 1729 in
1144 1702 1307 1730 sacras
1324 1691 1604 1742 scripturas,
1629 1703 1732 1731 con-

88 1761 248 1801 iuncta
285 1761 503 1800 nimirum
538 1752 780 1812 utriusque
810 1761 1079 1813 theologica
1108 1761 1336 1801 lectione:
1373 1762 1563 1812 linguae
1594 1763 1734 1802 etiam

91 1832 348 1884 utriusque,
374 1839 417 1872 et
438 1843 640 1883 graecae
663 1839 706 1872 et
727 1832 993 1883 hebraicae,
1017 1833 1222 1873 studium
1245 1833 1460 1874 observo.
1485 1834 1622 1874 Faxit
1644 1834 1734 1874 Do-

92 1904 246 1944 minus
267 1904 396 1944 Iesus
418 1911 466 1944 ut
489 1904 744 1945 alacriores
765 1916 949 1956 semper
970 1905 1018 1944 in
1038 1911 1201 1945 nostro
1222 1916 1476 1956 pergamus
1499 1905 1652 1946 officio
1677 1906 1736 1946 ad

93 1975 268 2015 cultum
291 1976 654 2027 augustissimae
676 1976 937 2016 maiestatis
960 1976 1128 2028 ipsius,
1153 1976 1232 2027 qui
1257 1988 1343 2016 nos
1374 1989 1397 2016 e
1427 1977 1600 2017 mundo
1625 1978 1735 2017 sele-

93 2046 162 2098 git
185 2054 233 2087 ut
256 2047 342 2087 sibi
365 2048 449 2087 toti
474 2048 707 2088 vivamus.

174 2118 280 2169 His,
305 2130 424 2170 quae
447 2119 749 2159 oeconomiae
771 2125 962 2159 nostrae
985 2131 1041 2159 ac
1070 2119 1285 2171 privatae
1312 2127 1356 2160 et
1386 2120 1601 2171 publicae
1631 2132 1735 2160 con-

96 2190 378 2229 versationis
399 2189 621 2240 formam,
647 2202 731 2230 ceu
752 2190 905 2230 ideam
927 2191 1180 2242 quamdam
1201 2198 1339 2243 atque
1365 2193 1606 2242 exemplar
1635 2203 1737 2243 pro-

97 2266 307 2312 totypon,
333 2268 686 2313 expresserunt,
711 2262 983 2313 propositis,
1014 2263 1228 2314 proximo
1259 2263 1420 2303 ordine
1451 2263 1629 2303 formae
1660 2276 1735 2303 no-

99 2338 226 2372 strae
270 2333 404 2383 quasi
449 2333 705 2384 imaginem
750 2340 888 2385 atque
934 2333 1137 2385 effigiem
1182 2335 1448 2386 quamdam,
1495 2336 1737 2386 originalis

100 2404 382 2454 exemplaris
410 2404 730 2454 imitatricem,
764 2412 951 2456 partum
986 2406 1196 2457 inquam,
1228 2407 1306 2457 qui
1336 2419 1359 2446 e
1393 2415 1582 2446 nostrae
1609 2406 1736 2446 fami-

99 2475 188 2514 liae
210 2481 343 2515 utero
374 2475 635 2526 prosiliens,
667 2476 813 2516 solido
845 2476 963 2526 cibo,
993 2489 1086 2517 non
1112 2478 1233 2518 lacte
1264 2478 1481 2529 nutritur,
1511 2484 1555 2517 et
1585 2477 1739 2518 Patris

101 2546 249 2586 nostri
270 2546 564 2597 negotiosam
584 2546 948 2588 foecunditatem
972 2560 1055 2588 sua
1077 2549 1420 2600 pulchritudine
1443 2556 1580 2601 atque
1602 2550 1739 2601 copia

97 2623 264 2668 ,aperte
285 2617 503 2668 loquitur,
529 2618 586 2657 ob
609 2620 769 2658 oculos
785 2619 1098 2660 subiiciemus.

183 2687 504 2739 Principatum
544 2689 685 2740 igitur
725 2690 824 2729 iure
863 2691 1162 2731 meritissimo
1199 2692 1450 2742 assignabo
1489 2693 1738 2742 sacerdoti,

106 2758 403 2799 Christianae
425 2760 612 2811 pietatis
641 2761 894 2811 praeconio
922 2762 1078 2801 multis
1104 2762 1351 2812 honoram,
1384 2763 1565 2803 flandro
1594 2764 1740 2804 natio-

105 2842 183 2880 ne,
208 2831 437 2882 singulari
458 2831 685 2871 modestia
708 2843 763 2871 ac
791 2844 975 2872 morum
1004 2834 1274 2873 maturitate
1296 2835 1522 2885 praedito,
1547 2835 1742 2887 Collegii

108 2901 351 2941 cuiusdam
374 2902 753 2953 procuratorium
774 2915 942 2943 munus
963 2904 1330 2954 administranti,
1356 2906 1433 2957 qui
1454 2906 1591 2946 Patre
1613 2918 1741 2958 prae-

109 2971 229 3023 side,
265 2984 509 3013 sacrorum
539 2974 872 3014 exercitiorum
901 2975 1185 3015 catechismo
1217 2976 1446 3028 eruditus,
1483 2978 1530 3017 in
1563 2985 1743 3018 tantam

108 3043 335 3084 Virtutum
357 3045 562 3084 omnium
582 3045 915 3096 perfectionem
936 3046 1108 3097 exiguo
1139 3048 1363 3099 temporis
1393 3049 1640 3089 intervallo
1668 3062 1742 3090 ex-
