2080 3392
271 195 341 233 294
778 193 1006 230 LITTERAE
1032 201 1390 235 QUADRIMESTRES

272 291 656 340 controversiam,
678 290 809 329 venis
825 289 1160 340 palpitantibus
1177 287 1328 328 adhuc
1347 287 1602 339 spirantem
1617 298 1710 326 non
1728 286 1904 337 absque

272 362 433 403 salutis
454 361 644 411 fiducia,
669 366 969 400 maturemus.
1002 360 1053 400 In
1082 360 1213 399 cuius
1241 359 1417 409 negotii
1446 357 1739 409 frontispicio
1768 357 1903 397 varia

272 445 326 473 ac
348 433 647 472 dissentanea
666 431 1014 481 Theologorum
1040 430 1194 470 studia
1216 436 1354 481 atque
1384 429 1555 469 iudicia
1587 429 1643 468 de
1670 427 1905 468 Societate

270 504 382 556 Jesu
418 502 673 554 spectanda
714 508 836 542 sunt.
878 501 1098 541 Nonnulli
1135 500 1431 551 Religionum
1467 499 1809 539 multitudinem
1848 509 1905 538 ac

271 574 520 616 Societatis
552 578 789 613 recentem
821 578 975 613 ortum
1006 578 1276 623 causantes,
1312 583 1369 611 ne
1405 571 1464 611 ad
1494 570 1689 621 Collegii
1719 569 1904 621 quidem

271 645 554 686 erectionem
575 656 659 685 nos
679 645 945 684 iudicarunt
967 643 1299 693 admittendos,
1319 654 1486 694 parum
1502 642 1576 693 pie
1593 641 1649 681 de
1666 640 1903 681 Societate

271 716 545 765 sentientes,
580 726 758 766 nosque
795 720 1074 755 accusantes
1109 713 1433 764 arrogantiae,
1473 712 1639 764 quibus
1674 711 1907 751 Dominus

272 799 456 827 omnem
476 797 651 827 noxam
676 798 759 826 sua
786 786 941 837 gratia
969 784 1236 825 condonare
1268 784 1501 835 dignetur.
1532 783 1651 833 Alii,
1681 794 1766 822 nos
1795 781 1907 821 infe-

272 859 355 899 stis
389 858 535 909 signis
569 869 663 897 non
698 862 1052 909 persequentes,
1087 856 1311 906 exiguum
1345 860 1502 894 tamen
1537 853 1740 894 fructum
1772 864 1906 904 expe-

273 935 453 970 ctantes
475 941 499 969 e
519 929 672 979 nobis,
707 928 902 978 Collegii
929 926 1174 977 erectioni,
1206 926 1254 966 in
1283 937 1374 977 quo
1396 925 1535 965 studii
1561 924 1716 976 gratia
1736 923 1907 964 fratres

273 1000 520 1041 Societatis
536 1000 818 1040 commorari
835 1004 1136 1050 queant,non
1153 1003 1437 1049 repugnant;
1458 995 1539 1036 sed
1561 1007 1729 1036 munus
1756 995 1909 1035 Evan-

272 1072 401 1123 gelii,
426 1076 829 1111 sacramentorum
858 1069 1093 1121 publicam
1121 1068 1593 1117 administrationem,
1627 1078 1683 1106 ac
1710 1066 1908 1116 denique

273 1143 484 1195 publicas
505 1141 857 1192 disciplinarum
879 1140 1197 1191 professiones
1226 1139 1360 1179 nobis
1381 1150 1476 1178 non
1506 1137 1700 1178 concedi
1728 1137 1908 1177 consul-

274 1220 371 1254 tum
391 1213 489 1253 fore
511 1218 716 1252 censent.
742 1211 857 1262 Alii,
881 1217 1098 1251 neutrum
1121 1210 1244 1262 apud
1272 1221 1321 1250 se
1349 1215 1630 1259 statuentes,
1661 1219 1799 1259 super
1821 1208 1910 1247 hoc

274 1285 462 1335 negotio
483 1284 740 1324 deliberant
761 1289 917 1322 utrum
938 1281 1126 1321 tandem
1150 1280 1486 1321 consulendum
1503 1281 1610 1329 erit,
1636 1279 1713 1331 qui
1734 1289 1911 1329 aequos
1954 1279 1956 1281 ’

275 1367 330 1396 ac
360 1355 610 1407 prudentes
637 1354 814 1394 iudices
845 1365 893 1393 se
920 1353 1055 1393 nobis
1083 1352 1311 1392 hactenus
1341 1352 1672 1403 praebuerunt.
1711 1348 1907 1400 Reliqui,

275 1427 351 1478 qui
371 1426 506 1466 facile
528 1426 764 1465 numerari
786 1430 1002 1476 possunt,
1027 1429 1243 1464 strenuos
1264 1423 1462 1463 instituti
1479 1422 1626 1462 nostri
1643 1431 1910 1472 propugna-

275 1503 400 1537 tores
421 1509 470 1537 se
491 1502 679 1547 gerunt,
704 1508 759 1535 ac
780 1495 1063 1536 Societatem
1088 1500 1298 1534 nostram
1329 1493 1541 1533 omnibus
1572 1492 1738 1532 merito
1766 1491 1910 1531 susci-

275 1568 493 1620 piendam
532 1567 826 1619 praedicant,
876 1578 992 1617 quos
1030 1565 1221 1605 honoris
1265 1565 1420 1615 gratia
1466 1570 1603 1615 atque
1649 1563 1911 1614 gratiarum

276 1639 474 1679 actionis
497 1638 647 1678 officio
669 1637 745 1677 hic
767 1636 1128 1677 nominabimus.

356 1709 512 1750 Primo
541 1710 646 1749 loco
681 1709 814 1748 nobis
849 1706 1202 1747 constituendus
1222 1706 1504 1745 venerabilis
1528 1705 1706 1744 Doctor
1735 1703 1916 1744 Govea-

275 1793 382 1832 nus,
416 1780 786 1831 Portugallensis
818 1779 1029 1828 natione,
1052 1784 1255 1817 aetatem
1284 1776 1637 1827 octogenariam
1668 1787 1751 1815 sex
1773 1786 1915 1814 anno-

276 1864 380 1892 rum
399 1863 594 1891 numero
617 1862 868 1902 superans,
893 1848 1107 1900 primarii
1129 1848 1305 1888 ordinis
1327 1848 1587 1898 theologus.

357 1923 629 1963 Proximum
660 1922 747 1961 sibi
780 1921 991 1961 vindicat
1028 1919 1225 1959 celebris
1255 1919 1329 1958 ille
1364 1919 1693 1967 Ecclesiastes,
1733 1917 1911 1957 Doctor

278 1994 561 2034 Franciscus
590 1992 839 2041 Picardus,
869 1991 1021 2043 patria
1051 1989 1351 2039 Parisiensis,
1384 1989 1637 2040 primariae
1669 1988 1809 2027 etiam
1839 1998 1915 2026 au-

280 2065 511 2105 ctoritatis
532 2064 797 2113 theologus.

361 2135 571 2175 Tertium
592 2134 757 2174 merito
775 2133 1031 2173 tribuemus
1048 2132 1243 2173 Doctori
1259 2130 1515 2170 Francisco
1531 2129 1736 2181 Joverio,
1760 2127 1912 2179 patria

281 2206 554 2255 Valentino,
580 2217 717 2245 rarae
739 2203 1015 2244 eruditionis
1036 2203 1160 2243 viro:
1184 2202 1281 2253 qui,
1316 2212 1457 2252 quum
1488 2200 1544 2239 ob
1574 2198 1820 2239 Societatis
1843 2197 1918 2237 de-

281 2277 539 2318 fensionem
568 2281 758 2316 nostrae
788 2274 1096 2325 professionis
1127 2272 1438 2324 suspicionem
1473 2270 1766 2318 incurrisset,
1800 2268 1917 2308 adeo

282 2356 331 2389 ut
352 2349 547 2388 iesuitae
568 2359 738 2387 nomen
759 2346 846 2397 ipsi
869 2346 972 2385 ioco
998 2345 1354 2396 impingeretur,
1379 2342 1540 2382 humili
1559 2341 1713 2381 animo
1730 2350 1918 2391 respon-

283 2420 369 2460 dit:
392 2420 509 2459 “non
525 2430 627 2459 sum
645 2430 704 2457 ex
723 2429 883 2457 eorum
900 2427 1110 2466 numero,
1131 2427 1216 2455 nec
1238 2414 1408 2465 dignus
1430 2413 1507 2465 qui
1528 2423 1688 2452 eorum
1710 2410 1919 2460 Collegio

285 2491 558 2541 adiungas,

364 2561 541 2611 Quarto
564 2559 864 2600 collocandus
884 2559 987 2597 loco
1009 2557 1187 2597 Doctor
1214 2555 1517 2596 Sebastianus
1545 2552 1781 2602 Roderici,
1806 2551 1918 2591 Por-

285 2632 581 2684 tugallensis,
605 2631 678 2670 vir
700 2630 872 2680 insigni
898 2629 1070 2680 pietate
1101 2627 1307 2666 illustris.
1342 2626 1401 2665 Hi
1432 2632 1632 2677 quatuor
1658 2629 1815 2675 partes
1842 2633 1918 2661 no-

287 2710 408 2743 stras
430 2702 577 2754 probe
600 2707 805 2741 tuentur.
1381 2749 1387 2755 ι

367 2773 561 2824 Aliquot
584 2772 661 2812 alii
683 2778 814 2821 sunt,
841 2770 917 2822 qui
939 2770 1122 2810 sincero
1145 2768 1313 2808 affectu
1335 2766 1617 2807 Societatem
1640 2765 1920 2815 amplectun-

289 2850 382 2894 tur,
410 2843 491 2883 sed
513 2854 705 2883 causam
723 2841 893 2882 Christi
912 2873 919 2891 ,
940 2839 1226 2880 adversariis
1245 2838 1393 2890 copiis
1410 2836 1639 2885 deterriti,
1660 2835 1922 2875 detrectare

289 2914 523 2954 videntur.

371 2984 486 3025 Sunt
517 2995 698 3035 quoque
728 2981 939 3034 primarii
969 2980 1145 3020 ordinis
1180 2978 1406 3029 theologi,
1440 2977 1516 3028 qui
1552 2976 1810 3015 institutum
1841 2986 1922 3013 no—
