2080 3392
315 199 384 234 456
821 196 1047 233 LITTERAE
1073 205 1429 238 QUADRIMESTRES

315 294 445 333 festis
467 293 627 332 diebus
649 291 893 332 confitetur
915 291 1039 331 domi
1058 296 1268 340 nostrae,
1293 296 1337 330 et
1357 290 1455 341 ipse
1477 296 1521 329 et
1547 302 1667 329 uxor
1688 291 1945 331 communi-

317 368 439 411 cant,
453 374 570 413 quae
583 362 768 413 quidem
781 361 1032 402 virtutibus
1045 361 1204 400 itidem
1217 360 1401 410 magnis
1412 360 1622 411 praedita
1633 359 1947 412 Societatique

317 432 452 472 valde
474 432 627 472 dedita
649 439 732 472 est.
756 432 884 472 Deus
906 431 1107 483 optimus
1128 431 1360 471 maximus
1380 431 1427 470 in
1455 436 1550 470 tam
1571 437 1735 470 sancta
1757 431 1946 471 vivendi

319 503 499 543 ratione
522 503 835 542 constantiam
857 503 922 542 eis
944 502 1186 551 largiatur.

397 574 445 614 P.
479 574 763 614 Franciscus
793 573 955 614 Vieira
990 578 1033 612 et
1066 572 1211 625 frater
1246 572 1431 611 nomine
1461 571 1694 611 Antonius
1728 571 1946 619 Alvarez,

319 656 424 685 cum
441 645 576 684 simul
588 644 994 695 proficiscerentur
1010 643 1057 682 in
1072 642 1265 689 Indiam,
1282 642 1403 693 quod
1419 642 1555 681 navis
1572 643 1762 682 multam
1781 654 1951 693 aquam

320 716 580 766 colligeret,
605 715 651 755 in
677 721 864 766 portum
893 715 1027 755 relati
1056 719 1161 754 sunt
1190 719 1596 765 perveneruntque
1616 712 1950 764 Ulyssiponam

321 786 612 836 aegritudine
645 786 756 835 (non
786 792 941 825 tamen
967 784 1127 835 gravi)
1158 784 1439 824 laborantes.
1482 783 1677 823 Multum
1712 795 1872 823 omnes
1906 784 1951 823 in

320 857 454 905 navi,
478 857 864 897 collocutionibus
899 855 1197 907 praesertim,
1221 866 1338 905 quas
1365 854 1420 894 de
1449 854 1588 894 rebus
1616 854 1786 894 divinis
1814 854 1953 893 habe-

319 928 445 977 bant,
468 927 792 977 aedificarunt,
824 938 1005 966 necnon
1027 925 1148 977 quod
1175 925 1382 976 aegrotis
1404 924 1505 975 (qui
1531 923 1716 975 quidem
1737 925 1955 975 permulti

321 998 522 1048 fuerunt)
554 998 800 1048 diligenter
826 998 1127 1045 inservirent3
1167 995 1361 1045 duobus,
1393 996 1471 1046 qui
1505 1006 1664 1035 secum
1699 995 1952 1042 redierant,

322 1070 546 1110 exercitia
565 1069 756 1109 tradidit
773 1069 1047 1120 spiritualia,
1067 1079 1264 1118 quorum
1284 1067 1401 1107 alter
1416 1066 1680 1107 monachali
1697 1078 1745 1105 se
1762 1067 1956 1117 regulae

323 1141 712 1180 discalceatorum
746 1139 957 1189 tradidit,
996 1140 1114 1178 alter
1147 1150 1262 1178 vero
1300 1137 1536 1177 mirabiles
1570 1136 1679 1176 fecit
1714 1136 1760 1175 in
1794 1136 1953 1176 divino

323 1213 448 1251 cultu
469 1222 762 1262 progressus.

403 1282 688 1323 Confessarii
710 1287 866 1321 autern
886 1281 1100 1321 laborant
1120 1292 1213 1320 non
1233 1291 1399 1331 parum
1419 1290 1645 1330 suumque
1667 1289 1832 1318 munus
1850 1289 1955 1318 curn

322 1366 417 1393 non
438 1353 663 1393 mediocri
684 1352 1005 1392 aedificatione
1026 1351 1268 1402 praeclare
1289 1356 1595 1401 exequuntur3
1620 1361 1817 1400 quorum
1837 1360 1958 1388 unus

327 1438 353 1465 a
381 1425 523 1464 divite
552 1424 775 1475 quodam,
805 1429 854 1463 ut
882 1423 1060 1462 duobus
1093 1421 1375 1473 pauperibus
1403 1427 1590 1461 centum
1618 1420 1956 1471 quinquaginta

325 1507 573 1535 aureorum
609 1505 839 1534 summam
868 1493 1133 1543 dimitteret,
1169 1492 1453 1543 impetravit,
1490 1503 1583 1531 non
1614 1502 1780 1542 parum
1815 1490 1958 1530 etiam

324 1566 528 1606 externis
546 1565 855 1615 scholasticis,
870 1565 948 1616 qui
962 1564 1157 1614 singulis
1174 1563 1410 1603 mensibus
1427 1563 1718 1609 confitentur,
1738 1570 1953 1613 prosunt.

403 1637 548 1676 Multa
568 1636 768 1687 quidem,
793 1647 911 1687 quae
929 1634 986 1674 ad
1004 1634 1093 1674 Dei
1109 1635 1256 1674 nostri
1275 1634 1474 1685 gloriam
1491 1633 1737 1684 pertinent,
1757 1632 1804 1672 in
1825 1632 1956 1672 India

325 1715 461 1758 gesta
483 1708 810 1758 cognovimus3
835 1718 927 1746 una
949 1712 1104 1745 autem
1130 1717 1235 1745 curn
1256 1706 1344 1744 hac
1366 1705 1580 1744 indianas
1602 1704 1782 1743 litteras
1804 1702 1860 1742 de
1881 1703 1956 1742 his

326 1784 521 1829 agentes
551 1778 795 1827 mittimus3
826 1778 1073 1817 nonnullas
1102 1776 1263 1825 etiam,
1295 1787 1413 1827 quae
1442 1775 1500 1815 ad
1527 1775 1580 1814 R.
1604 1775 1655 1815 T.
1680 1774 1727 1814 P.
1752 1774 1963 1824 scriptae

326 1850 532 1899 fuerant,
556 1860 672 1900 quas
692 1849 801 1888 item
823 1848 968 1888 latino
997 1858 1211 1887 sermone
1239 1846 1542 1897 compositas,
1576 1846 1693 1885 alias
1719 1845 1959 1884 transmit-

327 1926 491 1969 temus;
515 1919 781 1970 superiores
802 1930 1022 1969 namque,
1047 1929 1164 1968 quae
1186 1917 1308 1956 intra
1329 1917 1417 1956 hoc
1446 1922 1673 1955 venerunt
1695 1915 1956 1966 quadrime-

328 1996 444 2039 stre,
469 1991 515 2029 in
535 1990 731 2029 latinum
752 2000 918 2029 versae
941 1999 1223 2037 sermonem,
1248 1993 1346 2027 tum
1367 1987 1507 2026 etiam
1529 1987 1738 2037 hispane,
1762 1985 1961 2025 Romam

328 2061 500 2100 missae
529 2067 656 2110 sunt;
681 2071 878 2111 quarum
909 2060 1055 2098 altera
1089 2058 1137 2097 P.
1170 2057 1431 2104 Francisci,
1461 2058 1608 2096 altera
1635 2056 1829 2109 Joannis
1856 2056 1960 2095 Fer-

330 2131 532 2181 nandez,
555 2131 692 2170 tertia
714 2142 827 2170 vero
859 2129 908 2169 P.
932 2129 1123 2168 Henrici
1150 2128 1382 2179 Enriquez
1403 2133 1524 2177 erat;
1555 2139 1674 2178 quae
1697 2137 1965 2166 verosnunc

332 2203 591 2251 mittuntur,
615 2202 855 2241 variorum
877 2207 1004 2250 sunt,
1027 2211 1120 2239 non
1142 2199 1389 2238 mediocris
1411 2197 1770 2248 aedificationis,
1803 2205 1852 2237 ut
1880 2204 1960 2237 tua

337 2273 601 2313 Paternitas
624 2274 749 2312 clare
770 2277 943 2311 cernet.

411 2344 483 2384 Ex
516 2342 788 2383 Brasiliensi
823 2342 1015 2392 regione
1050 2341 1298 2380 nonnullae
1334 2346 1440 2379 sunt
1473 2340 1688 2390 traditae,
1726 2351 1845 2390 quae
1879 2351 1968 2379 nos

332 2422 488 2454 tamen
510 2420 709 2465 septem,
734 2413 811 2464 qui
832 2412 922 2452 hoc
943 2423 1065 2451 anno
1088 2423 1141 2451 eo
1169 2412 1375 2460 iverant,
1399 2409 1595 2450 fratrum
1617 2410 1847 2450 adventus
1869 2421 1964 2449 cer·

331 2485 475 2524 tiores
501 2497 594 2524 non
628 2484 821 2524 faciunt.
853 2481 1114 2522 Nonnullae
1144 2488 1270 2525 sunt.
1301 2492 1420 2532 quae
1448 2492 1523 2520 res
1554 2481 1599 2520 in
1621 2481 1784 2520 eadem
1805 2486 1967 2530 gestas

332 2556 574 2606 provincia
592 2560 800 2605 narrant,
826 2565 942 2605 quas
962 2559 1133 2601 tamen,
1159 2564 1264 2592 cum
1284 2563 1450 2602 parum
1471 2551 1624 2591 adhuc
1646 2551 1883 2602 temporis,
1908 2563 1967 2590 ex

334 2638 424 2677 quo
447 2626 769 2677 pervenerint,
793 2625 871 2674 sit,
901 2635 994 2663 non
1022 2623 1416 2674 transcripsimus.
1452 2621 1567 2661 Sunt
1595 2621 1735 2661 etiarn
1765 2632 1968 2672 magnae

334 2696 684 2736 aedificationis.
706 2695 834 2746 Quas
851 2706 1010 2735 omnes
1026 2694 1171 2743 brevi,
1191 2693 1292 2733 Deo
1311 2693 1556 2742 tribuente,
1577 2692 1961 2732 transmittemus.

416 2767 606 2807 Africae
640 2768 687 2806 in
721 2766 891 2817 oppido
925 2765 1126 2804 Tutuam
1160 2765 1305 2804 multa
1341 2775 1368 2803 a
1402 2762 1503 2803 Deo
1540 2762 1644 2814 Opt.
1671 2762 1795 2802 Max.
1832 2768 1968 2813 gesta

336 2837 384 2876 Ρ.
408 2838 605 2890 Joannis
624 2837 785 2877 Nunez
808 2842 854 2876 et
874 2835 991 2875 socii
1011 2834 1180 2885 Ignatii
1202 2834 1460 2873 ministerio
1482 2833 1767 2882 nuntiantur;
1793 2833 1964 2872 multos

336 2908 459 2947 enim
480 2908 687 2958 quotidie
709 2907 922 2958 captivos
942 2905 1141 2955 redimit,
1166 2905 1359 2944 multum
1378 2903 1550 2944 Christi
1566 2905 1766 2943 cultores
1789 2914 1965 2949 omnes,

334 2978 412 3029 qui
452 2978 498 3018 in
542 2979 631 3018 illis
678 2977 929 3017 infidelium
973 2975 1183 3027 partibus
1223 2980 1492 3024 versantur,
1535 2974 1823 3023 consolatur;
1866 2979 1965 3012 turn
