2080 3392
281 133 327 171 78
793 136 1015 173 LITTERAE
1042 148 1401 180 QUADRmfflsrREs

280 230 358 270 nia
392 231 521 282 prius
549 232 871 284 oblectabant,
907 245 1024 285 quos
1060 246 1252 274 numero
1289 235 1449 275 decern
1484 242 1527 276 et
1557 243 1662 277 octo
1699 238 1912 278 extitisse

280 302 412 341 nobis
445 302 530 342 fuit
558 305 773 343 relatum.
807 303 1061 355 speramus
1095 304 1302 344 sedanda
1338 305 1478 345 etiam
1511 317 1612 346 esse
1647 308 1764 347 bella
1796 308 1907 348 inte·

280 372 417 423 stina,
441 384 559 424 quae
580 380 726 414 totum
747 374 837 414 hoc
859 386 1057 425 regnum
1078 374 1280 415 divisum
1301 376 1521 416 tenebant
1542 376 1588 416 in
1609 377 1725 417 duas
1745 378 1907 418 factio-

279 454 383 494 nes,
411 444 487 484 hic
514 451 653 495 caput
683 445 817 496 hujus
854 446 944 485 orti
978 452 1078 485 erat
1112 445 1290 485 dissidii
1327 458 1432 486 cum
1467 447 1556 486 alio
1590 447 1911 489 illustrissimo

278 514 395 565 viro,
425 515 503 566 qui
532 516 672 556 etiam
700 528 840 568 quam
868 517 926 557 sit
960 523 1165 557 mutatus
1197 517 1391 567 mirare,
1424 524 1467 557 et
1497 525 1719 569 quantum
1750 520 1806 559 de
1839 520 1909 560 ira

278 584 511 637 abjecerit.
543 586 694 637 Quam
722 594 889 638 potens
916 595 985 628 est
1013 588 1264 636 Dominus,
1296 588 1371 639 qui
1399 589 1535 628 vivos
1569 597 1768 630 mortem
1796 590 1910 631 facit

277 657 447 697 sentire
469 665 513 697 et
533 664 742 698 mortuos
762 659 1075 699 reviviscere!

353 728 522 769 Noster
544 729 592 769 Ρ.
615 729 827 781 Baptista
857 731 1042 782 saepius
1073 731 1120 771 in
1150 730 1356 781 Collegio
1388 731 1549 770 diebus
1579 731 1825 772 dominicis
1853 745 1907 773 ac

274 798 404 839 festis
425 799 485 839 ad
506 801 726 851 populum
756 801 1060 841 concionatur
1089 807 1132 841 et
1163 801 1416 853 aliquando
1446 801 1493 841 in
1524 813 1706 842 summo
1735 805 1909 855 templo

276 881 381 909 cum
416 876 546 910 tanta
573 871 811 911 hominum
839 878 884 911 et
911 872 1120 912 virorum
1146 872 1394 912 illustrium
1427 884 1481 911 ac
1511 873 1810 913 sacerdotum
1831 873 1908 913 ad-

274 941 518 981 miratione
554 948 603 981 ut
637 942 786 992 plenis
821 941 1022 993 undique
1058 943 1149 982 viis
1182 942 1241 982 ad
1276 954 1380 982 eum
1411 949 1558 982 eatur.
1591 943 1726 983 Hunc
1762 944 1907 984 solem

273 1012 523 1062 lunamque
543 1011 720 1052 faciunt
739 1013 1024 1064 summisque
1051 1013 1264 1053 laudibus
1296 1014 1526 1065 (quamvis
1556 1014 1603 1053 in
1630 1014 1806 1065 pulpito
1829 1027 1909 1055 eos

274 1082 443 1122 acriter
465 1083 789 1134 reprehendat)
817 1096 956 1135 super
984 1091 1110 1124 astra
1140 1084 1308 1124 ferunt.
1342 1084 1567 1124 Mirarere
1599 1085 1637 1124 si
1668 1085 1909 1125 hominum

268 1152 577 1204 frequentiam
606 1154 653 1193 in
682 1154 907 1194 sumendo
937 1154 1245 1194 Divinissimo
1281 1155 1491 1206 corporis
1531 1155 1704 1195 Christi
1739 1154 1907 1195 Sacra-

269 1230 425 1263 mento
448 1233 688 1275 cerneres,
712 1225 750 1264 si
771 1236 797 1264 a
819 1225 926 1264 ludo
948 1225 1186 1265 hominum
1210 1232 1413 1265 semotos
1435 1226 1639 1276 animos,
1662 1227 1701 1265 si
1729 1226 1908 1277 sopitas

269 1294 601 1345 detractiones,
625 1295 663 1334 si
684 1301 832 1335 toturn
853 1294 990 1346 hujus
1010 1296 1296 1346 reipublicae
1317 1302 1489 1336 statum
1512 1297 1719 1347 quietum
1737 1330 1744 1347 ,
1769 1297 1809 1337 si
1825 1309 1907 1336 no*

268 1371 394 1405 strae
414 1366 654 1416 religionis
675 1373 1022 1416 persecutores,
1043 1366 1140 1417 jam
1158 1367 1346 1407 tandem
1363 1367 1571 1408 fautores
1588 1367 1752 1408 factos.
1772 1368 1906 1408 Unde

270 1447 443 1486 quaeso
476 1436 592 1476 haec
619 1438 1008 1488 metamorphosis
1040 1444 1084 1477 et
1118 1446 1214 1477 tam
1248 1450 1419 1489 magna
1455 1439 1674 1479 mutatio?
1710 1439 1902 1479 Audies.

268 1506 316 1546 Ρ.
341 1506 550 1558 Baptista
572 1514 766 1558 rogatus
787 1508 845 1548 ab
865 1508 1096 1560 Episcopo
1126 1509 1171 1548 in
1200 1510 1371 1560 templo
1401 1510 1605 1549 maximo
1627 1515 1696 1549 est
1718 1510 1902 1549 concio-

266 1585 423 1629 natus,
448 1589 553 1618 cum
573 1579 831 1631 Episcopus
853 1592 958 1620 cum
975 1591 1154 1620 summa
1172 1592 1343 1631 pompa
1360 1592 1547 1620 sacrum
1566 1580 1763 1630 faceret;
1789 1581 1897 1620 hinc

269 1656 483 1699 coeptum
505 1656 573 1690 est
594 1650 831 1690 hominum
853 1650 1007 1690 odium
1029 1651 1217 1702 deponi,
1241 1651 1350 1690 hinc
1376 1651 1666 1691 detractores
1688 1652 1898 1702 proclive

268 1720 505 1771 ingenium
527 1722 586 1761 ad
606 1722 977 1762 maledicendum
1005 1729 1264 1773 mutarunt,
1295 1723 1402 1762 hinc
1430 1723 1527 1762 ludi
1555 1729 1747 1774 propter
1770 1723 1899 1763 Chri-

267 1798 389 1831 stum
424 1792 529 1832 odio
557 1799 664 1832 sunt
690 1793 855 1843 habiti;
893 1794 1010 1833 coeli
1042 1806 1098 1833 ac
1131 1794 1354 1844 temporis
1388 1793 1578 1845 injuria,
1612 1806 1730 1845 quae
1763 1801 1901 1834 antea

265 1863 503 1903 hominum
525 1870 704 1904 mentes
720 1865 1018 1916 perturbatas
1035 1865 1243 1916 tenebat,
1267 1866 1313 1905 in
1330 1865 1763 1916 tranquillissimam
1779 1866 1901 1905 aeris

262 1935 534 1985 temperiem
555 1941 623 1974 est
651 1941 853 1985 mutata3
878 1936 1106 1975 mirantur
1129 1935 1294 1987 plebeji
1315 1936 1548 1986 homines,
1577 1936 1804 1976 mirantur
1828 1948 1897 1975 or—

262 2004 425 2056 phani,
449 2005 676 2045 mirantur
699 2006 895 2057 denique
924 2018 1154 2058 pauperes
1183 2014 1363 2047 tantam
1390 2007 1593 2058 gratiam
1621 2013 1715 2046 tam
1746 2007 1898 2046 subito

264 2076 320 2116 de
342 2077 472 2116 coelo
497 2076 756 2127 delapsam.

342 2146 432 2187 Sed
471 2148 530 2187 ad
564 2147 655 2187 alia
691 2159 960 2199 pergamus.
999 2148 1180 2197 Mulier,
1215 2148 1579 2200 Concentaynae
1615 2148 1799 2199 Comes,
1838 2149 1898 2188 ad

263 2218 312 2258 P.
335 2219 595 2270 Baptistam
616 2219 860 2269 epistolam
881 2219 1012 2259 festis
1034 2219 1267 2259 Natalitiis
1289 2220 1476 2270 scripsit
1496 2227 1545 2259 ut
1574 2231 1628 2259 eo
1651 2219 1896 2260 conciona-

265 2295 361 2328 tum
395 2299 444 2328 se
475 2288 928 2334 conferret,·verum
963 2289 1124 2329 maluit
1158 2289 1412 2329 Gandiensi
1443 2290 1615 2340 populo
1642 2295 1766 2328 stare
1793 2301 1897 2340 pro-

264 2359 432 2398 missis.
465 2357 580 2398 Sunt
606 2359 748 2398 etiam
776 2365 819 2398 et
845 2358 1210 2410 Concentaynae
1234 2359 1448 2410 permulti
1470 2359 1549 2410 qui
1571 2359 1718 2398 alacri
1740 2359 1895 2398 animo

264 2429 322 2468 ad
343 2429 684 2469 divinissimum
712 2429 922 2480 corporis
950 2429 1123 2469 Christi
1155 2428 1512 2469 Sacramentum
1539 2429 1781 2469 accedunt.
1811 2429 1894 2469 Pa-

262 2506 330 2539 ter
357 2506 515 2539 noster
546 2511 651 2539 cum
684 2512 738 2538 eo
759 2500 1035 2551 peregrinus
1057 2512 1105 2539 se
1135 2499 1429 2549 contulisset,
1463 2500 1766 2539 concionibus
1796 2511 1893 2539 sus-

260 2581 429 2622 pensas
463 2570 645 2610 illorum
678 2576 855 2610 mentes
888 2570 1087 2622 reliquit.
1124 2569 1339 2610 Sentiunt
1364 2570 1461 2622 jam
1492 2570 1782 2610 Gandienses
1808 2569 1890 2609 Pa-

258 2641 342 2680 tris
363 2641 619 2680 discessum
639 2647 848 2691 tempore
869 2641 1111 2692 proximae
1134 2641 1543 2692 quadragesimae,
1569 2641 1647 2692 qui
1668 2639 1727 2680 ad
1749 2641 1888 2692 quod—

261 2710 368 2750 dam
388 2711 594 2751 vicinum
626 2711 866 2762 oppidum,
898 2711 1117 2763 frequens
1146 2711 1330 2763 quidem
1356 2718 1400 2751 et
1428 2723 1749 2759 numerosum,
1784 2723 1888 2751 con-

259 2782 440 2821 cionari
461 2782 683 2822 decrevit.

338 2851 457 2892 Vale
478 2852 524 2892 in
547 2851 754 2902 Christo,
779 2859 966 2893 nostrae
986 2853 1227 2904 religionis
1248 2865 1439 2904 praeses
1461 2860 1506 2893 et
1528 2859 1714 2903 auctor,
1743 2859 1807 2903 et,
1836 2858 1885 2892 ut

262 2924 567 2974 consuevisti,
590 2923 707 2963 filios
729 2924 814 2963 hos
835 2924 1052 2974 indignos
1073 2924 1173 2964 Deo
1196 2924 1484 2964 commenda.
