2080 3392
882 148 966 184 ΑΝ.
997 147 1090 184 1553
1736 145 1810 182 313

161 246 356 286 vanium
377 246 592 296 veniens,
617 245 806 286 Patrem
828 245 1070 292 convenit,
1096 246 1192 296 qui,
1218 257 1267 284 re
1290 245 1501 296 cognita,
1536 244 1601 283 ita
1628 255 1730 283 eam
1758 243 1805 282 in

167 317 296 357 hisce
319 317 542 357 instruxit
570 317 920 357 curiositatibus
942 316 1112 367 (variis
1134 316 1381 356 declarans
1411 315 1673 355 rationibus
1693 315 1806 353 talia

164 388 353 428 minime
393 388 560 428 decere
600 388 872 439 religiosam
911 399 965 427 ac
1005 387 1106 427 Deo
1146 387 1351 427 deditam
1390 387 1647 438 virginem,
1686 397 1806 437 quae

160 459 385 499 mundum
405 458 658 510 mundique
685 459 842 499 omnia
871 458 1114 510 reliquisse
1142 465 1336 498 externo
1359 458 1560 498 ostendit
1582 458 1708 497 vitae
1729 468 1807 508 ge-

161 542 294 579 nere,
320 530 487 582 quibus
507 530 610 581 ipsa
631 530 698 570 uti
724 530 885 579 vellet,
919 541 1006 569 nec
1037 529 1096 569 ad
1125 530 1323 569 aliorum
1355 529 1621 580 augendam
1647 539 1806 580 super-

160 601 286 641 biam
321 613 376 641 ea
409 601 567 641 facere
602 601 811 653 aliasque
846 601 1016 641 docere
1051 601 1263 650 debere),
1301 608 1350 640 ut
1377 612 1487 640 mox
1514 613 1562 640 se
1590 606 1809 651 paratam

160 673 518 722 demonstraret,
539 673 669 712 iuxta
686 671 897 712 divinum
918 671 1166 722 Patrisque
1187 671 1454 720 consilium,
1480 671 1645 711 eodem
1666 671 1809 711 etiam

162 742 235 782 die
263 744 422 783 omnia
449 743 732 794 relinquere,
771 754 1046 792 omnesque,
1084 754 1201 794 quas
1230 743 1289 782 ad
1316 742 1529 783 eamdem
1565 742 1805 782 addiscen—

163 815 272 854 dam
305 820 454 854 artem
490 814 574 854 sub
609 826 722 854 suae
757 813 863 854 fidei
896 813 1226 854 commissione
1266 814 1491 865 suscepit,
1534 813 1810 864 parentibus

161 886 353 925 domum
373 885 626 926 remittere.
651 885 830 926 Verum
851 886 986 932 aliter
1006 885 1163 925 visum
1183 885 1327 933 Patri,
1351 897 1409 924 ne
1431 886 1528 924 sale
1552 892 1658 925 acta
1681 896 1808 925 care-

163 963 266 997 rent
300 957 598 1008 prudentiae,
631 957 867 1009 superflua
899 956 1087 1009 quidem
1114 957 1238 997 illico
1270 956 1547 1005 omittenda,
1581 968 1811 1007 personas

139 1040 276 1086 'vero
298 1040 379 1080 per
401 1028 590 1080 aliquod
611 1029 835 1080 temporis
857 1028 1063 1080 spatium
1079 1028 1127 1068 in
1148 1028 1314 1068 melius
1336 1028 1681 1067 convertendas
1704 1040 1806 1068 cen-

164 1106 255 1148 set,
294 1106 433 1151 atque
464 1100 644 1140 interea
671 1099 901 1150 quaedam
933 1105 1106 1151 puncta
1135 1111 1162 1139 a
1189 1099 1448 1139 venerabili
1474 1099 1811 1139 Bonaventura

162 1172 210 1211 in
245 1171 342 1211 suis
376 1171 755 1211 meditationibus
785 1171 841 1211 de
871 1171 972 1211 vita
1000 1170 1176 1211 Christi
1206 1171 1477 1222 conscripta
1513 1170 1654 1222 <quae
1684 1170 1732 1209 P.
1763 1171 1811 1210 in

166 1243 471 1282 vernaculam
497 1243 735 1282 transtulit
757 1243 1015 1293 linguam),
1039 1243 1351 1282 exscribenda
1373 1254 1575 1294 suasque
1597 1242 1812 1282 docenda

167 1313 377 1365 tradidit,
402 1320 451 1354 ut
471 1314 738 1354 huiusmodi
758 1314 928 1366 politas
946 1314 1235 1354 ornamentis
1252 1325 1368 1366 quas
1390 1314 1525 1354 docet
1547 1313 1736 1354 tandem
1757 1313 1817 1353 ad.

165 1386 383 1439 proprias
413 1387 578 1426 domos
613 1386 891 1436 remitteret,
929 1397 978 1426 se
1007 1386 1206 1437 amplius
1241 1386 1363 1425 nolle
1390 1386 1562 1425 talibus
1591 1385 1815 1437 occupari

164 1458 413 1498 mundanis
453 1457 819 1498 curiositatibus.
862 1457 945 1506 At,
994 1457 1198 1497 Domino
1239 1457 1537 1508 disponente,
1582 1456 1816 1507 ablegatis

163 1530 292 1570 hisce
329 1529 604 1581 superfluis,
654 1529 992 1581 discipularum
1032 1540 1255 1569 numerus
1303 1529 1492 1569 illaesus
1540 1528 1816 1580 permansit,

164 1613 281 1653 quas
304 1600 510 1653 quotidie
541 1601 829 1652 simpliciora
860 1612 915 1640 ac
943 1600 1186 1640 hominum
1214 1601 1320 1640 usui
1346 1600 1615 1640 necessaria
1648 1599 1819 1639 docere

164 1673 334 1724 pergit.

246 1743 508 1795 Quaedam,
533 1751 577 1784 et
598 1744 645 1784 in
667 1744 971 1784 matrimonio
993 1744 1270 1793 constituta,
1297 1743 1433 1783 avide
1455 1742 1708 1784 admodum
1738 1743 1817 1783 hu-

165 1816 236 1856 ius
257 1815 418 1856 mundi
438 1827 728 1868 prosequens
750 1815 1128 1866 sensualitatem,
1153 1815 1342 1856 tandem
1370 1821 1476 1866 post
1499 1815 1681 1866 aliquas
1711 1826 1817 1854 con-

164 1887 393 1927 fessiones
414 1886 603 1927 Patrem
624 1898 796 1938 rogare
819 1888 973 1939 coepit
1004 1888 1115 1939 (non
1138 1888 1261 1927 enirn
1284 1887 1524 1938 singulare
1546 1886 1656 1938 quid
1679 1886 1819 1926 confi-

164 1965 314 1998 tentes
337 1958 489 1999 moliri
512 1960 662 1999 solent
693 1959 869 2010 absque
896 1970 1078 2010 eorum,
1112 1958 1279 2010 quibus
1311 1958 1606 2008 confitentur,
1635 1958 1818 2009 praeiu-

165 2030 286 2070 dicio
313 2036 358 2070 et
387 2030 598 2080 consilio)
629 2036 678 2069 ut
699 2036 858 2081 posset
885 2036 1112 2081 argentea
1146 2042 1231 2070 sua
1268 2029 1504 2081 deponere
1541 2035 1818 2069 ornamenta

165 2101 400 2152 pretiosa,
447 2101 802 2153 superfluasque
847 2102 1238 2142 vestimentorum
1286 2102 1562 2141 abscindere
1609 2101 1820 2140 fimbrias

166 2172 379 2223 (quarum
400 2172 475 2212 hic
497 2183 700 2223 magnus
722 2174 897 2212 abusus
919 2178 1010 2222 est,
1042 2172 1124 2212 sed
1147 2186 1172 2212 a
1195 2173 1366 2223 multis,
1393 2173 1553 2212 divino
1576 2178 1818 2212 crescente

166 2255 352 2293 amore,
388 2255 483 2283 non
518 2243 808 2284 fimbriarum
839 2244 1085 2284 dumtaxat
1114 2245 1195 2284 sed
1227 2251 1271 2284 et
1300 2245 1545 2296 peplorum
1574 2250 1618 2284 et
1648 2243 1820 2294 capitis

163 2315 465 2365 velaminum,
498 2315 826 2366 pectoralium,
859 2315 1191 2367 similiumque,
1225 2316 1392 2367 quibus
1419 2316 1668 2355 mulierum
1698 2314 1815 2354 dele-

166 2392 321 2426 ctatur
340 2386 550 2436 vanitas,
577 2387 814 2427 contemni
835 2387 1128 2436 consuevit),
1151 2387 1276 2427 facta
1300 2387 1397 2427 voti
1419 2399 1632 2437 compos,
1656 2386 1818 2426 statim

168 2458 453 2508 incoeptum,
478 2469 712 2497 consensu
733 2458 911 2508 mariti,
938 2459 1191 2511 complevit
1213 2470 1268 2498 ac
1290 2458 1444 2510 pergit
1466 2458 1512 2497 in
1534 2458 1700 2497 melius
1722 2469 1816 2497 mu-

167 2537 269 2569 tare
291 2529 440 2568 vitam
462 2534 601 2579 atque
622 2528 883 2569 ferventius
906 2529 1006 2569 Deo
1028 2530 1162 2570 unire
1184 2530 1406 2570 animum.

246 2599 467 2640 Nonnulli
489 2600 630 2639 etiarn
650 2600 893 2651 utriusque
916 2612 1077 2651 sexus,
1113 2601 1191 2653 qui
1214 2614 1240 2641 a
1263 2600 1420 2641 multis
1443 2600 1578 2640 annis
1600 2600 1646 2640 in
1677 2600 1815 2652 pluri-

167 2671 255 2711 mis
283 2682 338 2711 ac
366 2670 664 2722 gravissimis
692 2672 903 2722 peccatis
933 2672 1118 2722 vixere,
1151 2671 1208 2712 de
1237 2672 1404 2724 quibus
1431 2683 1670 2723 nunquam
1703 2683 1818 2712 vere

166 2741 354 2781 fuerunt
385 2740 608 2792 confessi,
641 2753 729 2781 nec
757 2754 965 2793 unquam
985 2743 1237 2794 tranquilla
1260 2742 1549 2783 conscientia
1576 2742 1818 2783 vivificum

167 2818 463 2864 sumpserant
484 2811 866 2863 Sacramentum,
892 2824 1056 2854 omnes
1077 2814 1124 2853 in
1145 2814 1359 2854 libertate
1381 2814 1699 2854 conscientiae
1720 2825 1816 2853 sar-

167 2883 299 2924 cinas
331 2895 415 2935 per
443 2883 786 2924 confessionem
821 2883 1002 2935 integre
1038 2884 1376 2936 deposuerunt,
1415 2896 1506 2936 quo
1540 2885 1694 2925 medio
1721 2896 1815 2924 non

165 2955 328 3006 pauci,
351 2960 449 2995 tum
469 2954 581 3005 viri,
606 2961 706 2995 tum
726 2955 962 3005 mulieres,
986 2967 1045 2996 ex
1064 2955 1211 2995 variis
1243 2955 1508 2997 animarum
1537 2955 1814 2996 discrimini-
