2080 3392
822 169 905 207 ΑΝ.
938 169 1031 206 1554
1676 166 1746 203 519

106 269 295 318 lutareS‚
319 268 496 321 Jacobo
519 267 643 319 apud
663 267 949 319 Episcopum
968 272 1286 318 permanente,
1306 277 1442 317 quem
1464 265 1743 317 Episcopus,

108 339 147 379 si
168 339 228 379 ad
248 338 501 378 sacerdotii
522 338 800 389 dignitatem
821 345 1012 379 euectus
1042 337 1220 387 fuisset,
1254 336 1313 377 ad
1341 336 1589 387 Euangelii
1615 335 1746 376 mini-

109 410 255 450 steriu
277 410 487 449 emittere
509 410 717 462 optabat;
742 410 825 450 sed
847 410 906 450 ad
927 408 1295 460 frequentandos
1318 408 1527 448 infirmos
1549 419 1604 447 ac
1634 418 1746 458 pau-

107 493 243 532 peres
265 492 348 531 per
368 492 518 533 pagos
540 481 943 530 circumiacenteS,
969 485 1027 521 cu
1048 481 1195 520 altero
1212 491 1418 531 pannum
1436 479 1572 519 nudis
1594 478 1745 518 distri-

107 552 344 592 buendum
365 552 743 603 circumferente,
767 552 944 602 legauit
974 551 1324 591 misericordiae
1352 550 1576 601 spiritalis
1608 556 1746 601 atque

109 623 369 674 corporalis
404 623 622 674 operibus
658 623 900 663 intentum.
931 622 1076 673 Atqui
1103 621 1309 662 secundo
1339 627 1419 661 aut
1446 621 1583 661 tertio
1613 621 1685 661 die
1721 632 1746 660 a

107 693 156 733 P.
180 693 457 745 Hieronymi
479 694 705 745 discessu,
730 694 776 733 in
798 694 965 733 febrim
986 693 1148 733 incidit
1169 693 1391 733 Morelius
1422 691 1448 741 ¹,
1472 704 1613 744 quam
1644 678 1747 744 pas-

106 776 186 805 sus
207 771 276 804 est
297 766 438 816 longo
465 771 695 816 tempore,
725 776 812 804 nec
841 764 994 804 adhuc
1026 763 1252 815 pristinae
1281 763 1541 803 valetudini
1566 763 1748 803 restitu-

106 843 181 876 tus
202 842 284 876 est.
308 836 412 876 Hac
434 837 684 877 occasione
706 837 764 876 ab
785 836 1020 887 Episcopo
1044 835 1103 875 ad
1130 835 1418 875 monasterii]
1448 835 1748 875 Minimorum

107 907 297 957 missus,
327 907 500 947 ibidem
530 908 701 947 diutius
729 907 899 957 haesit,
930 906 1091 946 fribus.
1118 906 1441 957 euangelicam
1464 906 1748 946 exhortatio-

104 990 211 1018 nem
232 985 276 1018 et
295 978 546 1018 lectionem
566 979 848 1019 Dialectices
869 977 1234 1029 efflagitantibus
1255 977 1312 1017 ab
1330 988 1401 1016 eo.

187 1050 377 1090 Interim
393 1049 443 1089 P.
463 1050 780 1102 Hieronymus
798 1056 985 1089 strenue
1003 1049 1051 1089 in
1063 1048 1265 1088 comissa
1282 1049 1519 1099 legatione
1533 1049 1748 1089 obeunda

107 1133 156 1161 se
176 1121 338 1172 gessit,
363 1121 512 1161 sacris
534 1121 926 1173 occupationibus
954 1125 1066 1171 spus
1088 1121 1217 1159 alens
1238 1120 1518 1160 libertatem:
1552 1120 1750 1171 singulis

107 1192 282 1242 diebus,
307 1198 431 1232 stata
454 1192 570 1232 hora
594 1198 763 1232 octaua
786 1192 1172 1239 antemeridiana,
1193 1203 1382 1231 sacrum
1400 1190 1572 1231 Missae
1596 1191 1749 1232 officiu

106 1263 153 1304 in
174 1264 470 1304 xenodochio
494 1264 776 1315 celebrabat,
801 1275 939 1303 sacro
961 1263 1196 1314 mysterio·
1215 1263 1543 1313 euangelicum
1570 1274 1746 1303 sermo-

106 1347 214 1375 nem
248 1335 562 1386 subiungebat
597 1335 656 1375 ad
685 1340 820 1376 coetu
853 1334 1145 1374 infirmorum
1180 1340 1224 1374 et
1260 1334 1553 1374 cocurrentis
1592 1335 1750 1386 populi

107 1406 308 1457 turbam,
342 1406 699 1458 explicabatque
729 1405 1008 1446 Doctrinam
1043 1405 1326 1455 Chrianam,
1364 1405 1749 1457 orthodoxaeque

108 1477 214 1518 fidei
234 1477 566 1529 religionisque
588 1489 753 1518 sacrae
776 1478 1022 1525 elementa,
1043 1477 1210 1528 quibus
1227 1477 1468 1525 absolutis,
1488 1477 1747 1528 Euangelia

111 1555 155 1589 et
175 1548 413 1600 Epistolas
434 1549 681 1589 Aduentus
698 1548 854 1589 Dnici.
876 1560 961 1600 pro
979 1548 1203 1600 temporis
1228 1548 1477 1588 occasione
1501 1560 1748 1588 occurren-

109 1627 193 1671 teS,
218 1621 430 1671 subiecit,
455 1621 661 1672 quotidie
683 1621 855 1660 Missae
884 1619 1167 1660 sacrificium
1191 1626 1234 1659 et
1263 1620 1539 1660 concionem
1560 1631 1747 1660 sacram

108 1703 356 1743 peragens,
380 1691 491 1732 Post
514 1692 790 1732 concionem
804 1691 1055 1743 publicam,
1076 1703 1169 1731 non
1186 1691 1402 1731 cessabat
1419 1691 1641 1742 priuatim
1658 1692 1746 1731 sin-

106 1764 243 1814 gulos
264 1763 472 1803 infirmos
496 1763 732 1803 consolari
753 1770 797 1803 et
819 1763 1018 1812 erudire,
1045 1763 1194 1802 donec
1216 1762 1468 1814 prandium
1494 1774 1601 1802 cum
1622 1775 1649 1802 a
1669 1763 1746 1814 pio

108 1846 250 1886 opere
270 1842 534 1875 reuocaret.
562 1835 706 1876 Coem
729 1846 834 1874 curn
856 1834 1067 1884 infirmis,
1092 1846 1209 1886 quos
1230 1835 1357 1874 vires
1379 1834 1591 1886 corporis
1622 1846 1744 1874 men-

105 1918 186 1946 sae
209 1907 487 1947 accumbere
508 1907 822 1958 patiebantur,
846 1906 994 1946 vitam
1017 1906 1202 1957 agebat,
1222 1906 1310 1958 piis
1329 1906 1572 1958 colloquiis
1589 1918 1670 1946 eos
1687 1906 1746 1946 ad

104 1978 345 2018 meliorem
365 1978 550 2029 frugem
571 1978 910 2030 promouendo.
936 1977 980 2017 A
1000 1977 1221 2029 prandio,
1250 1984 1476 2029 quantum
1504 1977 1747 2018 infirmoru

102 2050 360 2089 necessitas
382 2049 661 2100 patiebatur,
686 2061 852 2089 sacrae
882 2049 1073 2089 lectioni
1103 2055 1148 2088 et
1177 2048 1364 2089 diuinae
1394 2049 1578 2089 cocioni
1609 2061 1744 2089 vaca-

103 2121 198 2161 bat.
228 2120 266 2161 O
292 2121 433 2161 beatu
461 2120 634 2161 Christi
661 2125 965 2172 pauperuque
997 2125 1258 2161 oeconomi]
1286 2132 1341 2160 ac
1369 2121 1741 2172 procuratorem!

103 2191 366 2232 Permansit
399 2192 447 2232 in
480 2192 807 2233 huiuscemodi
836 2192 1061 2232 exercitio
1097 2192 1370 2243 quotidiano
1392 2192 1614 2231 bimestre
1641 2202 1743 2243 spa·

103 2263 218 2303 tium
245 2269 290 2303 et
325 2263 666 2314 semimensem,
705 2263 910 2315 quotidie
941 2269 1242 2304 accrescente
1270 2274 1465 2303 numero
1502 2263 1744 2314 utriusque

102 2346 259 2385 sexus,
282 2334 631 2386 frequentantiu
652 2339 791 2376 sacru
813 2340 858 2374 et
880 2335 1156 2375 concionem
1177 2335 1298 2383 eius,
1330 2334 1376 2374 in
1397 2334 1745 2374 Xenodochium

103 2406 436 2447 confluentium
458 2412 517 2446 no
540 2412 614 2446 mo
636 2406 954 2457 popularium,
983 2406 1066 2446 sed
1094 2412 1138 2445 et
1169 2405 1420 2445 illustrium
1446 2405 1744 2446 nobiliorum-

104 2489 193 2529 que
227 2478 439 2517 virorum
469 2489 523 2517 ac
550 2482 842 2527 matronaru,
875 2476 982 2517 Dni.
1021 2476 1258 2527 Officialis,
1296 2476 1405 2516 Dni.
1445 2476 1741 2527 Cancellarii,

103 2547 403 2589 Canonicoru
424 2548 627 2588 Eccliae.
658 2547 953 2588 Cathedralis
982 2554 1026 2587 et
1054 2547 1205 2587 aliaru
1230 2547 1491 2598 vicarioru,
1523 2553 1568 2588 et
1595 2555 1744 2589 caete-

102 2624 215 2660 roru
235 2619 508 2671 plurimoru,
533 2619 611 2670 qui
632 2619 885 2659 honorario
914 2619 1133 2659 conuiuio
1164 2619 1404 2670 excipere,
1435 2618 1646 2659 modeste
1675 2632 1743 2660 re-

106 2697 363 2740 cusantem,
388 2690 672 2741 nitebantur,
701 2690 897 2731 mirifico
926 2690 1095 2731 affectu
1125 2701 1239 2741 erga
1266 2690 1396 2730 illum
1423 2691 1658 2742 propensi.
1693 2691 1744 2732 In

99 2762 218 2802 festo
238 2761 395 2802 Lucae
413 2762 763 2812 Euangelistae,
787 2761 930 2802 Rffiss·
955 2761 1063 2801 Dni.
1086 2761 1308 2813 Episcopi
1328 2761 1517 2802 hortatu
1538 2768 1583 2802 et
1603 2763 1744 2815 impe-

105 2833 192 2884 rio,
216 2833 478 2873 orationem
509 2832 784 2884 synodalem
811 2832 974 2872 habuit
1001 2832 1048 2872 in
1075 2832 1251 2872 Ecclia.
1288 2832 1631 2874 Clarmontensi
1660 2833 1743 2875 Ca—

158 2995 167 3012 ¹
208 2993 377 3021 Morelz'us
394 2994 547 3021 additum
563 3001 582 3021 a
598 2993 756 3021 Polanco.
