2080 3392
817 230 903 268 AN.
934 230 1026 268 1554
1672 230 1744 267 593

94 330 259 370 favore
282 329 486 381 quodam
506 334 698 368 nostrae
716 328 1002 380 applaudent
1019 328 1127 378 (sic)
1146 327 1498 368 conversationi
1519 333 1599 367 aut
1617 333 1743 367 certe

95 401 231 441 oculo
255 400 529 440 conniventi
550 400 1036 451 praetergrediuntur.
1062 399 1226 440 Nullus
1247 400 1471 448 oblatrat,
1495 399 1649 439 nullus
1670 410 1744 439 ac-

96 472 317 513 cedentes
351 471 411 511 ad
445 483 531 511 nos
561 471 744 523 publice
772 471 999 522 impedire
1029 471 1312 522 praesumit,
1346 477 1396 511 ut
1422 470 1601 521 omnia,
1635 482 1745 522 quo-

97 543 234 584 modo
256 543 366 583 libet
387 549 467 582 aut
487 543 534 582 in
556 542 759 583 Domino
782 542 991 594 expedit,
1015 542 1149 582 nobis
1171 554 1354 594 quoque
1374 543 1516 582 licere
1539 548 1744 593 putatur.

98 614 188 666 Qui
217 615 314 654 suis
336 614 615 665 quandoque
636 614 683 654 in
704 613 1008 654 concionibus
1023 613 1139 653 false
1161 614 1275 654 satis
1293 619 1484 654 nostrae
1501 613 1748 653 detrahere

98 687 248 725 solent
265 685 377 735 (sic)
395 684 634 731 Societati,
655 685 763 735 iam,
785 685 918 736 quasi
934 696 1081 724 unum
1101 685 1347 725 nobiscum
1365 696 1446 725 cor
1468 690 1604 735 esset,
1628 696 1748 724 eam-

98 756 204 797 dem
239 768 381 807 saepe
416 757 557 796 tacite
594 762 637 795 et
674 762 836 807 aperte
873 756 1205 796 commendant
1240 762 1285 796 et
1315 756 1598 807 provehunt.
1632 756 1750 796 Tam

99 828 223 868 enim
252 827 495 867 unanimes
523 827 767 878 praecipui
797 827 1159 867 concionatores
1189 826 1279 867 hac
1307 827 1671 878 quadragesima
1704 829 1751 868 in

99 898 405 939 concionibus
432 898 641 947 fuerunt,
675 904 773 938 tam
802 897 1017 948 vigorosi
1046 904 1212 938 contra
1239 900 1492 939 multarum
1520 900 1753 939 malarum

101 969 493 1010 consuetudinum
514 970 924 1020 introductionem,
946 975 1044 1009 tam
1064 969 1223 1009 dulces
1242 981 1356 1020 erga
1377 970 1495 1021 pios,
1515 978 1612 1011 tarn
1630 983 1752 1011 com-

102 1042 332 1093 patientes
353 1041 715 1092 poenitentibus,
734 1047 832 1080 tam
852 1041 1052 1093 denique
1073 1040 1121 1080 in
1137 1040 1434 1081 adhortando
1458 1042 1518 1082 ad
1538 1042 1752 1093 frequen-

103 1119 198 1153 tem
225 1111 569 1152 confessionem
590 1119 634 1152 et
657 1112 1033 1152 communionem
1053 1110 1315 1162 diligentes,
1341 1113 1476 1164 quasi
1497 1113 1536 1153 si
1554 1113 1610 1154 de
1627 1113 1754 1154 fonte

104 1189 294 1224 nostrae
316 1182 564 1223 Societatis
584 1189 753 1222 cuncta
776 1183 1058 1223 hausissent.
1078 1182 1200 1223 Huic
1218 1194 1402 1235 quoque
1426 1185 1609 1224 accedit
1630 1185 1753 1236 quod

104 1255 171 1295 eis
193 1254 482 1304 confitentes,
508 1255 547 1294 si
570 1254 757 1306 quando
780 1255 944 1294 abesse
965 1254 1224 1305 contingat,
1249 1255 1405 1305 potius
1427 1255 1487 1294 ad
1507 1267 1594 1296 nos
1616 1268 1757 1308 quam

106 1326 223 1366 alios
259 1325 453 1376 quosvis
489 1307 717 1365 accedere
753 1325 961 1376 cupiunt.
1000 1324 1071 1365 De
1105 1325 1416 1377 paedagogiis
1453 1334 1612 1367 autem
1648 1328 1758 1379 quid

111 1397 341 1437 scribam?
375 1397 464 1437 nisi
501 1397 625 1448 quod
660 1398 783 1437 ultro
815 1407 949 1437 suam
978 1396 1113 1436 nobis
1141 1396 1342 1437 offerunt
1371 1409 1586 1449 operam,
1618 1405 1687 1449 ut,
1721 1400 1760 1439 si

116 1468 303 1520 quando
326 1468 572 1518 contingat
594 1479 680 1507 nos
702 1468 876 1508 habere
904 1468 1096 1517 fratreS,
1127 1468 1175 1508 in
1205 1480 1397 1508 suorum
1423 1469 1760 1521 discipulorum

113 1541 384 1591 catalogum
406 1551 487 1579 eos
508 1546 702 1591 possent
723 1540 948 1591 recipere:
973 1540 1280 1591 experientia,
1307 1541 1441 1592 quasi
1458 1541 1618 1581 divina
1641 1541 1755 1582 ordi-

112 1612 323 1660 natione,
347 1611 522 1661 edocti,
547 1611 602 1651 de
637 1611 847 1661 Collegio
878 1610 1182 1661 Falconensi,
1216 1612 1294 1651 ubi
1321 1623 1457 1663 sane,
1490 1625 1516 1652 a
1544 1624 1634 1664 quo
1665 1620 1762 1653 tam

112 1683 425 1735 ignominiose
446 1689 634 1722 nostros
655 1683 898 1722 exclusere
925 1682 1118 1733 fratres,
1153 1683 1261 1734 quia
1294 1682 1556 1734 Collegium
1583 1685 1762 1724 honore

113 1755 252 1807 primi
273 1753 609 1795 Universitatis
631 1754 846 1805 privasse
868 1753 1166 1804 videbantur,
1203 1754 1260 1794 ab
1289 1755 1399 1805 hoe,
1430 1756 1622 1807 inquam
1652 1762 1762 1796 tem-

116 1838 249 1879 pore,
276 1825 461 1877 quando
484 1826 686 1877 primum
707 1825 881 1865 habere
907 1826 1157 1877 putabant,
1190 1826 1272 1866 vix
1302 1833 1487 1867 sextum
1517 1834 1597 1867 aut
1627 1828 1763 1880 septi-

116 1909 244 1938 mum
265 1897 531 1937 habuerunt
553 1896 578 1935 ¹.

195 1969 517 2009 Directorium
538 1968 662 2008 istud
682 1967 1017 2017 confessionis,
1042 1967 1166 2019 quod
1194 1969 1516 2020 superioribus
1543 1970 1708 2010 diebus
1739 1983 1765 2010 a

117 2040 175 2080 V.
200 2039 249 2080 P.
274 2039 557 2091 accepimus,
578 2039 664 2078 sub
685 2039 934 2090 privilegio
953 2038 1087 2079 Caes.
1112 2040 1293 2080 maiest.
1321 2052 1375 2080 ac
1400 2040 1550 2081 ven.lis
1575 2041 1767 2081 Domini

118 2111 402 2152 Cancellarii
422 2110 692 2150 visitatione
715 2116 759 2150 et
782 2110 1143 2162 approbatione,
1168 2111 1244 2151 hic
1266 2111 1467 2152 Lovanii
1489 2124 1516 2152 a
1537 2124 1663 2153 novo
1686 2113 1765 2153 im-

120 2183 338 2234 primitur
360 2182 388 2222 ².

200 2253 290 2294 Hic
311 2254 406 2293 iam
428 2265 500 2293 me
523 2253 583 2292 ad
603 2252 861 2292 secundam
881 2259 1064 2304 partem
1094 2260 1393 2303 convertam,
1427 2266 1547 2306 quae
1575 2254 1768 2295 Patrum

120 2326 167 2365 in
187 2325 327 2364 vinea
349 2323 541 2363 Domini
563 2335 756 2374 operam
779 2324 1007 2364 ostendet.
1027 2324 1131 2364 Non
1154 2324 1342 2376 quidem
1362 2325 1423 2365 V.
1447 2325 1496 2366 P.
1521 2326 1668 2366 latere
1688 2338 1768 2378 pu-

121 2402 276 2436 tamus
297 2407 383 2435 nos
405 2400 604 2446 quatuor
626 2393 639 2412 ⁵
661 2406 835 2446 eosque
857 2395 1129 2435 sacerdotes
1152 2396 1199 2436 in
1220 2396 1292 2435 his
1314 2397 1525 2448 partibus
1546 2409 1649 2438 esse
1670 2403 1769 2438 tan-

123 2474 244 2518 tum,
279 2467 356 2519 qui
385 2466 569 2518 publice
591 2473 781 2505 nostrae
810 2464 1061 2507 Societatis
1086 2467 1362 2519 profitentur
1384 2468 1661 2520 institutum,
1694 2470 1771 2521 qui

125 2539 214 2579 hac
245 2537 612 2590 quadragesima
638 2537 685 2577 in
716 2537 882 2577 eadem
908 2538 1048 2578 vinea
1080 2538 1270 2579 Domini
1300 2540 1392 2579 late
1422 2541 1663 2591 segregati
1690 2540 1772 2581 fui-

182 2723 193 2743 1
234 2722 321 2749 Vide
337 2722 506 2750 PoLANco.
525 2720 728 2751 chronicon,
740 2725 762 2749 t.
779 2729 818 2755 11,
836 2729 892 2756 pg.
908 2721 970 2752 287.
991 2730 1021 2749 n.
1038 2722 1100 2756 245,
1122 2727 1154 2750 et
1170 2723 1438 2757 quadrimestres
1456 2725 1571 2752 Patris
1590 2725 1776 2753 Adriaens-

129 2777 206 2797 sens
220 2771 358 2797 litteras
375 2770 407 2796 in
423 2774 446 2796 t.
463 2777 482 2796 1.

184 2818 198 2837 ²
235 2818 323 2844 Vide
339 2816 587 2852 Biblz‘otlzeque
603 2818 645 2844 de
661 2817 695 2843 la
714 2817 927 2851 Compagnz'e
943 2817 985 2844 dr?
999 2817 1119 2852 jesus,
1137 2822 1160 2846 t.
1177 2826 1224 2853 VI,
1241 2820 1304 2846 col.
1321 2820 1385 2852 939,
1403 2824 1469 2847 art.
1483 2821 1653 2857 POLANco,
1669 2831 1701 2850 n.
1715 2823 1739 2850 1.

182 2865 196 2884 5
233 2864 352 2892 Trium
369 2869 502 2892 tantum
526 2865 677 2893 meminit
693 2865 869 2891 Poimcus
890 2865 923 2891 in
941 2864 1120 2898 Chronico,
1140 2870 1162 2892 t.
1187 2873 1234 2899 IV,
1256 2867 1311 2894 ubi
1336 2867 1376 2894 de
1401 2867 1553 2903 Collegio
1568 2869 1776 2898 Lovaniensi

137 2913 221 2947 agit,
237 2920 295 2945 sc„
313 2913 456 2940 Pan-um
474 2913 617 2940 Adriani
632 2913 893 2946 AdriaenssenS,
910 2912 1053 2940 Arnoldi
1071 2913 1174 2940 Hezei
1187 2918 1220 2941 et
1237 2914 1329 2942 Petri
1346 2914 1461 2950 Spiga.
1478 2916 1544 2944 Sed
1564 2917 1604 2945 iis
1620 2926 1780 2946 annume-

134 2962 262 2989 randus
286 2962 422 2989 videtur
446 2961 483 2988 P.
506 2961 702 2988 Bernardus
727 2961 910 2995 Oliverius,
933 2961 989 2995 qui
1007 2962 1078 2996 J'am
1100 2962 1164 2989 hac
1191 2963 1325 2999 hyeme,
1351 2966 1552 3000 priusquam
1574 2967 1608 2994 in
1630 2969 1779 3002 patriam

132 3010 312 3044 (Antoing)
327 3009 537 3036 valetudinis
552 3010 808 3043 recuperandae
833 3013 865 3036 et
883 3010 1105 3043 quorumdam
1128 3012 1343 3046 negotiorum
1366 3013 1654 3043 absolvendorum
1675 3023 1779 3044 causa

131 3057 206 3091 ivit,
222 3056 366 3084 Lovanii
385 3057 501 3084 diebus
514 3057 643 3091 aliquot
659 3057 783 3084 suerat.

279 3115 328 3151 T.
362 3128 403 3152 ιι.
1546 3122 1589 3166 38
