2080 3392
254 174 327 211 494
772 172 998 209 LITTERAE
1025 181 1385 214 QUADR1MEsTREs

255 270 421 321 aliquis
460 270 589 308 locus
629 273 952 319 quaereretur,
994 268 1072 308 ubi
1118 268 1203 318 illi,
1249 268 1327 319 qui
1366 267 1649 308 Societatem
1689 269 1893 320 professi

256 345 431 390 essent,
459 338 628 389 degere
651 344 694 378 et
724 349 859 378 suum
879 350 1046 379 munus
1068 337 1309 379 commode
1331 338 1659 379 administrare
1680 346 1887 391 possent,

256 421 453 460 cumque
475 410 697 461 templum
718 409 831 450 Divi
850 409 999 450 Rochi
1019 421 1242 461 magnam
1263 410 1321 450 ad
1342 421 1447 450 eam
1467 422 1566 450 rem
1589 411 1891 451 commodita-

255 487 347 520 tem
368 480 655 529 ostenderet,
680 493 790 520 nam
817 480 1039 532 conjungi
1059 482 1101 521 ei
1122 481 1261 521 aedes
1287 486 1523 533 poterant,
1558 493 1662 521 cum
1684 481 1741 521 ab
1765 482 1893 522 urbis

256 551 374 590 vicis
420 556 542 591 esset
582 557 907 602 segregatum,
944 557 989 591 et
1022 552 1298 603 parochiam
1333 563 1429 592 non
1463 552 1688 602 habebat,
1725 563 1801 591 res
1836 552 1895 592 ad

256 622 416 673 regein
437 620 626 674 ejusque
654 621 870 673 fratrem,
899 622 1192 663 Ludovicum
1212 623 1493 674 principem,
1517 622 1671 663 delata
1693 628 1777 674 est,
1801 623 1893 674 qui,

256 693 473 744 quamvis
501 693 689 744 quidam
714 695 848 745 (quos
876 693 1138 734 confratres
1164 693 1354 744 vocant)
1384 705 1433 734 se
1464 693 1745 734 difficiliores
1766 694 1896 734 initio

258 763 556 815 praeberent,
582 763 834 804 effecerunt
861 770 911 804 ut
932 765 979 804 in
1007 763 1105 814 ejus
1127 765 1288 816 templi
1317 765 1667 815 possessionem
1688 763 1899 804 Societas

259 834 544 885 mitteretur,
579 846 669 886 qua
697 835 744 874 in
775 846 824 875 re
855 836 971 875 satis
1008 835 1268 875 declaravit
1298 835 1355 875 D.
1396 834 1562 875 Petrus
1595 835 1899 875 Mascarenas

259 916 396 956 quam
420 905 628 956 impense
653 904 936 946 Societatem
958 912 1094 957 amet,
1119 906 1219 957 ipso
1248 906 1371 946 enim
1391 906 1652 956 annitente,
1678 911 1723 946 et
1745 906 1835 946 hoc
1855 912 1900 946 et

261 976 373 1026 alia,
407 988 526 1027 quae
557 988 664 1016 cum
695 976 872 1028 majore
904 977 1049 1017 divini
1080 977 1282 1017 nominis
1311 977 1463 1028 gloria
1494 976 1745 1028 conjuncta
1775 982 1896 1027 sunt,

262 1047 486 1098 optimum
507 1048 684 1087 exitum
706 1048 982 1088 habuerunt.

340 1117 450 1157 Mox
478 1124 733 1169 coeperunt
762 1118 974 1159 homines
1003 1117 1140 1170 hujus
1168 1120 1297 1159 urbis
1324 1119 1626 1171 multiplicem
1651 1118 1902 1160 Societatis

262 1189 493 1228 rationem
528 1189 810 1241 intelligere3
849 1202 1046 1242 cumque
1081 1190 1266 1231 adesset
1299 1190 1419 1242 dies,
1449 1202 1539 1242 quo
1575 1196 1734 1242 patres
1769 1195 1904 1230 erant

262 1259 566 1310 professionis
588 1266 700 1299 vota
718 1261 1031 1312 nuncupaturi
1046 1261 1094 1301 in
1110 1262 1282 1313 templo
1299 1261 1569 1313 supradicto
1587 1294 1594 1312 ,
1613 1261 1762 1313 pridie
1783 1261 1905 1301 enim

263 1329 471 1380 ejusdem
492 1330 582 1370 diei
608 1330 838 1371 Dominus
858 1331 1024 1371 Petrus
1045 1332 1349 1372 Mascarenas
1372 1332 1418 1372 in
1439 1331 1537 1383 ejus
1559 1332 1908 1383 possessionem

265 1399 546 1440 Societatem
569 1402 782 1452 miserat,
807 1414 893 1442 rex
914 1403 1136 1454 optimuS,
1160 1403 1239 1454 qui
1260 1402 1542 1443 Societatem
1567 1403 1707 1443 unice
1725 1413 1907 1454 semper

267 1471 449 1521 dilexit,
474 1472 700 1512 interesse
736 1479 952 1514 votorum
980 1474 1316 1525 nuncupationi
1345 1486 1450 1514 cum
1479 1474 1694 1525 principe
1715 1473 1808 1513 filio
1830 1485 1908 1513 vo-

282 1543 363 1582 uit.
384 1542 702 1583 Concionatus
727 1549 796 1583 est
816 1543 865 1583 P.
889 1544 1192 1595 Franciscus‚
1217 1545 1263 1584 in
1285 1556 1376 1596 qua
1405 1545 1628 1585 concione
1651 1543 1902 1585 Societatis

266 1614 525 1653 institutum
549 1625 724 1664 magna
746 1626 803 1654 ex
831 1620 964 1666 parte
985 1615 1265 1666 declaravit;
1295 1621 1400 1667 post
1420 1616 1693 1656 concionem
1719 1626 1909 1655 sacrum

268 1685 521 1724 celebravit
541 1684 589 1724 Ρ.
617 1684 811 1734 Natalis,
837 1697 1189 1737 conversusque
1205 1692 1370 1738 postea
1388 1687 1446 1727 ad
1463 1686 1647 1737 fratres,
1673 1686 1907 1738 professo-

268 1767 371 1795 rum
392 1761 502 1795 Vota
523 1756 711 1806 recepit.
738 1757 853 1796 Erat
870 1756 1002 1807 juxta
1021 1769 1118 1808 rex,
1144 1758 1218 1798 cui
1234 1758 1283 1798 P.
1303 1757 1584 1798 Franciscus
1599 1764 1822 1797 votorum
1839 1768 1909 1797 ra-

269 1826 462 1877 tionem,
488 1838 628 1877 quam
646 1827 744 1878 ipse
756 1822 992 1879 'scriptam
1009 1828 1190 1879 habuit,
1211 1829 1495 1880 exponebat,
1514 1834 1559 1868 et
1577 1828 1796 1880 quoniam
1814 1828 1910 1880 plu-

268 1908 344 1937 res
361 1903 492 1937 erant
511 1897 826 1949 Olyssiponae
842 1898 1033 1951 fratres,
1053 1911 1193 1950 quam
1211 1906 1259 1939 ut
1277 1911 1438 1939 omnes
1460 1906 1649 1950 possent
1671 1905 1779 1938 tunc
1799 1903 1911 1938 vota

270 1968 499 2018 emittere,
536 1969 697 2018 pauci,
738 1975 924 2020 praeter
961 1970 1199 2021 professos
1226 1976 1321 2010 tres
1350 1982 1408 2010 ex
1441 1970 1637 2020 singulis
1665 1969 1913 2010 Societatis

271 2039 509 2078 ordinibus
530 2046 642 2078 vota
683 2046 1010 2091 susceperunt·,
1056 2041 1230 2081 caeteri
1270 2041 1568 2092 sequentibus
1599 2041 1776 2091 diebus,
1816 2047 1913 2080 tum

271 2110 318 2149 in
353 2116 513 2149 nostro
546 2109 785 2161 Collegio,
830 2117 927 2151 tum
967 2112 1013 2151 in
1057 2112 1220 2152 eodem
1248 2113 1441 2163 templo,
1485 2112 1607 2152 idem
1648 2118 1812 2163 postea
1852 2111 1912 2152 fe-

275 2186 454 2220 cerunt.

354 2251 470 2291 Tres
491 2259 663 2302 autem,
686 2253 763 2304 qui
781 2253 975 2293 solemni
991 2254 1296 2305 professionis
1314 2261 1424 2295 voto
1442 2267 1490 2295 se
1509 2254 1731 2295 Societati
1749 2253 1913 2294 astrin-

275 2329 465 2370 xerunt,
491 2323 537 2362 hi
559 2330 689 2362 sunt:
716 2323 944 2364 Dominus
967 2323 1252 2365 Gonsalvius
1276 2324 1301 2371 ¹,
1325 2325 1559 2365 Gonsalus
1580 2325 1683 2365 Vaz
1704 2331 1748 2365 et
1768 2324 1909 2365 Anto-

277 2393 380 2432 nius
409 2393 463 2432 de
494 2393 728 2444 Quadros,
768 2400 865 2434 tum
900 2395 946 2434 in
979 2395 1243 2447 theologiae
1278 2396 1695 2447 philosophiaeque
1729 2394 1912 2442 studiis,

278 2469 374 2503 tum
396 2464 441 2503 in
462 2464 753 2515 perferendis
777 2464 1022 2505 Societatis
1043 2467 1300 2517 laboribus,
1331 2468 1527 2507 multum
1549 2466 1721 2518 diuque
1743 2465 1915 2505 exerci-

278 2535 384 2583 tati,
420 2541 468 2574 ut
497 2536 573 2586 qui
603 2535 879 2575 decennium
904 2535 1000 2586 jam
1028 2542 1177 2577 totum
1208 2538 1255 2577 in
1289 2537 1523 2577 Societate
1557 2537 1790 2577 vixerant.
1829 2535 1919 2586 Qui

278 2604 464 2645 fuerunt
486 2606 531 2644 in
553 2605 790 2656 adjutores
810 2606 937 2656 lecti,
961 2613 1068 2647 sunt
1089 2614 1132 2647 et
1155 2609 1243 2659 ipsi
1264 2609 1406 2648 multo
1429 2608 1743 2659 spiritualium
1762 2618 1919 2646 rerum

281 2688 367 2716 usu
387 2677 585 2727 probati.
615 2676 801 2717 Caeteri
821 2678 1138 2729 unusquisque
1167 2679 1214 2718 in
1242 2691 1326 2719 suo
1353 2679 1505 2730 gradu
1526 2678 1635 2718 laeti
1663 2683 1801 2729 atque
1829 2677 1918 2717 ala-

283 2758 386 2786 cres
402 2745 531 2797 jussa
553 2747 759 2798 implent.

365 2816 474 2856 Mox
496 2818 541 2857 in
564 2818 679 2857 duas
700 2824 860 2869 partes
880 2818 1066 2860 fuerunt
1087 2820 1249 2860 Patres
1279 2820 1534 2871 distributi,
1558 2820 1626 2860 sic
1647 2826 1696 2860 ut
1717 2818 1920 2870 professi

342 2976 348 2994 ¹
391 2975 584 3003 Gonsalvus
601 2976 639 3003 de
656 2979 827 3011 Sleeira.
