2080 3392
798 210 882 248 AN.
913 210 1005 247 1554
1658 207 1728 243 577

79 314 319 361 pastorem
341 296 603 360 agnoscant
623 307 877 360 aliquando
900 319 955 348 ac
977 307 1259 347 desiderent.
1285 305 1415 345 Haec
1444 311 1493 344 ut
1519 309 1726 356 praeste-

81 392 205 431 mus,
228 379 283 421 R.
307 380 355 420 in
376 380 516 421 Chro.
539 379 693 429 Pater,
718 386 848 420 tuam
877 390 1013 430 opem
1040 388 1303 430 precamur,
1337 387 1477 428 quam
1509 375 1728 427 precibus

83 457 247 492 nostro
269 451 456 491 nomine
477 450 593 491 fusis
615 450 739 491 feres
760 449 1206 503 praesentissimam.
1234 448 1367 489 Vale.

165 521 400 563 Perusiae.
425 522 579 563 Pridie
600 534 710 562 non.
733 522 824 562 feb.
853 521 968 561 1554.

167 593 218 634 T.
242 594 296 634 R.
322 594 371 634 Ρ.

165 664 258 705 R.di
279 665 327 705 in
348 626 487 705 C'hro.
512 663 666 704 Patris
686 663 918 704 Everardi
939 663 1091 712 iussu,

165 735 342 777 Servus
362 735 538 775 inutilis
559 735 607 775 in
628 734 786 785 Chro.,

992 878 1216 918 EMONDUs
1246 877 1510 918 AUGERms.

166 1092 522 1144 Superis-emptio
539 1092 588 1132 z‘n
605 1095 780 1143 quarta
794 1097 860 1143 pa
865 1091 1003 1142 gina:
1019 1090 1120 1131 R.d0
1142 1091 1189 1131 in
1212 1091 1352 1132 Chro.
1370 1091 1499 1132 Patri
1516 1091 1574 1131 D.
1594 1091 1726 1142 Igna-

87 1164 151 1204 tio
173 1163 229 1204 de
249 1164 446 1216 Loyola,
469 1163 744 1215 Praeposito
766 1163 976 1214 generali
996 1161 1245 1203 Societatis
1265 1162 1391 1214 Jesu.

462 1235 655 1276 Romae.

165 1308 277 1348 Alia
300 1319 469 1347 mann:
490 1306 640 1358 Quad.
665 1306 902 1347 Perusiae.
925 1305 1075 1357 pridie
1096 1317 1205 1346 non.
1228 1305 1318 1345 feb.
1345 1306 1461 1345 1554.

167 1379 228 1419 In
250 1379 392 1419 tertia
407 1378 622 1430 pagina,
645 1389 762 1429 quae
783 1377 995 1429 alioquin
1018 1377 1169 1417 nitida
1191 1376 1380 1417 omniuo
1402 1380 1528 1426 erat,
1558 1386 1728 1415 manus

87 1450 184 1490 alia
205 1450 380 1490 calami
397 1449 776 1501 experimentum
797 1459 1008 1499 sumens,
1023 1448 1174 1500 plura
1195 1447 1329 1499 sigla
1352 1447 1569 1498 censeat,
1588 1450 1657 1487 nt:
1678 1446 1730 1487 In

87 1521 176 1563 Dei
196 1523 398 1573 nomine,
423 1521 475 1562 In
496 1521 699 1572 nomine,
724 1534 849 1574 muy,
873 1521 924 1561 In
945 1532 1068 1561 nom.
1094 1532 1236 1571 nom.,
1262 1527 1350 1560 etc.

284 1897 437 1932 Eaedem
451 1896 620 1923 Edmundi
638 1896 781 1930 Augei-ii
798 1896 937 1923 litterae
953 1903 1029 1922 cum
1044 1894 1182 1922 Polanci
1198 1894 1489 1922 emendationibus
1507 1893 1527 1921 ¹.

165 2095 301 2135 Aliae
323 2106 382 2134 ex
403 2093 580 2145 eodem,
605 2091 828 2133 Perusiae
848 2093 999 2144 pridie
1021 2105 1171 2134 nonas
1192 2092 1436 2133 Februarii
1460 2092 1576 2132 1554.

168 2166 269 2207 Pax
288 2166 396 2218 Xpi.

166 2237 267 2278 Etsi
287 2238 334 2277 in
356 2237 454 2277 dies
479 2249 605 2277 nova
633 2237 681 2277 in
710 2237 979 2289 proximum
1006 2235 1157 2276 officia
1189 2242 1455 2286 praestare,
1487 2246 1627 2286 quam
1658 2248 1733 2275 ve-

90 2316 194 2349 tera
226 2308 434 2349 scribere
465 2309 611 2348 multo
646 2309 706 2348 sit
740 2314 784 2348 et
811 2308 970 2348 utilius
997 2314 1041 2348 et
1063 2307 1331 2358 acceptius,
1361 2307 1439 2346 illa
1468 2314 1626 2346 tamen
1655 2312 1735 2346 tuo

89 2381 234 2432 iussu,
268 2378 563 2420 observande
593 2379 640 2419 in
673 2379 794 2431 Xpo.
828 2378 983 2429 Pater,
1008 2391 1101 2419 non
1128 2379 1281 2418 minus
1303 2389 1495 2418 necesse
1517 2378 1603 2418 erit
1624 2379 1735 2419 scri-

91 2453 258 2504 psisse,
281 2463 423 2503 quam
442 2462 566 2491 nova
588 2451 882 2502 praestitisse
904 2450 1173 2490 iucundum.

167 2523 374 2563 Numero
401 2521 602 2562 fratrum
630 2528 901 2562 nostrorum
927 2522 1188 2562 undenario
1214 2521 1311 2573 jam
1339 2522 1430 2561 duo
1458 2522 1632 2561 vellent
1659 2533 1734 2561 ac-

88 2594 309 2643 cessisse,
347 2604 546 2645 quorum
581 2593 713 2641 alter,
745 2599 905 2633 scotus
931 2604 1126 2644 genere,
1158 2593 1230 2633 vir
1260 2599 1329 2633 est
1359 2599 1404 2633 et
1441 2593 1656 2633 doctrina
1691 2597 1737 2632 et

86 2677 245 2706 rerum
266 2664 557 2716 experientia
579 2664 751 2714 clarus,
776 2665 894 2704 alter
915 2664 1058 2704 etiam
1078 2664 1294 2704 doctrina
1317 2664 1520 2705 fortasse
1541 2663 1623 2704 sed
1643 2664 1734 2716 pie—

86 2744 182 2778 tate
203 2749 316 2778 sane
338 2737 486 2776 altero
506 2747 804 2787 nequaquam
826 2735 1034 2776 inferior.
1055 2736 1154 2776 Hos
1171 2736 1300 2777 Deus
1319 2735 1404 2788 Op.
1425 2735 1551 2776 Max.
1574 2735 1737 2776 fideles

90 2808 340 2861 aliquando
361 2806 499 2859 hujus
521 2807 625 2858 agri
646 2807 766 2847 aridi
782 2808 920 2858 plane
943 2814 986 2847 et
1008 2807 1156 2847 divini
1176 2819 1294 2859 pene
1315 2807 1506 2848 seminis
1527 2807 1736 2859 expertis

143 2945 154 2965 1
194 2944 339 2972 Praeter
359 2942 622 2977 autographum.
648 2949 679 2969 n.
703 2941 747 2975 48,
764 2942 804 2969 de
820 2949 884 2976 quo
899 2949 1014 2977 supra,
1030 2950 1108 2977 pag.
1120 2943 1182 2974 571.
1199 2948 1313 2971 annot.
1331 2944 1354 2976 1,
1369 2944 1426 2971 ubi
1449 2951 1588 2972 cernere
1603 2947 1653 2971 est
1669 2950 1738 2970 ma-

90 2991 170 3020 nuin
185 2990 397 3020 emendantis
410 2990 560 3023 Polanci‚
576 2990 655 3017 bina
671 2994 759 3019 sun-t.
775 2998 816 3016 ex
831 2997 869 3017 eo
886 2994 1114 3025 transumpta,
1130 2992 1342 3026 apographa,
1358 2999 1461 3019 unum
1477 2992 1508 3019 in
1521 2991 1611 3025 solio,
1628 2999 1682 3018 nn.
1698 2991 1734 3017 46

92 3040 144 3067 V.⁰
160 3043 193 3067 et
208 3040 253 3073 47,
267 3040 413 3066 alterum
428 3038 510 3065 item
525 3038 557 3064 in
573 3037 662 3071 folio,
679 3045 733 3064 nn.
748 3037 782 3064 56
797 3037 849 3063 v.0
867 3041 899 3064 et
914 3037 960 3065 57.

236 3098 286 3134 Τ.
310 3110 349 3133 11.
1500 3109 1543 3144 37
