2080 3392
318 214 388 251 206
824 212 1049 249 LITTERAE
1076 223 1434 255 QUADRIMESTRES

316 321 454 361 quam
475 315 689 358 venerat,
711 308 857 359 longe
877 308 1112 348 sereniore
1134 314 1177 348 et
1198 309 1540 360 tranquilliore:
1565 309 1686 349 aliae
1706 310 1845 349 etiam
1867 311 1944 350 vel

315 381 555 420 occasione
576 380 822 431 filiorum,
853 391 970 430 quos
1006 380 1068 419 ad
1101 379 1291 419 scholas
1330 380 1613 420 erudiendos
1647 381 1885 421 deducunt
1914 381 1943 429 ¹,

315 452 389 491 vel
410 464 491 503 per
512 451 628 490 filios
654 462 793 497 snos,
824 451 901 502 qui
927 450 1099 490 nostris
1128 450 1351 490 fratribus
1373 450 1484 490 dant
1505 463 1717 502 operam,
1743 452 1800 492 ad
1837 463 1940 492 con-

314 523 565 563 fessionem
587 522 815 561 adductae
835 525 974 568 sunt,
995 521 1119 561 inter
1141 532 1260 572 quas
1287 522 1540 572 quaedam,
1569 533 1685 572 qnae
1707 523 1943 563 bienm'znn

314 606 342 632 a
363 592 658 643 confessione
688 592 983 632 abstinuerat
1003 591 1034 642 ⁶²,
1055 598 1278 644 tantoque
1305 604 1428 632 nunc
1458 593 1504 631 in
1533 604 1587 632 ea
1617 592 1829 633 facienda
1856 594 1943 634 fer-

313 664 496 704 ventior
518 675 572 703 ac
593 663 902 714 frequentior,
932 669 1105 713 quanto
1135 662 1363 702 hactenus
1390 664 1685 703 cunctantior
1717 675 1772 703 ac
1798 665 1942 715 negli-

312 734 495 785 gentior
524 733 630 782 fuit,
661 745 809 784 neque
838 732 927 773 hoc
957 733 1058 784 ipso
1093 738 1311 773 contenta
1344 733 1556 784 plurimis
1592 740 1639 773 ut
1673 734 1792 774 idem
1821 734 1940 775 face-

313 811 415 845 rent
437 805 706 845 mulieribus
726 805 971 856 persuasit.

391 876 614 927 Aegrotis
641 887 823 927 quoque
854 876 898 915 in
926 875 1216 916 xenodochio
1239 875 1613 915 decmnbentz'bzts
1640 874 1670 925 ⁵,
1698 888 1839 927 quam
1860 889 1939 929 po-

312 947 505 997 tuimus,
548 959 740 998 operam
777 947 1111 998 impendimus,
1155 959 1353 998 quorum
1397 953 1491 987 tres
1529 947 1670 986 trium
1710 959 1939 988 annorum

311 1018 500 1069 <quibus
522 1030 546 1057 a
575 1017 866 1057 confessione
895 1017 1238 1067 abstinuerant)
1266 1017 1394 1057 vitiis
1424 1017 1613 1067 irretiti,
1643 1024 1942 1059 sacramento

309 1089 621 1139 poenitentiae
637 1089 820 1128 liberati
837 1095 964 1138 sunt,
988 1089 1256 1140 inductique
1273 1094 1322 1128 ut
1339 1089 1398 1128 ad
1414 1088 1624 1128 desertas
1640 1098 1813 1129 uxores
1833 1089 1939 1140 (sin-

307 1159 404 1210 guli
427 1160 549 1200 enim
578 1171 711 1199 suam
746 1160 1033 1209 dimiserant)
1065 1159 1244 1210 statim,
1274 1159 1456 1199 reddita
1486 1159 1706 1210 sanitate,
1738 1171 1787 1199 se
1825 1161 1937 1200 reci-

310 1238 484 1281 perent.
509 1230 878 1281 Aliipropterecz
893 1263 903 1278 ,
924 1230 1008 1281 qui
1023 1233 1122 1269 tres
1139 1229 1213 1269 vel
1241 1229 1442 1280 quinque
1464 1241 1617 1269 annos
1636 1228 1649 1247 '²
1665 1230 1811 1270 variis
1833 1241 1938 1281 gra-

308 1301 535 1352 vibusque
566 1302 773 1352 peccatis
802 1301 1012 1352 impliciti
1041 1304 1202 1350 erant,
1233 1301 1395 1340 eodem
1424 1301 1741 1351 poenitentiae
1774 1300 1938 1341 Sacra-

308 1379 464 1412 mento
500 1370 513 1390 ⁵
548 1372 697 1412 curati
736 1377 869 1421 sunt,
912 1383 998 1411 nec
1035 1372 1177 1422 longo
1217 1371 1465 1411 intervallo
1505 1372 1716 1422 corporis
1755 1383 1939 1424 quoque

307 1442 512 1482 vinculis
534 1442 726 1494 quidam
746 1454 908 1482 eornm
929 1446 999 1482 est
1022 1442 1290 1493 expeditus.

387 1514 516 1554 Haec
562 1520 687 1561 sunt,
729 1525 847 1564 quae
892 1513 1120 1564 superiori
1159 1512 1488 1564 quadrimestri
1527 1513 1783 1554 immensae
1824 1526 1937 1555 suae

308 1585 533 1625 bonitatis
566 1584 695 1624 Deus
728 1584 802 1624 hic
833 1584 975 1623 edidit
1002 1584 1195 1634 indicia,
1224 1584 1396 1635 exigua
1430 1584 1642 1635 quidem,
1675 1596 1730 1624 ac
1763 1586 1802 1625 si
1831 1597 1936 1626 cum

304 1657 382 1707 iis,
405 1668 523 1707 quae
544 1656 719 1707 passim
735 1667 760 1694 a
778 1655 999 1695 fratribus
1017 1654 1116 1694 fieri
1132 1656 1411 1706 accepimus,
1428 1661 1775 1706 comparentur,
1790 1668 1934 1708 prope

307 1728 456 1777 nulla3
485 1739 650 1766 verum
679 1727 718 1766 si
745 1738 803 1766 ex
824 1737 925 1766 sese
956 1732 1093 1777 atque
1122 1727 1317 1766 authore
1350 1727 1450 1778 ipso
1479 1727 1806 1776 aestimentur,
1838 1739 1932 1767 non

304 1799 492 1838 omnino
515 1798 872 1838 contemnenda.

386 1869 520 1919 Quod
541 1870 599 1909 ad
621 1869 1009 1909 scholasticorum
1036 1875 1304 1909 nostrorum
1325 1880 1478 1908 mores
1500 1880 1555 1908 ac
1577 1868 1728 1908 studia
1751 1869 1931 1918 attinet,

309 1940 479 1990 omnia,
499 1940 588 1980 Dei
604 1940 842 1989 beneficio,
861 1947 957 1980 tam
972 1951 1196 1991 prospere
1213 1951 1262 1979 se
1278 1940 1466 1990 habent,
1486 1946 1548 1989 ut,
1570 1940 1609 1979 si
1625 1952 1682 1979 ex
1698 1940 1931 1991 principio

303 2011 358 2050 de
379 2010 468 2050 fine
496 2011 724 2061 conjicere
750 2010 763 2028 ⁶
794 2011 951 2061 liceat,
990 2022 1168 2050 summa
1210 2010 1365 2049 omnia
1400 2016 1650 2061 expectare
1678 2010 1926 2060 possimus.

303 2080 534 2121 Numerus
565 2082 869 2121 centesimum
898 2093 954 2121 ac
989 2080 1279 2131 trigesimum
1317 2080 1520 2131 excedit,
1562 2080 1701 2131 fitque
1749 2081 1795 2120 in
1831 2081 1933 2121 dies

304 2152 452 2192 maior
480 2151 506 2189 ⁷.
539 2151 825 2203 Progressus
852 2152 1111 2192 studiorum
1133 2152 1171 2191 is
1193 2158 1281 2201 est,
1306 2158 1355 2191 ut
1376 2152 1474 2191 eius
1496 2162 1645 2203 neque
1667 2163 1752 2192 nos
1780 2163 1930 2203 neque

305 2223 432 2274 ipsos
465 2223 630 2263 merito
665 2223 902 2274 poenitere
923 2223 1083 2273 possit;
1108 2222 1332 2274 siquidem
1355 2228 1552 2273 quatuor
1574 2222 1645 2262 his
1672 2223 1927 2272 mensibus,

304 2294 471 2345 quibus
499 2294 658 2334 ludum
685 2294 973 2346 aperuimus,
999 2294 1201 2333 maiores
1231 2293 1550 2344 firmioresque
1579 2293 1624 2332 in
1651 2293 1798 2333 literis
1826 2305 1929 2344 pro—

303 2364 452 2404 fectus
479 2364 709 2415 fecerunt,
742 2376 881 2416 quam
911 2365 994 2404 sub
1023 2364 1124 2404 aliis
1151 2364 1553 2415 praeceptoribus,
1594 2364 1758 2415 quibus
1788 2370 1926 2404 antea

357 2546 366 2565 ¹
408 2546 476 2573 Sed
491 2548 523 2573 et
539 2547 653 2573 altera
670 2547 811 2577 mulier,
828 2554 905 2574 cnm
926 2546 1041 2579 filiunt
1060 2547 1106 2573 ad
1125 2553 1187 2572 nos
1205 2546 1441 2573 erndiendmn
1462 2546 1661 2579 deduceret,
1676 2546 1721 2573 ad
1742 2545 1929 2580 confessio·

304 2601 382 2620 nem
401 2594 546 2621 reducta
563 2596 625 2625 cst,
640 2601 707 2627 qua
724 2601 765 2621 ex
781 2602 817 2620 re
831 2598 1042 2628 magnopere
1058 2600 1094 2619 se
1110 2594 1270 2627 adsutum
1284 2595 1415 2620 testata
1431 2595 1493 2619 est.
1512 2593 1632 2620 Stmz'lz‘
1643 2600 1775 2627 quoque
1790 2594 1929 2620 ratione

303 2641 410 2667 alteri
427 2642 570 2667 mulieri
587 2641 803 2668 auxilialmn
821 2643 883 2667 est.
900 2641 1084 2667 Fontanus.

355 2687 368 2705 2
407 2688 560 2714 adducta
578 2690 641 2720 est,
658 2696 762 2721 quam
778 2690 888 2714 totum
906 2688 1088 2714 biennium
1101 2687 1316 2720 neglexerat.
1334 2687 1430 2714 Pont.

357 2736 370 2753 '-
407 2736 672 2762 valetudinario
684 2736 903 2769 degentibus.
921 2735 1015 2762 Pont.

354 2782 369 2801 4
404 2782 563 2809 Alterius
579 2790 711 2816 quoqne
727 2783 933 2816 inpeccatis
949 2783 1061 2809 trium
1078 2790 1253 2809 annorum
1267 2782 1426 2816 jacentis
1442 2782 1633 2816 generalis,
1648 2784 1685 2808 ut
1696 2783 1833 2813 vocant,
1852 2788 1927 2807 con-

301 2829 410 2862 fessio
426 2830 550 2856 audita
564 2832 625 2856 est.
642 2830 741 2856 Alter
755 2837 898 2864 quoqne.
915 2829 1012 2857 Pont.

354 2876 368 2896 5
407 2877 452 2902 ad
468 2877 557 2910 quod
572 2884 591 2903 a
608 2878 849 2910 qnznqnennio
865 2884 931 2903 non
947 2879 1157 2908 accesseras,
1172 2877 1359 2911 expeditas
1375 2879 1436 2904 est.
1454 2877 1552 2904 Pont.

356 2922 370 2941 6
403 2924 653 2958 pronuntiare.
669 2924 764 2951 Pont.

355 2970 367 2989 ⁷
407 2970 524 2998 Crevit
540 2979 619 2997 sane
636 2971 730 2997 initio
746 2979 848 3005 usque
864 2971 907 2998 ad
922 2971 1139 2998 centesimum
1151 2972 1472 3005 quinquagesimum;
1487 2975 1522 2998 at
1536 2974 1656 3005 postea
1671 2964 1833 3005 teniporis
1848 2976 1925 3003 pro-

302 3025 422 3052 gressu
437 3018 630 3045 imminutus
647 3023 696 3045 est
713 3020 753 3045 ob
768 3019 946 3052 rationem,
963 3026 1065 3053 quam
1080 3018 1264 3052 Pomm-cus,
1280 3019 1342 3045 loc.
1363 3020 1409 3045 czt
1420 3040 1428 3051 ,
1443 3026 1474 3045 n.
1490 3018 1551 3049 206.
1569 3019 1680 3046 affert.
