2080 3392
831 182 915 218 AN.
947 181 1040 218 1554
1686 178 1761 216 623

112 283 340 323 latissime
375 293 425 321 se
454 280 711 321 diffundere
741 290 1003 329 nomenque
1031 277 1174 328 illius,
1205 282 1343 317 antea
1371 277 1605 328 plerisque
1633 276 1758 316 inco-

117 354 314 405 gnitum,
339 353 509 404 ubique
531 351 714 391 celebre
736 350 890 402 coepit
912 349 1089 390 haberi.
1115 348 1251 400 Quod
1271 359 1377 389 cum
1399 348 1474 388 hic
1495 346 1544 387 P.
1578 346 1760 387 Natalis

116 431 160 465 et
183 424 232 464 P.
257 423 569 464 Provincialis
593 421 603 440 ¹
626 422 762 462 simul
783 421 1019 471 adessent,
1043 420 1252 472 periculo
1276 419 1606 470 comperimus.
1641 417 1760 459 Con-

114 496 319 536 fluebant
341 495 466 534 enim
488 493 547 534 ad
568 494 672 534 illos
692 492 881 544 plurimi
902 492 1121 543 undique,
1146 491 1400 531 multorum
1421 502 1477 530 ac
1499 490 1759 541 insignium

117 567 380 616 civitatum,
405 565 763 616 Episcoporum,
789 564 1068 615 Mag-natum
1098 561 1322 602 mandata
1354 560 1644 612 adferentes,
1680 560 1758 601 So-

116 638 336 678 cietatem
364 648 524 676 secum
551 635 744 675 summis
773 634 1036 675 animorum
1062 633 1187 674 votis
1215 633 1389 673 habere
1416 632 1762 684 exoptantium.

114 709 245 749 Haec
262 708 538 759 Collegium,
558 707 632 746 ille
651 707 855 756 domum,
872 705 991 745 alius
1007 705 1218 745 redditus
1235 704 1550 756 amplissimos
1567 703 1760 755 promit-

117 781 258 828 tebat;
297 779 508 831 plerique
538 790 586 818 se
616 778 807 818 foelices
838 789 894 817 ae
930 777 1094 817 beatos
1120 776 1219 816 fore
1255 776 1589 816 existimabant
1617 776 1658 816 si
1685 775 1762 816 vel

114 863 257 892 unum
278 851 481 900 Patrem,
506 850 584 901 qui
605 849 854 890 Societatis
874 848 1029 899 fuerit,
1056 859 1218 888 secum
1239 848 1394 899 aliquo
1422 853 1633 899 tempore
1666 858 1762 887 mo—

119 923 217 964 rari
239 921 504 972 contigerit.

193 994 311 1034 Tam
331 993 619 1033 uberrimam
640 1004 842 1032 messem
863 991 1078 1032 Christus
1104 990 1274 1041 ubique
1297 990 1500 1030 ostendit
1523 996 1586 1038 ut,
1619 1001 1762 1040 quan-

113 1072 212 1106 tum
233 1064 466 1113 existimo,
489 1064 572 1104 vix
593 1070 691 1104 tota
713 1062 939 1113 Societas,
964 1062 1284 1113 quamtumvis
1305 1073 1387 1113 per
1410 1062 1571 1101 orbem
1593 1072 1761 1112 sparsa

115 1144 159 1178 et
176 1136 359 1186 diffusa,
381 1135 518 1176 unius
536 1135 794 1186 Hispaniae
812 1134 937 1174 votis
955 1133 1231 1173 satisfacere
1248 1133 1409 1184 possit.
1429 1131 1522 1172 Sed
1541 1132 1765 1184 quoniam

114 1210 336 1261 pleraque
358 1208 527 1248 horum
549 1219 608 1246 ex
628 1206 838 1257 epistolis
859 1205 908 1245 P.
936 1205 1218 1256 Hieronymi
1238 1203 1419 1244 Natalis
1451 1205 1763 1255 aliorumque,

117 1280 285 1332 quibus
305 1279 352 1319 id
372 1278 580 1318 muneris
603 1290 629 1317 a
652 1284 696 1317 te
718 1276 979 1328 injunctum
1002 1281 1085 1326 est,
1110 1287 1252 1315 nosse
1273 1282 1431 1327 potes,
1456 1287 1542 1315 nos
1575 1287 1630 1314 ea
1653 1274 1763 1314 scri-

117 1352 296 1402 bemus,
324 1362 442 1403 quae
464 1348 601 1400 hujus
624 1354 731 1389 sunt
751 1348 1008 1399 peculiaria
1031 1347 1228 1398 Collegii
1257 1347 1317 1394 <si
1338 1347 1605 1399 quicquam,
1639 1346 1766 1398 quod

117 1423 355 1475 peculiare
378 1421 471 1461 dici
492 1421 654 1473 possit,
680 1420 888 1460 charitas
910 1419 1084 1469 habet),
1109 1418 1400 1469 brevissime,
1433 1424 1662 1469 quantum
1689 1429 1769 1457 res

117 1495 219 1546 ipsa
240 1493 520 1546 permiserit,
546 1499 747 1543 tuaeque
768 1491 1068 1543 plenissimae
1090 1490 1427 1541 occupationes
1459 1488 1671 1538 suadent,
1709 1489 1764 1529 si-

115 1566 367 1618 gnificasse
389 1564 472 1604 tibi
491 1564 649 1615 potius
670 1576 725 1603 ea
747 1568 827 1602 aut
849 1562 1057 1602 innuisse
1080 1573 1220 1613 quam
1241 1573 1436 1601 ornasse
1459 1561 1681 1601 contenti.

195 1638 253 1678 Et
273 1643 323 1677 ut
344 1637 402 1676 ab
424 1636 481 1676 iis
504 1635 817 1687 auspicemur,
841 1645 961 1686 quae
982 1634 1110 1674 circa
1133 1639 1321 1674 exteros
1343 1632 1534 1673 Domini
1555 1633 1667 1686 Jesu
1688 1633 1765 1672 bo-

115 1710 238 1749 nitas
273 1714 544 1751 nostrorum
578 1706 838 1746 ministerio
874 1711 1112 1757 operatur,
1143 1717 1324 1756 eorum,
1359 1705 1437 1756 qui
1472 1704 1767 1745 documentis

115 1779 434 1832 spiritualibus
464 1785 760 1828 exercentur,
795 1789 980 1829 semper
1007 1788 1208 1828 magnus
1239 1783 1309 1817 est
1341 1777 1464 1828 apud
1492 1788 1580 1816 nos
1609 1787 1766 1816 nume-

116 1864 218 1902 rus,
242 1857 292 1891 ut
312 1863 399 1891 nec
420 1851 586 1891 domus
607 1849 878 1901 amplitudo,
904 1860 1023 1900 quae
1045 1854 1248 1899 angusta
1279 1861 1371 1888 non
1403 1854 1492 1893 est,
1527 1854 1765 1887 tantorum

116 1923 240 1964 votis
275 1928 415 1975 queat
436 1921 726 1971 satisfacere,
764 1920 905 1961 etiam
940 1920 978 1960 si
1010 1920 1067 1960 ob
1098 1920 1145 1960 id
1170 1920 1394 1960 fratribus
1430 1930 1767 1970 nonnunquam

118 1994 364 2046 angustius
399 1994 634 2045 agendum
669 1993 743 2033 sit.
780 1991 885 2032 Non
920 1991 1043 2031 enim
1083 1991 1265 2031 minore
1300 1990 1542 2041 diligentia
1579 1990 1766 2041 quando

120 2066 246 2119 apud
267 2077 351 2106 nos
373 2066 503 2105 locus
534 2065 593 2105 sit
622 2064 809 2116 plurimi
838 2063 1121 2113 observant3
1151 2074 1336 2114 unoque
1366 2062 1640 2112 decedente,
1675 2067 1772 2101 tres

119 2145 198 2178 aut
219 2144 420 2189 quatuor
442 2136 701 2176 succedunt
723 2135 916 2176 summis
938 2135 1057 2174 inter
1080 2145 1129 2174 se
1151 2133 1396 2173 desideriis
1425 2138 1661 2172 certantes
1690 2132 1769 2184 qui

117 2210 302 2249 illorum
323 2208 469 2259 recipi
491 2207 550 2247 ad
571 2206 795 2247 exercitia
819 2205 949 2257 prius
971 2205 1137 2245 debeat
1160 2216 1300 2256 quam
1322 2204 1399 2243 alii
1428 2205 1578 2244 solent
1601 2203 1648 2243 in
1677 2204 1767 2243 col·

118 2280 350 2331 legiorum
370 2278 650 2331 praebendis
673 2277 684 2296 Ξ
706 2277 910 2327 inhiare;
934 2282 1074 2328 atque
1096 2277 1161 2316 ita
1181 2276 1339 2327 plures
1362 2275 1574 2326 cogimur
1605 2274 1772 2314 admit-

118 2359 216 2392 tere
238 2362 378 2403 quam
400 2350 545 2390 otium
574 2349 774 2389 fortasse
804 2355 849 2388 et
883 2348 1013 2400 quies
1040 2347 1239 2387 fratrum
1269 2346 1523 2398 patiantur.
1558 2346 1768 2386 Fuerunt

121 2434 305 2475 semper
342 2422 414 2462 his
449 2421 611 2461 diebus
651 2421 776 2461 domi
811 2426 918 2460 octo
954 2421 1058 2470 plus
1092 2419 1308 2459 minusve
1343 2418 1390 2458 in
1425 2417 1686 2468 exercitiis,
1724 2423 1768 2457 et

121 2501 367 2547 praeterea
389 2493 639 2544 plusquam
660 2492 850 2542 viginti,
876 2491 954 2543 qui
975 2491 1132 2531 multis
1150 2489 1247 2541 jam
1268 2489 1430 2529 diebus
1453 2500 1625 2540 magno
1660 2488 1767 2529 affe-

122 2572 201 2606 ctu
227 2578 282 2605 ea
310 2577 337 2605 a
363 2564 498 2604 nobis
532 2563 806 2614 efflagitant.
839 2562 1021 2602 Horum
1050 2572 1273 2602 numerus
1300 2572 1485 2612 semper
1519 2560 1772 2612 accrescit,

121 2637 293 2689 partim
314 2648 372 2675 ex
393 2635 488 2685 his,
513 2635 591 2686 qui
612 2635 659 2674 in
680 2634 846 2674 studiis
867 2633 1088 2673 literariis
1111 2644 1218 2672 cum
1237 2632 1461 2672 fratribus
1488 2631 1770 2671 familiarius

180 2821 189 2840 ¹
231 2820 267 2848 P.
284 2820 454 2846 Antonius
470 2819 509 2845 de
527 2819 653 2845 Araoz.

177 2867 190 2887 2
229 2867 394 2900 Collegia,
411 2866 705 2893 L'niversitatibus
721 2866 800 2892 olim
821 2866 995 2900 adjuncta,
1013 2866 1177 2900 quosdam
1196 2865 1369 2892 habebant
1385 2865 1565 2899 officialeS,
1587 2865 1653 2899 qui,
1670 2872 1771 2900 prae-

126 2920 178 2943 tci·
201 2915 452 2942 habitationem
474 2918 506 2941 ct
529 2914 825 2944 sustentationem,
845 2913 998 2947 pluribus
1021 2914 1112 2940 haud
1134 2913 1266 2947 exiguis
1288 2913 1455 2940 reditibus
1477 2918 1510 2940 et
1533 2913 1775 2940 emolumentis

125 2964 338 2990 fruebantur.
352 2962 448 2989 Unde
463 2969 579 2988 eorum
595 2961 707 2995 officia
724 2961 874 2995 ejusdem
890 2960 959 2988 fere
982 2961 1083 2995 pretii
1106 2965 1140 2988 et
1162 2960 1341 2995 dignitatis
1361 2961 1577 2988 habebantur
1600 2969 1639 2988 ac
1663 2963 1770 2988 eccle-

124 3012 252 3038 siarum
266 3011 506 3045 praebendae.
