2080 3392
326 192 394 230 lOo
836 188 1059 225 LlrrERAE
1085 195 1441 229 QUADRIMESTRES

1018 636 1265 691 GXCHI

400 869 446 906 P.
470 868 687 905 Antonius
709 866 853 903 Vinck

450 932 571 969 Patri
589 931 756 979 Ignatio
776 931 829 967 de
849 930 1034 977 Loyola.

495 997 711 1039 Messana.
729 996 752 1032 3
770 995 968 1042 januarii
989 994 1081 1031 1553
1100 993 1125 1028 ¹.

1090 1269 1187 1311 IHS

415 1486 598 1536 Gratia,
629 1497 721 1536 pax
749 1490 793 1524 et
824 1484 1144 1525 misericordia
1177 1484 1269 1524 dni.
1302 1484 1389 1523 nri.
1418 1483 1503 1523 Ies.
1533 1482 1605 1522 X}
1635 1481 1693 1521 sit
1721 1480 1965 1521 nobiscum

342 1569 540 1608 semper.
562 1556 729 1596 Amen.

414 1628 666 1667 Honestius
687 1627 873 1678 quidem
894 1632 1031 1675 esset,
1050 1625 1099 1665 P.
1118 1625 1165 1665 in
1185 1625 1269 1665 X.0
1290 1623 1730 1673 observandissime,
1750 1627 1962 1661 nostram

334 1698 599 1738 socordiam
626 1698 788 1749 paucis
815 1697 1015 1747 ingenue
1043 1696 1203 1746 fateri,
1233 1695 1322 1735 nisi
1348 1706 1435 1734 nos
1463 1701 1506 1734 et
1534 1693 1860 1733 sanctissimae
1889 1693 1965 1732 lex

336 1768 623 1808 obedientiae
654 1774 867 1818 cogeret,
899 1776 942 1807 et
973 1773 1050 1807 tua
1071 1766 1336 1817 benignitas
1363 1765 1606 1814 invitaret,
1631 1770 1701 1814 ut,
1726 1763 1967 1815 quantula·

335 1851 531 1890 cumque
552 1845 679 1889 sunt,
706 1850 823 1890 quae
846 1838 1071 1889 proximis
1092 1843 1293 1889 quatuor
1325 1836 1561 1876 mensibus
1591 1835 1664 1875 hic
1696 1840 1855 1874 nostro
1886 1833 1967 1873 mi-

334 1910 525 1950 nisterio
542 1909 771 1949 Dominus
788 1909 943 1949 facere
961 1909 1180 1960 dignatus
1200 1913 1284 1958 est,
1304 1918 1465 1947 eorum
1485 1912 1529 1946 te
1550 1906 1677 1946 hisce
1700 1905 1845 1945 literis
1870 1916 1966 1944 cer-

337 1981 505 2020 tiorem
526 1980 802 2020 faceremus.

416 2050 545 2101 Quae
567 2058 616 2090 ut
638 2051 729 2090 iam
752 2049 1017 2101 aggrediar,
1043 2050 1154 2089 illud
1177 2048 1404 2099 imprimis
1425 2047 1593 2087 habeto
1613 2058 1620 2094 ;
1651 2046 1773 2098 quod
1805 2045 1863 2085 ad
1891 2045 1968 2085 do—

335 2122 554 2161 mesticos
577 2122 741 2161 attinet
760 2120 830 2170 (de
851 2121 922 2160 his
944 2120 1066 2160 enim
1086 2120 1287 2171 primum
1309 2119 1442 2170 quasi
1464 2117 1695 2169 quaedam
1716 2117 1827 2156 mihi
1844 2116 1966 2155 ratio

336 2191 573 2232 reddenda
601 2192 709 2242 est),
744 2202 917 2242 magna
952 2191 997 2230 in
1026 2202 1142 2242 pace
1174 2196 1218 2230 et
1245 2190 1385 2229 animi
1414 2189 1566 2240 quiete
1598 2199 1759 2227 omnes
1786 2187 1966 2236 vivere,

337 2269 435 2302 tum
469 2263 669 2302 orationi
703 2274 758 2310 ac
793 2262 992 2301 caeteris
1026 2260 1314 2312 spiritalibus
1348 2259 1585 2299 exercitiis
1620 2258 1887 2308 diligentius
1920 2257 1967 2297 in

337 2333 434 2372 dies
455 2333 711 2372 intendere.
744 2331 878 2382 Quod
908 2331 1094 2382 quidem
1115 2330 1226 2370 nihil
1247 2330 1419 2380 minus,
1443 2330 1533 2369 imo
1556 2340 1669 2368 vero
1693 2328 1797 2378 (nisi
1819 2328 1969 2379 pudor

338 2410 406 2442 cst
428 2404 516 2443 hoc
539 2403 708 2452 dicere)
731 2403 875 2442 multo
897 2402 1037 2441 etiam
1059 2401 1210 2451 magis
1233 2392 1288 2440 de
1309 2400 1366 2440 iis
1388 2400 1600 2450 accipere
1623 2399 1786 2449 debes,
1818 2398 1896 2450 qui
1920 2398 1968 2437 in

338 2474 473 2513 domo
495 2473 785 2525 probationis
806 2473 951 2512 vitam
974 2478 1132 2522 agunt.
1157 2471 1206 2511 In
1228 2471 1415 2522 quibus,
1449 2471 1535 2510 etsi
1563 2471 1707 2510 multa
1736 2475 1843 2509 sunt
1873 2469 1969 2508 lau-

340 2545 525 2595 dabilia,
544 2543 657 2584 nihil
678 2551 836 2584 tamen
856 2543 1036 2594 gratius
1057 2542 1263 2582 cernitur
1284 2553 1423 2593 quam
1441 2541 1707 2581 constantia
1727 2539 1967 2580 confirma·

338 2616 491 2666 tioque
514 2615 656 2654 animi
676 2615 722 2654 in
751 2615 839 2654 hoc
869 2620 1030 2653 nostro
1058 2613 1183 2653 Vitae
1212 2613 1437 2652 instituto.
1468 2611 1558 2651 Par
1589 2617 1657 2651 est
1686 2617 1729 2650 et
1751 2611 1797 2650 in
1824 2610 1971 2650 literis

338 2685 597 2736 profectus;
630 2685 707 2735 qui
735 2685 781 2723 in
809 2683 1102 2723 scholasticis
1130 2682 1398 2722 domesticis
1425 2687 1582 2721 tantus
1612 2687 1799 2731 tamque
1827 2680 1969 2719 mani-

394 2845 404 2862 ¹
444 2843 720 2877 Autographum,
744 2850 843 2869 manu
866 2842 979 2870 Patris
1002 2842 1180 2869 Annibalis
1204 2842 1243 2868 de
1266 2841 1432 2868 Coudreto
1455 2841 1645 2867 confectum
1666 2844 1698 2866 et
1721 2847 1740 2866 a
1762 2839 1797 2866 P.
1821 2838 1971 2866 Antonio

339 2890 451 2916 Vinck
467 2891 705 2924 subscriptum,
722 2891 754 2917 in
770 2890 848 2916 folio
864 2890 998 2924 duplici,
1013 2897 1066 2915 nn.
1086 2889 1134 2915 136
1148 2893 1181 2915 et
1198 2888 1359 2915 137.—Est
1375 2888 1478 2915 etiam
1495 2888 1700 2921 exemplum,
1718 2887 1799 2913 item
1814 2890 1971 2919 autogra-

340 2937 452 2971 phum,
468 2944 568 2964 manu
584 2937 687 2970 ipsius
703 2936 892 2969 Annibalis,
907 2937 939 2963 in
954 2936 1033 2963 folio
1049 2936 1154 2968 n.138‚
1171 2936 1257 2969 quod
1272 2943 1313 2962 ex
1329 2935 1450 2968 lituris,
1467 2933 1664 2967 emendatis,
1681 2933 1882 2967 sappi-essm,
1899 2940 1967 2959 mu·

341 2984 424 3011 tatis
439 2988 471 3010 et
487 2984 611 3011 additis
627 2984 740 3010 verbis
755 2987 848 3010 certo
864 2987 1006 3017 apparet
1023 2983 1260 3010 adversarium
1276 2990 1347 3009 esse
1364 2986 1496 3009 tantum
1511 2981 1653 3008 alterius
1669 2979 1887 3014 autographi.
