2080 3392
340 201 412 238 110
850 199 1075 236 LITTERAE
1102 206 1461 240 QUADRIMESTRES

423 295 772 347 Sztperscrz‘ptz'o
794 294 843 333 in
865 296 1037 344 quarta
1062 292 1268 344 pagina:
1288 293 1315 338 †
1335 292 1463 332 Iesus
1482 293 1509 339 †
1529 291 1629 331 R.d0
1650 292 1695 331 in
1719 292 1858 332 Chro.
1882 291 1968 331 Pa—

343 368 403 408 tri
430 368 532 407 M.1'0
560 366 741 416 Ignatio
771 365 826 404 de
853 364 1051 414 Loyola,
1069 363 1338 415 praeposito
1361 362 1599 402 societatis
1621 361 1722 402 Iesu
1741 363 1965 414 generali,

341 438 534 479 Romae.

424 510 486 549 Et
507 508 602 548 alsa
625 517 793 546 mmm:
814 505 885 545 Ex
907 505 1139 544 Messana.

424 580 487 619 Et
508 579 629 618 alia:
652 577 704 628 Q.
729 575 934 616 Messina
955 575 1026 625 53,
1050 574 1075 613 3
1096 574 1142 614 di
1164 573 1366 614 Genaro.

1047 1000 1278 1054 CXCIV

420 1231 634 1269 Martinus
657 1229 864 1267 Gewarts

468 1296 590 1333 Patri
609 1295 776 1341 Ignatio
797 1294 850 1331 de
870 1293 1051 1340 Loyola.

518 1360 700 1404 Vienna,
722 1360 743 1396 Ε)
763 1359 959 1405 januarii
981 1358 1072 1395 1553
1092 1359 1114 1392 ¹.

1112 1565 1209 1606 IHs

434 1780 597 1820 Gratia
627 1780 813 1820 Domini
841 1778 998 1819 Nostri
1034 1778 1136 1818 Iesu
1165 1777 1336 1818 Christi
1363 1783 1407 1817 et
1436 1787 1530 1827 pax
1551 1786 1665 1814 vera
1697 1779 1981 1824 aeternaque

354 1851 608 1891 nobiscum.
632 1851 797 1891 Amen.

433 1922 533 1962 Etsi
571 1921 752 1961 difficile
791 1922 901 1961 mihi
941 1927 985 1960 et
1024 1921 1260 1960 insolitum
1300 1919 1358 1959 sit
1405 1918 1492 1957 hoc
1538 1916 1771 1956 scribendi
1815 1925 1980 1966 genus,

355 1993 454 2033 Rde
484 1993 556 2043 R,
583 2005 672 2043 quo
693 2004 768 2032 res
796 1993 1036 2042 praeclare
1063 1997 1224 2042 gestae
1252 1995 1437 2041 patrum
1465 1988 1753 2037 fratrumque
1782 1991 1983 2025 tractan-

354 2070 444 2115 tur,
467 2075 558 2103 non
582 2063 840 2114 captandae
862 2063 1054 2114 quidem.
1068 2062 1320 2110 humanae,
1345 2060 1426 2099 sed
1447 2058 1619 2099 Christi
1640 2056 1984 2108 praedicandae

357 2141 401 2174 et
429 2134 734 2174 celebrandae
761 2134 940 2183 gloriae
970 2144 1135 2181 causa,
1169 2138 1326 2171 tamen
1357 2129 1647 2170 obedientiae
1675 2126 1984 2179 praestandae

356 2205 455 2245 iure
477 2212 520 2244 et
542 2216 699 2244 amore
721 2215 1035 2253 commoveor,
1059 2209 1107 2242 ut
1129 2202 1253 2254 quod
1275 2207 1343 2241 est
1364 2200 1478 2240 meis
1500 2199 1706 2239 humeris
1727 2198 1985 2238 iniunctum

358 2287 476 2315 onus
497 2275 743 2324 scribendi,
767 2286 859 2314 non
881 2275 1110 2324 patienter
1132 2272 1268 2312 modo
1303 2271 1383 2311 sed
1409 2271 1620 2310 lubenter
1651 2280 1832 2320 quoque
1861 2279 1984 2307 nunc

358 2347 626 2386 sustineam.
651 2345 791 2396 ldque
809 2351 938 2384 tanto
956 2344 1188 2383 lubentius
1204 2342 1413 2393 profecto
1436 2341 1573 2391 facio,
1594 2352 1683 2392 quo
1706 2340 1907 2379 maiores
1922 2338 1986 2377 illi

358 2417 537 2468 gratias
555 2417 715 2463 debeo,
737 2416 813 2466 qui
831 2427 914 2466 pro
1122 2413 1134 2431 ²
1152 2414 1197 2452 in
1214 2424 1286 2452 me
1302 2412 1510 2451 bonitate
1528 2423 1613 2450 sua
1629 2422 1722 2450 non
1738 2415 1810 2449 sat
1826 2409 1986 2449 habuit

362 2487 419 2528 ad
434 2487 635 2538 purioris
648 2487 774 2526 vitae
786 2486 913 2525 viam
925 2483 1165 2524 sordidum
1180 2494 1422 2531 revocare,
1443 2482 1525 2521 sed
1537 2482 1676 2521 etiam
1688 2481 1735 2520 in
1746 2480 1868 2519 hanc
1884 2490 1984 2519 san-

414 2669 423 2688 1
463 2668 738 2702 Autographum‚
761 2672 869 2695 totum
893 2675 992 2694 manu
1016 2667 1118 2701 ipsius
1139 2665 1287 2699 Martini„
1311 2666 1342 2693 in
1367 2666 1446 2692 folio
1470 2665 1595 2699 duplici
1619 2672 1672 2691 nn.
1695 2664 1745 2691 107
1760 2667 1793 2690 et
1808 2662 1869 2690 108.
1891 2662 1928 2689 In
1951 2670 1988 2688 eo

360 2716 483 2742 attrita
498 2716 648 2742 nonnihil
664 2720 715 2742 est
731 2715 851 2742 charta
872 2715 905 2742 in
921 2714 1029 2741 medio
1046 2714 1077 2740 in
1095 2721 1159 2747 qua
1179 2717 1278 2747 parte
1295 2713 1372 2740 olim
1388 2713 1517 2747 plicata
1533 2713 1612 2746 suit;
1630 2719 1733 2746 quare
1755 2711 1989 2737 desiderantur

361 2763 394 2789 in
409 2762 560 2789 omnibus
575 2762 707 2796 paginis
725 2762 891 2795 quaedam
905 2761 1022 2795 verba;
1035 2761 1093 2787 sed
1108 2760 1242 2787 curavit
1264 2767 1303 2786 ea
1319 2760 1400 2794 ipse,
1416 2763 1452 2786 ut
1469 2760 1614 2793 videtur,
1631 2758 1797 2785 Martinus
1811 2756 1844 2783 in
1859 2764 1989 2784 summa

361 2809 571 2842 singularum
587 2809 790 2842 paginarum
807 2815 868 2835 ora
882 2808 1041 2840 scribere,
1058 2807 1152 2841 signo
1168 2807 1282 2834 addito
1299 2811 1334 2833 ut
1352 2814 1409 2834 suo
1426 2814 1577 2841 quaeque
1594 2807 1665 2832 loco
1680 2805 1797 2839 reponi
1810 2804 1988 2838 possint.—

362 2856 534 2883 Habemus
550 2856 653 2882 etiam
670 2856 701 2882 in
717 2855 879 2882 Historia
894 2856 1009 2888 varia,
1024 2855 1089 2882 vol.
1105 2861 1126 2888 1,
1143 2854 1274 2888 f01.303,
1291 2854 1501 2888 castigatum
1516 2853 1751 2887 apographum
1766 2851 1872 2878 Roma
1887 2850 1920 2877 in
1935 2850 1991 2878 Hi-

361 2904 516 2938 spaniam
531 2904 681 2931 missum.

417 2950 430 2970 2
469 2950 615 2977 Abscisa
630 2958 688 2977 seu
704 2950 828 2977 attrita
844 2950 989 2977 chartae
1005 2957 1081 2983 ora,
1097 2949 1190 2976 deest
1208 2949 1261 2975 hic
1277 2949 1437 2981 verbum,
1462 2948 1549 2982 quod
1570 2947 1670 2974 facile
1689 2945 1763 2980 quis
1783 2944 1988 2979 conjectabit

365 3004 438 3024 esse
454 3005 584 3030 magna
601 2998 655 3024 vel
669 2997 812 3024 eximia.
