2080 3392
846 171 929 208 AN.
962 171 1052 208 1553
1702 171 1773 207 377

212 268 357 307 Deest
377 267 741 319 superscriptio,
761 268 845 307 sed
858 301 870 318 ,
900 268 1006 320 ejus
1033 268 1133 308 loco
1148 301 1159 319 ,
1188 268 1285 308 alia
1313 269 1369 308 ab
1396 268 1585 309 Erardl
1608 281 1773 319 manu,

128 340 244 379 llaec
277 343 415 379 sunt:
448 340 584 380 Lrae.
617 339 643 378 4
668 340 919 391 mensium,
952 351 1009 380 ex
1036 339 1222 380 Vienna
1255 339 1662 381 Austriae.——Cal.
1696 339 1771 380 Se-

133 411 377 462 ptembris,
403 411 519 451 1553.

213 482 277 521 Et
299 481 395 522 alia
416 494 588 534 mann,
615 482 873 531 calamum,
899 486 953 522 ut
980 482 1195 532 videtur,
1221 482 1270 522 in
1301 483 1388 522 lzac
1417 487 1592 534 quarta
1620 483 1772 523 nitida

128 553 317 604 pagina
338 557 574 594 tentante:
595 553 669 594 del
688 554 890 604 giardin.

154 869 156 871 ,
212 836 282 876 De
305 837 347 876 lo
372 842 582 887 scopato.

821 1265 1090 1320 GCXLII

208 1496 254 1534 P.
277 1495 435 1533 Petrus
456 1495 716 1554 Domenech

258 1562 380 1600 Patri
398 1561 567 1609 ignatio
586 1562 639 1599 de
658 1561 843 1609 Loyola.

303 1627 586 1672 Vallisoleto,
610 1628 626 1664 1
649 1626 921 1675 Septembris
945 1627 1036 1665 1553
1055 1628 1080 1662 ¹.

900 1837 998 1879 IHS

213 2051 483 2092 Admodum
503 2050 604 2092 R.de
625 2051 764 2092 Pater
787 2052 831 2092 iu
855 2051 1056 2092 Christo.

215 2122 379 2163 Gratia
410 2129 454 2163 et
483 2123 745 2164 benedictio
777 2123 1036 2164 dulcissimi
1069 2121 1259 2163 Domini
1289 2123 1439 2163 nostri
1465 2122 1577 2176 Jesu
1604 2121 1779 2162 Christi

134 2195 193 2235 sit
217 2206 324 2235 cum
346 2195 576 2235 omnibus.
602 2195 769 2235 Amen.

214 2265 275 2306 Ut
296 2265 585 2306 satisfaciam
613 2265 815 2306 Sanctae
841 2265 1042 2317 jussioni
1063 2271 1171 2306 tuae
1191 2264 1315 2306 Rstiae
1338 2264 1437 2306 P.tis
1463 2271 1507 2305 et
1528 2265 1677 2317 patris
1699 2276 1775 2304 no-

132 2337 218 2377 stri
240 2336 474 2377 Gonzalez
502 2336 536 2387 ²,
567 2336 698 2388 cujus
726 2337 1062 2389 occupationes
1090 2337 1137 2377 in
1167 2337 1266 2377 dies
1298 2343 1555 2388 augentur,
1591 2336 1777 2387 suscepi

134 2419 253 2449 onus
287 2408 467 2448 Viribus
502 2408 617 2448 meis
651 2409 823 2461 impar3
863 2420 1030 2449 verum
1059 2408 1241 2449 confido
1278 2408 1589 2449 obedientiam
1626 2408 1776 2459 ipsam

135 2480 472 2531 praestituram
495 2479 634 2520 vires.

214 2551 319 2592 Non
340 2551 509 2590 minori
530 2550 853 2592 misericordia
874 2551 1105 2592 Dominus
1126 2559 1285 2593 noster
1315 2563 1416 2592 sese
1444 2551 1578 2591 nobis
1601 2549 1777 2601 adjuto-

133 2634 231 2662 rem
266 2622 355 2662 hoc
390 2622 722 2673 quadrimestri
757 2623 966 2663 exhibuit
1004 2635 1144 2675 quam
1183 2623 1438 2675 praeterito
1474 2629 1520 2663 et
1555 2622 1779 2672 deinceps

132 2693 450 2733 exhibiturum
471 2693 518 2733 in
539 2692 637 2745 ejus
659 2693 819 2734 divina
840 2694 1048 2734 bonitate
1071 2694 1360 2735 confidimus.
1386 2694 1435 2734 In
1467 2694 1554 2733 hoc
1585 2705 1778 2733 muncrc

71 2784 76 2789 -
135 2764 474 2804 audiendarum
497 2764 846 2805 confessionum
866 2765 999 2806 nobis
1023 2777 1050 2805 a
1071 2765 1276 2805 Domino
1298 2765 1548 2805 commisso
1567 2773 1664 2805 tam
1686 2777 1778 2804 am-

134 2836 211 2887 pla
237 2847 340 2876 sese
371 2835 503 2875 offert
534 2835 739 2887 quotidie
770 2837 967 2876 materia
998 2843 1042 2877 et
1075 2837 1288 2887 occasio,
1322 2844 1367 2877 et
1399 2836 1515 2876 adeo
1547 2836 1779 2876 excrescit

193 2948 201 2968 ¹
244 2948 505 2983 Autographae,
522 2949 555 2976 in
570 2949 694 2983 duplici
712 2949 800 2982 folio,
818 2957 848 2976 n.
863 2950 908 2983 38,
925 2950 1003 2977 olim
1017 2949 1062 2977 39.

191 2996 203 3015 ‘2
242 2996 277 3024 P.
292 2996 439 3029 Joannes
455 2996 634 3031 Gonzalez,
651 2996 794 3031 Collegii
810 2996 945 3024 Rector.
