<?xml version="1.0" encoding="UTF-8"?>
<!DOCTYPE html PUBLIC "-//W3C//DTD XHTML 1.0 Transitional//EN"
    "http://www.w3.org/TR/xhtml1/DTD/xhtml1-transitional.dtd">
<html xmlns="http://www.w3.org/1999/xhtml" xml:lang="en" lang="en">
 <head>
  <title>
</title>
<meta http-equiv="Content-Type" content="text/html;charset=utf-8" />
  <meta name='ocr-system' content='tesseract 3.04.00' />
  <meta name='ocr-capabilities' content='ocr_page ocr_carea ocr_par ocr_line ocrx_word'/>
</head>
<body>
  <div class='ocr_page' id='page_1' title='image "./litteraequadrime14lain_0579.png"; bbox 0 0 2080 3392; ppageno 0'>
   <div class='ocr_carea' id='block_1_1' title="bbox 852 167 1778 205">
    <p class='ocr_par' dir='ltr' id='par_1_1' title="bbox 852 167 1778 205">
     <span class='ocr_line' id='line_1_1' title="bbox 852 167 1778 205; baseline -0.002 0"><span class='ocrx_word' id='word_1_1' title='bbox 852 167 937 205; x_wconf 88' lang='lat' dir='ltr'>AN.</span> <span class='ocrx_word' id='word_1_2' title='bbox 968 168 1062 205; x_wconf 79' lang='lat'>1554</span> <span class='ocrx_word' id='word_1_3' title='bbox 1706 167 1778 204; x_wconf 85' lang='lat'>575</span> 
     </span>
    </p>
   </div>
   <div class='ocr_carea' id='block_1_2' title="bbox 124 263 1816 3028">
    <p class='ocr_par' dir='ltr' id='par_1_2' title="bbox 124 263 1777 602">
     <span class='ocr_line' id='line_1_2' title="bbox 124 263 1772 317; baseline -0.002 -9"><span class='ocrx_word' id='word_1_4' title='bbox 124 267 314 308; x_wconf 87' lang='lat' dir='ltr'>tametsi</span> <span class='ocrx_word' id='word_1_5' title='bbox 340 266 576 317; x_wconf 88' lang='lat' dir='ltr'>doctrina,</span> <span class='ocrx_word' id='word_1_6' title='bbox 608 266 782 317; x_wconf 91' lang='lat' dir='ltr'>pietate</span> <span class='ocrx_word' id='word_1_7' title='bbox 812 276 926 305; x_wconf 90' lang='lat' dir='ltr'>sane</span> <span class='ocrx_word' id='word_1_8' title='bbox 957 266 1106 305; x_wconf 91' lang='lat' dir='ltr'>altero</span> <span class='ocrx_word' id='word_1_9' title='bbox 1133 275 1434 316; x_wconf 80' lang='lat' dir='ltr'>nequaquam</span> <span class='ocrx_word' id='word_1_10' title='bbox 1466 269 1535 304; x_wconf 91' lang='lat' dir='ltr'>est</span> <span class='ocrx_word' id='word_1_11' title='bbox 1563 263 1772 305; x_wconf 88' lang='lat' dir='ltr'>inferior.</span> 
     </span>
     <span class='ocr_line' id='line_1_3' title="bbox 126 334 1777 390; baseline -0.002 -12"><span class='ocrx_word' id='word_1_12' title='bbox 126 339 227 379; x_wconf 93' lang='lat' dir='ltr'>Hos</span> <span class='ocrx_word' id='word_1_13' title='bbox 247 338 378 379; x_wconf 92' lang='lat' dir='ltr'>Deus</span> <span class='ocrx_word' id='word_1_14' title='bbox 407 344 507 390; x_wconf 89' lang='lat' dir='ltr'>opt.</span> <span class='ocrx_word' id='word_1_15' title='bbox 535 349 660 378; x_wconf 82' lang='lat' dir='ltr'>max.</span> <span class='ocrx_word' id='word_1_16' title='bbox 692 336 851 377; x_wconf 89' lang='lat' dir='ltr'>fideles</span> <span class='ocrx_word' id='word_1_17' title='bbox 879 335 1130 388; x_wconf 90' lang='lat' dir='ltr'>aliquando</span> <span class='ocrx_word' id='word_1_18' title='bbox 1161 335 1298 376; x_wconf 89' lang='lat' dir='ltr'>huius</span> <span class='ocrx_word' id='word_1_19' title='bbox 1326 336 1452 386; x_wconf 91' lang='lat' dir='ltr'>agri,</span> <span class='ocrx_word' id='word_1_20' title='bbox 1486 334 1607 375; x_wconf 87' lang='lat' dir='ltr'>aridi</span> <span class='ocrx_word' id='word_1_21' title='bbox 1637 335 1777 386; x_wconf 87' lang='lat' dir='ltr'>plane</span> 
     </span>
     <span class='ocr_line' id='line_1_4' title="bbox 129 407 1776 461; baseline -0.002 -11"><span class='ocrx_word' id='word_1_22' title='bbox 129 415 174 450; x_wconf 90' lang='lat' dir='ltr'>et</span> <span class='ocrx_word' id='word_1_23' title='bbox 196 409 345 450; x_wconf 90' lang='lat' dir='ltr'>divini</span> <span class='ocrx_word' id='word_1_24' title='bbox 366 421 483 461; x_wconf 91' lang='lat' dir='ltr'>pene</span> <span class='ocrx_word' id='word_1_25' title='bbox 505 408 695 449; x_wconf 88' lang='lat' dir='ltr'>seminis</span> <span class='ocrx_word' id='word_1_26' title='bbox 717 407 937 459; x_wconf 82' lang='lat' dir='ltr'>expertis,</span> <span class='ocrx_word' id='word_1_27' title='bbox 962 407 1131 447; x_wconf 88' lang='lat' dir='ltr'>efficiat</span> <span class='ocrx_word' id='word_1_28' title='bbox 1153 407 1380 457; x_wconf 89' lang='lat' dir='ltr'>cultores,</span> <span class='ocrx_word' id='word_1_29' title='bbox 1405 417 1607 458; x_wconf 91' lang='lat' dir='ltr'>quorum</span> <span class='ocrx_word' id='word_1_30' title='bbox 1633 417 1776 458; x_wconf 91' lang='lat' dir='ltr'>penu-</span> 
     </span>
     <span class='ocr_line' id='line_1_5' title="bbox 127 478 1775 530; baseline -0.002 -9"><span class='ocrx_word' id='word_1_31' title='bbox 127 481 250 521; x_wconf 90' lang='lat' dir='ltr'>riam</span> <span class='ocrx_word' id='word_1_32' title='bbox 270 480 438 521; x_wconf 82' lang='lat' dir='ltr'>acerbe</span> <span class='ocrx_word' id='word_1_33' title='bbox 459 479 703 530; x_wconf 89' lang='lat' dir='ltr'>deflemus,</span> <span class='ocrx_word' id='word_1_34' title='bbox 728 490 869 530; x_wconf 88' lang='lat' dir='ltr'>quarn</span> <span class='ocrx_word' id='word_1_35' title='bbox 888 478 1006 518; x_wconf 92' lang='lat' dir='ltr'>haec</span> <span class='ocrx_word' id='word_1_36' title='bbox 1028 478 1139 518; x_wconf 90' lang='lat' dir='ltr'>urbs</span> <span class='ocrx_word' id='word_1_37' title='bbox 1160 478 1383 530; x_wconf 89' lang='lat' dir='ltr'>perusina</span> <span class='ocrx_word' id='word_1_38' title='bbox 1412 484 1598 529; x_wconf 86' lang='lat' dir='ltr'>praeter</span> <span class='ocrx_word' id='word_1_39' title='bbox 1625 482 1775 518; x_wconf 88' lang='lat' dir='ltr'>caete-</span> 
     </span>
     <span class='ocr_line' id='line_1_6' title="bbox 131 549 1019 602; baseline -0.003 -10"><span class='ocrx_word' id='word_1_40' title='bbox 131 563 212 592; x_wconf 85' lang='lat' dir='ltr'>ras</span> <span class='ocrx_word' id='word_1_41' title='bbox 233 552 430 592; x_wconf 91' lang='lat' dir='ltr'>nimium</span> <span class='ocrx_word' id='word_1_42' title='bbox 450 551 738 602; x_wconf 90' lang='lat' dir='ltr'>nimiumque</span> <span class='ocrx_word' id='word_1_43' title='bbox 759 549 1019 602; x_wconf 84' lang='lat' dir='ltr'>experitur.</span> 
     </span>
    </p>

    <p class='ocr_par' dir='ltr' id='par_1_3' title="bbox 129 619 1788 1246">
     <span class='ocr_line' id='line_1_7' title="bbox 210 619 1780 672; baseline -0.002 -10"><span class='ocrx_word' id='word_1_44' title='bbox 210 622 263 662; x_wconf 89' lang='lat' dir='ltr'>In</span> <span class='ocrx_word' id='word_1_45' title='bbox 291 622 486 672; x_wconf 89' lang='lat' dir='ltr'>scholis,</span> <span class='ocrx_word' id='word_1_46' title='bbox 521 622 560 662; x_wconf 91' lang='lat' dir='ltr'>si</span> <span class='ocrx_word' id='word_1_47' title='bbox 588 633 684 662; x_wconf 92' lang='lat' dir='ltr'>non</span> <span class='ocrx_word' id='word_1_48' title='bbox 710 631 952 670; x_wconf 89' lang='lat' dir='ltr'>numerus,</span> <span class='ocrx_word' id='word_1_49' title='bbox 984 626 1241 671; x_wconf 88' lang='lat' dir='ltr'>proventus</span> <span class='ocrx_word' id='word_1_50' title='bbox 1268 626 1427 660; x_wconf 88' lang='lat' dir='ltr'>tamen</span> <span class='ocrx_word' id='word_1_51' title='bbox 1454 619 1780 672; x_wconf 79' lang='lat' dir='ltr'>undecumque</span> 
     </span>
     <span class='ocr_line' id='line_1_8' title="bbox 133 691 1784 745; baseline -0.002 -11"><span class='ocrx_word' id='word_1_52' title='bbox 133 699 348 745; x_wconf 86' lang='lat' dir='ltr'>augetur,</span> <span class='ocrx_word' id='word_1_53' title='bbox 372 699 621 745; x_wconf 89' lang='lat' dir='ltr'>parentum</span> <span class='ocrx_word' id='word_1_54' title='bbox 647 692 825 744; x_wconf 84' lang='lat' dir='ltr'>passim</span> <span class='ocrx_word' id='word_1_55' title='bbox 850 691 1119 732; x_wconf 88' lang='lat' dir='ltr'>testimonio</span> <span class='ocrx_word' id='word_1_56' title='bbox 1147 697 1300 741; x_wconf 89' lang='lat' dir='ltr'>ratus,</span> <span class='ocrx_word' id='word_1_57' title='bbox 1331 692 1410 742; x_wconf 89' lang='lat' dir='ltr'>qui</span> <span class='ocrx_word' id='word_1_58' title='bbox 1437 692 1617 743; x_wconf 91' lang='lat' dir='ltr'>prolem</span> <span class='ocrx_word' id='word_1_59' title='bbox 1647 702 1784 731; x_wconf 89' lang='lat' dir='ltr'>suam</span> 
     </span>
     <span class='ocr_line' id='line_1_9' title="bbox 129 762 1784 818; baseline -0.002 -12"><span class='ocrx_word' id='word_1_60' title='bbox 129 766 337 818; x_wconf 86' lang='lat' dir='ltr'>quotidie</span> <span class='ocrx_word' id='word_1_61' title='bbox 360 771 404 805; x_wconf 94' lang='lat' dir='ltr'>et</span> <span class='ocrx_word' id='word_1_62' title='bbox 425 765 810 816; x_wconf 87' lang='lat' dir='ltr'>compositiorem</span> <span class='ocrx_word' id='word_1_63' title='bbox 831 770 874 804; x_wconf 93' lang='lat' dir='ltr'>et</span> <span class='ocrx_word' id='word_1_64' title='bbox 896 762 1199 803; x_wconf 81' lang='lat' dir='ltr'>eruditiorem</span> <span class='ocrx_word' id='word_1_65' title='bbox 1222 763 1599 814; x_wconf 91' lang='lat' dir='ltr'>deprehendunt.</span> <span class='ocrx_word' id='word_1_66' title='bbox 1630 763 1784 814; x_wconf 89' lang='lat' dir='ltr'>Roga-</span> 
     </span>
     <span class='ocr_line' id='line_1_10' title="bbox 130 834 1785 889; baseline -0.002 -12"><span class='ocrx_word' id='word_1_67' title='bbox 130 843 206 878; x_wconf 89' lang='lat' dir='ltr'>tus</span> <span class='ocrx_word' id='word_1_68' title='bbox 233 836 424 889; x_wconf 90' lang='lat' dir='ltr'>quidam</span> <span class='ocrx_word' id='word_1_69' title='bbox 455 848 538 876; x_wconf 90' lang='lat' dir='ltr'>cur</span> <span class='ocrx_word' id='word_1_70' title='bbox 566 848 624 876; x_wconf 77' lang='lat' dir='ltr'>ex</span> <span class='ocrx_word' id='word_1_71' title='bbox 655 836 855 876; x_wconf 88' lang='lat' dir='ltr'>aliorum</span> <span class='ocrx_word' id='word_1_72' title='bbox 883 836 1121 886; x_wconf 88' lang='lat' dir='ltr'>palaestra</span> <span class='ocrx_word' id='word_1_73' title='bbox 1150 834 1297 874; x_wconf 89' lang='lat' dir='ltr'>filium</span> <span class='ocrx_word' id='word_1_74' title='bbox 1323 846 1459 875; x_wconf 91' lang='lat' dir='ltr'>suum</span> <span class='ocrx_word' id='word_1_75' title='bbox 1494 835 1541 875; x_wconf 92' lang='lat' dir='ltr'>in</span> <span class='ocrx_word' id='word_1_76' title='bbox 1572 840 1785 875; x_wconf 91' lang='lat' dir='ltr'>nostram</span> 
     </span>
     <span class='ocr_line' id='line_1_11' title="bbox 132 906 1786 959; baseline -0.002 -10"><span class='ocrx_word' id='word_1_77' title='bbox 132 909 427 958; x_wconf 85' lang='lat' dir='ltr'>deduxisset,</span> <span class='ocrx_word' id='word_1_78' title='bbox 466 908 575 957; x_wconf 88' lang='lat' dir='ltr'>hoc,</span> <span class='ocrx_word' id='word_1_79' title='bbox 606 907 777 959; x_wconf 85' lang='lat' dir='ltr'>inquit,</span> <span class='ocrx_word' id='word_1_80' title='bbox 809 906 1010 955; x_wconf 87' lang='lat' dir='ltr'>veritus,</span> <span class='ocrx_word' id='word_1_81' title='bbox 1040 917 1098 945; x_wconf 91' lang='lat' dir='ltr'>ne</span> <span class='ocrx_word' id='word_1_82' title='bbox 1129 912 1173 945; x_wconf 88' lang='lat' dir='ltr'>et</span> <span class='ocrx_word' id='word_1_83' title='bbox 1195 906 1352 946; x_wconf 90' lang='lat' dir='ltr'>animo</span> <span class='ocrx_word' id='word_1_84' title='bbox 1375 917 1560 957; x_wconf 89' lang='lat' dir='ltr'>quoque</span> <span class='ocrx_word' id='word_1_85' title='bbox 1583 917 1786 946; x_wconf 90' lang='lat' dir='ltr'>mancus</span> 
     </span>
     <span class='ocr_line' id='line_1_12' title="bbox 133 977 1784 1032; baseline -0.002 -12"><span class='ocrx_word' id='word_1_86' title='bbox 133 991 328 1032; x_wconf 88' lang='lat' dir='ltr'>prorsus</span> <span class='ocrx_word' id='word_1_87' title='bbox 348 979 639 1029; x_wconf 86' lang='lat' dir='ltr'>redderetur;</span> <span class='ocrx_word' id='word_1_88' title='bbox 664 984 765 1018; x_wconf 92' lang='lat' dir='ltr'>erat</span> <span class='ocrx_word' id='word_1_89' title='bbox 786 978 911 1018; x_wconf 89' lang='lat' dir='ltr'>enim</span> <span class='ocrx_word' id='word_1_90' title='bbox 930 977 1038 1017; x_wconf 90' lang='lat' dir='ltr'>huic</span> <span class='ocrx_word' id='word_1_91' title='bbox 1068 977 1268 1017; x_wconf 76' lang='lat' dir='ltr'>monstri</span> <span class='ocrx_word' id='word_1_92' title='bbox 1297 977 1453 1028; x_wconf 89' lang='lat' dir='ltr'>potius</span> <span class='ocrx_word' id='word_1_93' title='bbox 1474 989 1616 1029; x_wconf 88' lang='lat' dir='ltr'>quam</span> <span class='ocrx_word' id='word_1_94' title='bbox 1639 977 1784 1017; x_wconf 94' lang='lat' dir='ltr'>homi-</span> 
     </span>
     <span class='ocr_line' id='line_1_13' title="bbox 134 1048 1788 1102; baseline -0.001 -11"><span class='ocrx_word' id='word_1_95' title='bbox 134 1051 209 1092; x_wconf 90' lang='lat' dir='ltr'>nis</span> <span class='ocrx_word' id='word_1_96' title='bbox 237 1050 428 1102; x_wconf 84' lang='lat' dir='ltr'>effigies.</span> <span class='ocrx_word' id='word_1_97' title='bbox 454 1049 546 1091; x_wconf 83' lang='lat' dir='ltr'>Sed</span> <span class='ocrx_word' id='word_1_98' title='bbox 566 1062 624 1090; x_wconf 91' lang='lat' dir='ltr'>ne</span> <span class='ocrx_word' id='word_1_99' title='bbox 646 1050 802 1090; x_wconf 91' lang='lat' dir='ltr'>omnia</span> <span class='ocrx_word' id='word_1_100' title='bbox 824 1049 1108 1099; x_wconf 88' lang='lat' dir='ltr'>studiorum,</span> <span class='ocrx_word' id='word_1_101' title='bbox 1133 1060 1189 1088; x_wconf 87' lang='lat' dir='ltr'>ac</span> <span class='ocrx_word' id='word_1_102' title='bbox 1210 1049 1491 1100; x_wconf 87' lang='lat' dir='ltr'>praesertim</span> <span class='ocrx_word' id='word_1_103' title='bbox 1521 1048 1788 1089; x_wconf 78' lang='lat' dir='ltr'>rhetoricae</span> 
     </span>
     <span class='ocr_line' id='line_1_14' title="bbox 136 1119 1784 1174; baseline -0.002 -11"><span class='ocrx_word' id='word_1_104' title='bbox 136 1128 181 1163; x_wconf 88' lang='lat' dir='ltr'>et</span> <span class='ocrx_word' id='word_1_105' title='bbox 200 1133 405 1174; x_wconf 81' lang='lat' dir='ltr'>graecae</span> <span class='ocrx_word' id='word_1_106' title='bbox 425 1121 772 1173; x_wconf 77' lang='lat' dir='ltr'>praelectionis,</span> <span class='ocrx_word' id='word_1_107' title='bbox 798 1119 1047 1161; x_wconf 90' lang='lat' dir='ltr'>commoda</span> <span class='ocrx_word' id='word_1_108' title='bbox 1069 1126 1113 1159; x_wconf 89' lang='lat' dir='ltr'>et</span> <span class='ocrx_word' id='word_1_109' title='bbox 1134 1119 1333 1170; x_wconf 75' lang='lat' dir='ltr'>fructUS‚</span> <span class='ocrx_word' id='word_1_110' title='bbox 1360 1120 1437 1171; x_wconf 90' lang='lat' dir='ltr'>qui</span> <span class='ocrx_word' id='word_1_111' title='bbox 1453 1120 1643 1171; x_wconf 88' lang='lat' dir='ltr'>plurimi</span> <span class='ocrx_word' id='word_1_112' title='bbox 1662 1125 1784 1171; x_wconf 83' lang='lat' dir='ltr'>sunt,</span> 
     </span>
     <span class='ocr_line' id='line_1_15' title="bbox 137 1193 803 1246; baseline -0.003 -12"><span class='ocrx_word' id='word_1_113' title='bbox 137 1205 411 1246; x_wconf 88' lang='lat' dir='ltr'>persequar,</span> <span class='ocrx_word' id='word_1_114' title='bbox 438 1193 529 1233; x_wconf 90' lang='lat' dir='ltr'>alio</span> <span class='ocrx_word' id='word_1_115' title='bbox 553 1193 803 1233; x_wconf 82' lang='lat' dir='ltr'>divertam.</span> 
     </span>
    </p>

    <p class='ocr_par' dir='ltr' id='par_1_4' title="bbox 139 1261 1816 3028">
     <span class='ocr_line' id='line_1_16' title="bbox 219 1261 1791 1314; baseline -0.003 -9"><span class='ocrx_word' id='word_1_116' title='bbox 219 1265 289 1306; x_wconf 89' lang='lat' dir='ltr'>Ea</span> <span class='ocrx_word' id='word_1_117' title='bbox 310 1265 434 1305; x_wconf 85' lang='lat' dir='ltr'>enim</span> <span class='ocrx_word' id='word_1_118' title='bbox 455 1264 641 1304; x_wconf 89' lang='lat' dir='ltr'>tametsi</span> <span class='ocrx_word' id='word_1_119' title='bbox 661 1264 920 1304; x_wconf 82' lang='lat' dir='ltr'>maximum</span> <span class='ocrx_word' id='word_1_120' title='bbox 947 1274 1119 1302; x_wconf 89' lang='lat' dir='ltr'>nomen</span> <span class='ocrx_word' id='word_1_121' title='bbox 1147 1273 1203 1302; x_wconf 90' lang='lat' dir='ltr'>ac</span> <span class='ocrx_word' id='word_1_122' title='bbox 1230 1262 1390 1312; x_wconf 89' lang='lat' dir='ltr'>fidem,</span> <span class='ocrx_word' id='word_1_123' title='bbox 1423 1274 1542 1314; x_wconf 89' lang='lat' dir='ltr'>quae</span> <span class='ocrx_word' id='word_1_124' title='bbox 1572 1261 1791 1302; x_wconf 89' lang='lat' dir='ltr'>iuvandis</span> 
     </span>
     <span class='ocr_line' id='line_1_17' title="bbox 140 1333 1792 1389; baseline -0.003 -12"><span class='ocrx_word' id='word_1_125' title='bbox 140 1337 368 1389; x_wconf 80' lang='lat' dir='ltr'>proximis</span> <span class='ocrx_word' id='word_1_126' title='bbox 405 1336 636 1387; x_wconf 81' lang='lat' dir='ltr'>singulari</span> <span class='ocrx_word' id='word_1_127' title='bbox 664 1335 932 1376; x_wconf 89' lang='lat' dir='ltr'>adiumento</span> <span class='ocrx_word' id='word_1_128' title='bbox 965 1341 1056 1385; x_wconf 88' lang='lat' dir='ltr'>est,</span> <span class='ocrx_word' id='word_1_129' title='bbox 1088 1333 1314 1374; x_wconf 84' lang='lat' dir='ltr'>Societati</span> <span class='ocrx_word' id='word_1_130' title='bbox 1346 1333 1640 1385; x_wconf 86' lang='lat' dir='ltr'>pepererint,</span> <span class='ocrx_word' id='word_1_131' title='bbox 1671 1345 1792 1373; x_wconf 88' lang='lat' dir='ltr'>rese-</span> 
     </span>
     <span class='ocr_line' id='line_1_18' title="bbox 140 1405 1791 1458; baseline -0.003 -9"><span class='ocrx_word' id='word_1_132' title='bbox 140 1409 228 1449; x_wconf 89' lang='lat' dir='ltr'>ctis</span> <span class='ocrx_word' id='word_1_133' title='bbox 249 1409 429 1448; x_wconf 90' lang='lat' dir='ltr'>interea</span> <span class='ocrx_word' id='word_1_134' title='bbox 451 1419 666 1448; x_wconf 93' lang='lat' dir='ltr'>errorum</span> <span class='ocrx_word' id='word_1_135' title='bbox 687 1407 902 1458; x_wconf 87' lang='lat' dir='ltr'>salebris,</span> <span class='ocrx_word' id='word_1_136' title='bbox 928 1405 1061 1446; x_wconf 87' lang='lat' dir='ltr'>auxit</span> <span class='ocrx_word' id='word_1_137' title='bbox 1082 1411 1241 1445; x_wconf 91' lang='lat' dir='ltr'>tamen</span> <span class='ocrx_word' id='word_1_138' title='bbox 1262 1405 1415 1455; x_wconf 85' lang='lat' dir='ltr'>magis</span> <span class='ocrx_word' id='word_1_139' title='bbox 1449 1405 1642 1445; x_wconf 89' lang='lat' dir='ltr'>assidua</span> <span class='ocrx_word' id='word_1_140' title='bbox 1672 1417 1791 1457; x_wconf 93' lang='lat' dir='ltr'>pene</span> 
     </span>
     <span class='ocr_line' id='line_1_19' title="bbox 139 1476 1795 1531; baseline -0.003 -11"><span class='ocrx_word' id='word_1_141' title='bbox 139 1480 440 1531; x_wconf 85' lang='lat' dir='ltr'>negotiorum</span> <span class='ocrx_word' id='word_1_142' title='bbox 461 1478 822 1528; x_wconf 88' lang='lat' dir='ltr'>administratio,</span> <span class='ocrx_word' id='word_1_143' title='bbox 847 1477 1014 1529; x_wconf 89' lang='lat' dir='ltr'>quibus</span> <span class='ocrx_word' id='word_1_144' title='bbox 1035 1488 1130 1516; x_wconf 90' lang='lat' dir='ltr'>non</span> <span class='ocrx_word' id='word_1_145' title='bbox 1157 1476 1312 1516; x_wconf 91' lang='lat' dir='ltr'>minus</span> <span class='ocrx_word' id='word_1_146' title='bbox 1344 1476 1588 1516; x_wconf 89' lang='lat' dir='ltr'>daemonis</span> <span class='ocrx_word' id='word_1_147' title='bbox 1621 1476 1795 1516; x_wconf 89' lang='lat' dir='ltr'>astutia</span> 
     </span>
     <span class='ocr_line' id='line_1_20' title="bbox 141 1547 1795 1604; baseline -0.002 -13"><span class='ocrx_word' id='word_1_148' title='bbox 141 1558 211 1591; x_wconf 90' lang='lat' dir='ltr'>est</span> <span class='ocrx_word' id='word_1_149' title='bbox 232 1552 467 1603; x_wconf 88' lang='lat' dir='ltr'>collapsa,</span> <span class='ocrx_word' id='word_1_150' title='bbox 503 1562 643 1602; x_wconf 89' lang='lat' dir='ltr'>quam</span> <span class='ocrx_word' id='word_1_151' title='bbox 673 1549 922 1589; x_wconf 88' lang='lat' dir='ltr'>instaurati</span> <span class='ocrx_word' id='word_1_152' title='bbox 943 1549 1119 1588; x_wconf 85' lang='lat' dir='ltr'>civium</span> <span class='ocrx_word' id='word_1_153' title='bbox 1150 1548 1315 1604; x_wconf 85' lang='lat' dir='ltr'>animi.</span> <span class='ocrx_word' id='word_1_154' title='bbox 1343 1547 1498 1599; x_wconf 74' lang='lat' dir='ltr'>Atque</span> <span class='ocrx_word' id='word_1_155' title='bbox 1525 1548 1645 1587; x_wconf 88' lang='lat' dir='ltr'>inter</span> <span class='ocrx_word' id='word_1_156' title='bbox 1674 1547 1795 1587; x_wconf 88' lang='lat' dir='ltr'>haec</span> 
     </span>
     <span class='ocr_line' id='line_1_21' title="bbox 141 1618 1792 1674; baseline -0.002 -12"><span class='ocrx_word' id='word_1_157' title='bbox 141 1622 340 1674; x_wconf 90' lang='lat' dir='ltr'>contigit</span> <span class='ocrx_word' id='word_1_158' title='bbox 370 1628 421 1662; x_wconf 90' lang='lat' dir='ltr'>ut</span> <span class='ocrx_word' id='word_1_159' title='bbox 449 1621 819 1661; x_wconf 85' lang='lat' dir='ltr'>famosissimum</span> <span class='ocrx_word' id='word_1_160' title='bbox 845 1620 977 1670; x_wconf 87' lang='lat' dir='ltr'>illud,</span> <span class='ocrx_word' id='word_1_161' title='bbox 1011 1619 1138 1671; x_wconf 90' lang='lat' dir='ltr'>quod</span> <span class='ocrx_word' id='word_1_162' title='bbox 1167 1625 1364 1669; x_wconf 88' lang='lat' dir='ltr'>vocant,</span> <span class='ocrx_word' id='word_1_163' title='bbox 1394 1618 1673 1670; x_wconf 84' lang='lat' dir='ltr'>jubilaeum,</span> <span class='ocrx_word' id='word_1_164' title='bbox 1706 1630 1792 1670; x_wconf 90' lang='lat' dir='ltr'>pro</span> 
     </span>
     <span class='ocr_line' id='line_1_22' title="bbox 141 1690 1794 1743; baseline -0.003 -9"><span class='ocrx_word' id='word_1_165' title='bbox 141 1694 381 1734; x_wconf 86' lang='lat' dir='ltr'>Britannis</span> <span class='ocrx_word' id='word_1_166' title='bbox 403 1701 449 1733; x_wconf 90' lang='lat' dir='ltr'>et</span> <span class='ocrx_word' id='word_1_167' title='bbox 472 1692 742 1741; x_wconf 86' lang='lat' dir='ltr'>Germanis,</span> <span class='ocrx_word' id='word_1_168' title='bbox 780 1692 869 1732; x_wconf 88' lang='lat' dir='ltr'>illis</span> <span class='ocrx_word' id='word_1_169' title='bbox 891 1691 1079 1743; x_wconf 87' lang='lat' dir='ltr'>quidem</span> <span class='ocrx_word' id='word_1_170' title='bbox 1101 1690 1456 1741; x_wconf 86' lang='lat' dir='ltr'>confirmandis,</span> <span class='ocrx_word' id='word_1_171' title='bbox 1482 1690 1556 1730; x_wconf 89' lang='lat' dir='ltr'>his</span> <span class='ocrx_word' id='word_1_172' title='bbox 1586 1701 1701 1730; x_wconf 84' lang='lat' dir='ltr'>vero</span> <span class='ocrx_word' id='word_1_173' title='bbox 1734 1690 1794 1730; x_wconf 87' lang='lat' dir='ltr'>ad</span> 
     </span>
     <span class='ocr_line' id='line_1_23' title="bbox 141 1761 1796 1814; baseline -0.002 -9"><span class='ocrx_word' id='word_1_174' title='bbox 141 1764 281 1805; x_wconf 89' lang='lat' dir='ltr'>fidem</span> <span class='ocrx_word' id='word_1_175' title='bbox 321 1764 632 1805; x_wconf 86' lang='lat' dir='ltr'>christianam</span> <span class='ocrx_word' id='word_1_176' title='bbox 670 1763 971 1814; x_wconf 87' lang='lat' dir='ltr'>reducendis,</span> <span class='ocrx_word' id='word_1_177' title='bbox 1008 1762 1056 1802; x_wconf 90' lang='lat' dir='ltr'>in</span> <span class='ocrx_word' id='word_1_178' title='bbox 1089 1762 1263 1814; x_wconf 89' lang='lat' dir='ltr'>templo</span> <span class='ocrx_word' id='word_1_179' title='bbox 1303 1767 1465 1802; x_wconf 90' lang='lat' dir='ltr'>nostro</span> <span class='ocrx_word' id='word_1_180' title='bbox 1516 1761 1796 1801; x_wconf 87' lang='lat' dir='ltr'>consideret.</span> 
     </span>
     <span class='ocr_line' id='line_1_24' title="bbox 144 1832 1799 1876; baseline -0.002 0"><span class='ocrx_word' id='word_1_181' title='bbox 144 1837 292 1876; x_wconf 87' lang='lat' dir='ltr'>Porro</span> <span class='ocrx_word' id='word_1_182' title='bbox 326 1836 402 1876; x_wconf 89' lang='lat' dir='ltr'>hic</span> <span class='ocrx_word' id='word_1_183' title='bbox 429 1836 745 1876; x_wconf 86' lang='lat' dir='ltr'>confluentem</span> <span class='ocrx_word' id='word_1_184' title='bbox 773 1834 1119 1874; x_wconf 89' lang='lat' dir='ltr'>multitudinem</span> <span class='ocrx_word' id='word_1_185' title='bbox 1153 1845 1208 1873; x_wconf 92' lang='lat' dir='ltr'>ac</span> <span class='ocrx_word' id='word_1_186' title='bbox 1245 1833 1558 1873; x_wconf 88' lang='lat' dir='ltr'>multitudinis</span> <span class='ocrx_word' id='word_1_187' title='bbox 1594 1832 1799 1872; x_wconf 88' lang='lat' dir='ltr'>fructum</span> 
     </span>
     <span class='ocr_line' id='line_1_25' title="bbox 146 1903 1801 1958; baseline -0.003 -10"><span class='ocrx_word' id='word_1_188' title='bbox 146 1908 302 1948; x_wconf 85' lang='lat' dir='ltr'>dicere</span> <span class='ocrx_word' id='word_1_189' title='bbox 323 1920 410 1947; x_wconf 90' lang='lat' dir='ltr'>nec</span> <span class='ocrx_word' id='word_1_190' title='bbox 433 1914 573 1947; x_wconf 84' lang='lat' dir='ltr'>vacat</span> <span class='ocrx_word' id='word_1_191' title='bbox 596 1918 682 1946; x_wconf 92' lang='lat' dir='ltr'>nec</span> <span class='ocrx_word' id='word_1_192' title='bbox 702 1917 914 1958; x_wconf 87' lang='lat' dir='ltr'>possum.</span> <span class='ocrx_word' id='word_1_193' title='bbox 943 1904 1064 1945; x_wconf 89' lang='lat' dir='ltr'>Nam</span> <span class='ocrx_word' id='word_1_194' title='bbox 1091 1904 1178 1944; x_wconf 88' lang='lat' dir='ltr'>etsi</span> <span class='ocrx_word' id='word_1_195' title='bbox 1207 1903 1362 1944; x_wconf 89' lang='lat' dir='ltr'>aditus</span> <span class='ocrx_word' id='word_1_196' title='bbox 1394 1904 1453 1944; x_wconf 90' lang='lat' dir='ltr'>sit</span> <span class='ocrx_word' id='word_1_197' title='bbox 1483 1903 1801 1955; x_wconf 89' lang='lat' dir='ltr'>amplissimus</span> 
     </span>
     <span class='ocr_line' id='line_1_26' title="bbox 146 1974 1800 2032; baseline -0.004 -12"><span class='ocrx_word' id='word_1_198' title='bbox 146 1992 231 2032; x_wconf 91' lang='lat' dir='ltr'>pro</span> <span class='ocrx_word' id='word_1_199' title='bbox 254 1979 414 2031; x_wconf 86' lang='lat' dir='ltr'>templi</span> <span class='ocrx_word' id='word_1_200' title='bbox 441 1979 686 2029; x_wconf 83' lang='lat' dir='ltr'>vastitate,</span> <span class='ocrx_word' id='word_1_201' title='bbox 717 1977 818 2017; x_wconf 88' lang='lat' dir='ltr'>fieri</span> <span class='ocrx_word' id='word_1_202' title='bbox 847 1988 1147 2028; x_wconf 81' lang='lat' dir='ltr'>nequaquam</span> <span class='ocrx_word' id='word_1_203' title='bbox 1173 1976 1326 2027; x_wconf 89' lang='lat' dir='ltr'>potuit</span> <span class='ocrx_word' id='word_1_204' title='bbox 1359 1975 1471 2027; x_wconf 89' lang='lat' dir='ltr'>quin</span> <span class='ocrx_word' id='word_1_205' title='bbox 1501 1987 1585 2027; x_wconf 90' lang='lat' dir='ltr'>per</span> <span class='ocrx_word' id='word_1_206' title='bbox 1612 1974 1800 2026; x_wconf 91' lang='lat' dir='ltr'>quinde-</span> 
     </span>
     <span class='ocr_line' id='line_1_27' title="bbox 151 2045 1800 2101; baseline -0.004 -10"><span class='ocrx_word' id='word_1_207' title='bbox 151 2051 243 2091; x_wconf 89' lang='lat' dir='ltr'>cim</span> <span class='ocrx_word' id='word_1_208' title='bbox 269 2050 366 2091; x_wconf 87' lang='lat' dir='ltr'>fere</span> <span class='ocrx_word' id='word_1_209' title='bbox 393 2056 517 2090; x_wconf 85' lang='lat' dir='ltr'>totos</span> <span class='ocrx_word' id='word_1_210' title='bbox 552 2049 650 2089; x_wconf 88' lang='lat' dir='ltr'>dies</span> <span class='ocrx_word' id='word_1_211' title='bbox 686 2049 817 2101; x_wconf 90' lang='lat' dir='ltr'>ipsae</span> <span class='ocrx_word' id='word_1_212' title='bbox 853 2054 1075 2088; x_wconf 78' lang='lat' dir='ltr'>catervae</span> <span class='ocrx_word' id='word_1_213' title='bbox 1111 2047 1378 2098; x_wconf 87' lang='lat' dir='ltr'>ingressum</span> <span class='ocrx_word' id='word_1_214' title='bbox 1417 2045 1800 2096; x_wconf 87' lang='lat' dir='ltr'>intercluderent,</span> 
     </span>
     <span class='ocr_line' id='line_1_28' title="bbox 152 2118 1802 2174; baseline -0.005 -11"><span class='ocrx_word' id='word_1_215' title='bbox 152 2123 421 2174; x_wconf 88' lang='lat' dir='ltr'>optantibus</span> <span class='ocrx_word' id='word_1_216' title='bbox 456 2122 691 2174; x_wconf 86' lang='lat' dir='ltr'>plerisque</span> <span class='ocrx_word' id='word_1_217' title='bbox 725 2127 769 2160; x_wconf 92' lang='lat' dir='ltr'>et</span> <span class='ocrx_word' id='word_1_218' title='bbox 801 2120 1060 2160; x_wconf 75' lang='lat' dir='ltr'>vastiorem</span> <span class='ocrx_word' id='word_1_219' title='bbox 1094 2124 1138 2159; x_wconf 86' lang='lat' dir='ltr'>et</span> <span class='ocrx_word' id='word_1_220' title='bbox 1165 2119 1431 2170; x_wconf 79' lang='lat' dir='ltr'>digniorem</span> <span class='ocrx_word' id='word_1_221' title='bbox 1460 2118 1597 2158; x_wconf 92' lang='lat' dir='ltr'>nobis</span> <span class='ocrx_word' id='word_1_222' title='bbox 1627 2119 1802 2158; x_wconf 90' lang='lat' dir='ltr'>locum.</span> 
     </span>
     <span class='ocr_line' id='line_1_29' title="bbox 153 2188 1801 2243; baseline -0.004 -9"><span class='ocrx_word' id='word_1_223' title='bbox 153 2193 225 2234; x_wconf 80' lang='lat' dir='ltr'>Ac</span> <span class='ocrx_word' id='word_1_224' title='bbox 253 2205 367 2234; x_wconf 86' lang='lat' dir='ltr'>sane</span> <span class='ocrx_word' id='word_1_225' title='bbox 390 2200 501 2233; x_wconf 90' lang='lat' dir='ltr'>tunc</span> <span class='ocrx_word' id='word_1_226' title='bbox 532 2192 758 2243; x_wconf 87' lang='lat' dir='ltr'>temporis</span> <span class='ocrx_word' id='word_1_227' title='bbox 791 2191 1182 2242; x_wconf 89' lang='lat' dir='ltr'>benignissimum</span> <span class='ocrx_word' id='word_1_228' title='bbox 1215 2189 1618 2230; x_wconf 87' lang='lat' dir='ltr'>Reverendissimi</span> <span class='ocrx_word' id='word_1_229' title='bbox 1645 2188 1801 2228; x_wconf 87' lang='lat' dir='ltr'>Prole-</span> 
     </span>
     <span class='ocr_line' id='line_1_30' title="bbox 153 2261 1807 2317; baseline -0.004 -11"><span class='ocrx_word' id='word_1_230' title='bbox 153 2265 253 2317; x_wconf 89' lang='lat' dir='ltr'>gati</span> <span class='ocrx_word' id='word_1_231' title='bbox 278 2265 510 2316; x_wconf 89' lang='lat' dir='ltr'>totiusque</span> <span class='ocrx_word' id='word_1_232' title='bbox 539 2270 730 2304; x_wconf 88' lang='lat' dir='ltr'>senatus</span> <span class='ocrx_word' id='word_1_233' title='bbox 761 2263 968 2303; x_wconf 88' lang='lat' dir='ltr'>animum</span> <span class='ocrx_word' id='word_1_234' title='bbox 997 2274 1157 2302; x_wconf 91' lang='lat' dir='ltr'>sumus</span> <span class='ocrx_word' id='word_1_235' title='bbox 1185 2262 1388 2313; x_wconf 69' lang='lat' dir='ltr'>experti,</span> <span class='ocrx_word' id='word_1_236' title='bbox 1424 2261 1681 2300; x_wconf 84' lang='lat' dir='ltr'>visitarunt</span> <span class='ocrx_word' id='word_1_237' title='bbox 1708 2266 1807 2300; x_wconf 90' lang='lat' dir='ltr'>tum</span> 
     </span>
     <span class='ocr_line' id='line_1_31' title="bbox 153 2332 1805 2386; baseline -0.003 -10"><span class='ocrx_word' id='word_1_238' title='bbox 153 2337 218 2377; x_wconf 88' lang='lat' dir='ltr'>illi</span> <span class='ocrx_word' id='word_1_239' title='bbox 238 2336 378 2376; x_wconf 89' lang='lat' dir='ltr'>aedes</span> <span class='ocrx_word' id='word_1_240' title='bbox 400 2341 589 2375; x_wconf 89' lang='lat' dir='ltr'>nostras</span> <span class='ocrx_word' id='word_1_241' title='bbox 611 2341 654 2375; x_wconf 92' lang='lat' dir='ltr'>et</span> <span class='ocrx_word' id='word_1_242' title='bbox 676 2335 866 2386; x_wconf 88' lang='lat' dir='ltr'>saepius</span> <span class='ocrx_word' id='word_1_243' title='bbox 888 2341 933 2374; x_wconf 89' lang='lat' dir='ltr'>et</span> <span class='ocrx_word' id='word_1_244' title='bbox 954 2333 1226 2373; x_wconf 90' lang='lat' dir='ltr'>studiosius.</span> <span class='ocrx_word' id='word_1_245' title='bbox 1252 2332 1469 2372; x_wconf 84' lang='lat' dir='ltr'>Patribus</span> <span class='ocrx_word' id='word_1_246' title='bbox 1495 2332 1701 2380; x_wconf 88' lang='lat' dir='ltr'>interea,</span> <span class='ocrx_word' id='word_1_247' title='bbox 1727 2332 1805 2383; x_wconf 92' lang='lat' dir='ltr'>qui</span> 
     </span>
     <span class='ocr_line' id='line_1_32' title="bbox 156 2403 1806 2456; baseline -0.004 -8"><span class='ocrx_word' id='word_1_248' title='bbox 156 2408 231 2448; x_wconf 89' lang='lat' dir='ltr'>hic</span> <span class='ocrx_word' id='word_1_249' title='bbox 253 2413 359 2448; x_wconf 91' lang='lat' dir='ltr'>sunt</span> <span class='ocrx_word' id='word_1_250' title='bbox 381 2407 487 2456; x_wconf 87' lang='lat' dir='ltr'>duO,</span> <span class='ocrx_word' id='word_1_251' title='bbox 511 2406 571 2446; x_wconf 91' lang='lat' dir='ltr'>ad</span> <span class='ocrx_word' id='word_1_252' title='bbox 590 2406 778 2446; x_wconf 86' lang='lat' dir='ltr'>tertiam</span> <span class='ocrx_word' id='word_1_253' title='bbox 800 2404 1142 2456; x_wconf 89' lang='lat' dir='ltr'>propemodum</span> <span class='ocrx_word' id='word_1_254' title='bbox 1166 2404 1320 2443; x_wconf 88' lang='lat' dir='ltr'>noctis</span> <span class='ocrx_word' id='word_1_255' title='bbox 1350 2404 1515 2444; x_wconf 90' lang='lat' dir='ltr'>horam</span> <span class='ocrx_word' id='word_1_256' title='bbox 1545 2403 1806 2443; x_wconf 89' lang='lat' dir='ltr'>ministerio</span> 
     </span>
     <span class='ocr_line' id='line_1_33' title="bbox 155 2475 1811 2529; baseline -0.004 -10"><span class='ocrx_word' id='word_1_257' title='bbox 155 2479 443 2520; x_wconf 85' lang='lat' dir='ltr'>sacramenti</span> <span class='ocrx_word' id='word_1_258' title='bbox 481 2478 797 2529; x_wconf 86' lang='lat' dir='ltr'>poenitentiae</span> <span class='ocrx_word' id='word_1_259' title='bbox 836 2476 1143 2527; x_wconf 82' lang='lat' dir='ltr'>vacantibus,</span> <span class='ocrx_word' id='word_1_260' title='bbox 1186 2475 1266 2515; x_wconf 92' lang='lat' dir='ltr'>ubi</span> <span class='ocrx_word' id='word_1_261' title='bbox 1304 2486 1445 2526; x_wconf 86' lang='lat' dir='ltr'>quam</span> <span class='ocrx_word' id='word_1_262' title='bbox 1480 2475 1626 2514; x_wconf 90' lang='lat' dir='ltr'>multa</span> <span class='ocrx_word' id='word_1_263' title='bbox 1662 2485 1811 2525; x_wconf 90' lang='lat' dir='ltr'>eaque</span> 
     </span>
     <span class='ocr_line' id='line_1_34' title="bbox 160 2546 1811 2599; baseline -0.003 -9"><span class='ocrx_word' id='word_1_264' title='bbox 160 2551 316 2591; x_wconf 89' lang='lat' dir='ltr'>multis</span> <span class='ocrx_word' id='word_1_265' title='bbox 336 2549 537 2590; x_wconf 89' lang='lat' dir='ltr'>saeculis</span> <span class='ocrx_word' id='word_1_266' title='bbox 559 2549 745 2589; x_wconf 88' lang='lat' dir='ltr'>occulta</span> <span class='ocrx_word' id='word_1_267' title='bbox 773 2547 975 2599; x_wconf 86' lang='lat' dir='ltr'>flagitia,</span> <span class='ocrx_word' id='word_1_268' title='bbox 1015 2560 1039 2587; x_wconf 94' lang='lat' dir='ltr'>e</span> <span class='ocrx_word' id='word_1_269' title='bbox 1074 2546 1396 2587; x_wconf 89' lang='lat' dir='ltr'>confitentium</span> <span class='ocrx_word' id='word_1_270' title='bbox 1431 2552 1622 2597; x_wconf 88' lang='lat' dir='ltr'>pectore</span> <span class='ocrx_word' id='word_1_271' title='bbox 1658 2552 1811 2586; x_wconf 81' lang='lat' dir='ltr'>extor-</span> 
     </span>
     <span class='ocr_line' id='line_1_35' title="bbox 161 2617 1808 2673; baseline -0.003 -11"><span class='ocrx_word' id='word_1_272' title='bbox 161 2622 328 2672; x_wconf 89' lang='lat' dir='ltr'>serint,</span> <span class='ocrx_word' id='word_1_273' title='bbox 352 2632 495 2673; x_wconf 88' lang='lat' dir='ltr'>quam</span> <span class='ocrx_word' id='word_1_274' title='bbox 515 2621 686 2660; x_wconf 87' lang='lat' dir='ltr'>multos</span> <span class='ocrx_word' id='word_1_275' title='bbox 709 2619 768 2659; x_wconf 87' lang='lat' dir='ltr'>ad</span> <span class='ocrx_word' id='word_1_276' title='bbox 794 2626 922 2659; x_wconf 90' lang='lat' dir='ltr'>recte</span> <span class='ocrx_word' id='word_1_277' title='bbox 947 2620 1176 2670; x_wconf 88' lang='lat' dir='ltr'>beateque</span> <span class='ocrx_word' id='word_1_278' title='bbox 1204 2617 1399 2658; x_wconf 82' lang='lat' dir='ltr'>vivendi</span> <span class='ocrx_word' id='word_1_279' title='bbox 1427 2629 1644 2657; x_wconf 86' lang='lat' dir='ltr'>normam</span> <span class='ocrx_word' id='word_1_280' title='bbox 1676 2617 1808 2658; x_wconf 90' lang='lat' dir='ltr'>redu—</span> 
     </span>
     <span class='ocr_line' id='line_1_36' title="bbox 163 2688 1810 2744; baseline -0.003 -11"><span class='ocrx_word' id='word_1_281' title='bbox 163 2694 338 2742; x_wconf 81' lang='lat' dir='ltr'>xerint,</span> <span class='ocrx_word' id='word_1_282' title='bbox 368 2699 499 2744; x_wconf 90' lang='lat' dir='ltr'>quot,</span> <span class='ocrx_word' id='word_1_283' title='bbox 531 2692 697 2743; x_wconf 88' lang='lat' dir='ltr'>quibus</span> <span class='ocrx_word' id='word_1_284' title='bbox 718 2692 813 2732; x_wconf 90' lang='lat' dir='ltr'>iam</span> <span class='ocrx_word' id='word_1_285' title='bbox 839 2698 889 2731; x_wconf 91' lang='lat' dir='ltr'>ut</span> <span class='ocrx_word' id='word_1_286' title='bbox 917 2690 1178 2742; x_wconf 85' lang='lat' dir='ltr'>desperatis</span> <span class='ocrx_word' id='word_1_287' title='bbox 1207 2695 1419 2729; x_wconf 81' lang='lat' dir='ltr'>extrema</span> <span class='ocrx_word' id='word_1_288' title='bbox 1451 2695 1553 2729; x_wconf 88' lang='lat' dir='ltr'>erat</span> <span class='ocrx_word' id='word_1_289' title='bbox 1584 2688 1810 2739; x_wconf 88' lang='lat' dir='ltr'>anchora,</span> 
     </span>
     <span class='ocr_line' id='line_1_37' title="bbox 165 2760 1810 2814; baseline -0.004 -9"><span class='ocrx_word' id='word_1_290' title='bbox 165 2764 494 2814; x_wconf 83' lang='lat' dir='ltr'>solidaverint,</span> <span class='ocrx_word' id='word_1_291' title='bbox 518 2775 612 2803; x_wconf 90' lang='lat' dir='ltr'>non</span> <span class='ocrx_word' id='word_1_292' title='bbox 633 2768 703 2803; x_wconf 87' lang='lat' dir='ltr'>est</span> <span class='ocrx_word' id='word_1_293' title='bbox 730 2763 867 2802; x_wconf 90' lang='lat' dir='ltr'>huius</span> <span class='ocrx_word' id='word_1_294' title='bbox 893 2762 1160 2812; x_wconf 85' lang='lat' dir='ltr'>brevitatis,</span> <span class='ocrx_word' id='word_1_295' title='bbox 1197 2761 1273 2801; x_wconf 92' lang='lat' dir='ltr'>cui</span> <span class='ocrx_word' id='word_1_296' title='bbox 1301 2772 1601 2812; x_wconf 91' lang='lat' dir='ltr'>summopere</span> <span class='ocrx_word' id='word_1_297' title='bbox 1630 2760 1810 2810; x_wconf 90' lang='lat' dir='ltr'>studeo,</span> 
     </span>
     <span class='ocr_line' id='line_1_38' title="bbox 165 2832 1813 2885; baseline -0.002 -9"><span class='ocrx_word' id='word_1_298' title='bbox 165 2836 337 2876; x_wconf 87' lang='lat' dir='ltr'>dicere.</span> <span class='ocrx_word' id='word_1_299' title='bbox 361 2835 463 2875; x_wconf 90' lang='lat' dir='ltr'>Hoc</span> <span class='ocrx_word' id='word_1_300' title='bbox 484 2834 657 2875; x_wconf 88' lang='lat' dir='ltr'>addam</span> <span class='ocrx_word' id='word_1_301' title='bbox 677 2840 853 2885; x_wconf 86' lang='lat' dir='ltr'>tamen,</span> <span class='ocrx_word' id='word_1_302' title='bbox 878 2833 1032 2885; x_wconf 92' lang='lat' dir='ltr'>quoad</span> <span class='ocrx_word' id='word_1_303' title='bbox 1062 2832 1113 2873; x_wconf 84' lang='lat' dir='ltr'>S.</span> <span class='ocrx_word' id='word_1_304' title='bbox 1133 2832 1477 2873; x_wconf 86' lang='lat' dir='ltr'>Eucharistiae</span> <span class='ocrx_word' id='word_1_305' title='bbox 1502 2832 1813 2872; x_wconf 89' lang='lat' dir='ltr'>ministerium</span> 
     </span>
     <span class='ocr_line' id='line_1_39' title="bbox 167 2903 1816 2957; baseline -0.003 -10"><span class='ocrx_word' id='word_1_306' title='bbox 167 2908 352 2957; x_wconf 87' lang='lat' dir='ltr'>attinet,</span> <span class='ocrx_word' id='word_1_307' title='bbox 393 2907 520 2947; x_wconf 92' lang='lat' dir='ltr'>nullo</span> <span class='ocrx_word' id='word_1_308' title='bbox 555 2917 762 2957; x_wconf 90' lang='lat' dir='ltr'>unquam</span> <span class='ocrx_word' id='word_1_309' title='bbox 795 2911 1028 2956; x_wconf 85' lang='lat' dir='ltr'>tempore,</span> <span class='ocrx_word' id='word_1_310' title='bbox 1062 2903 1101 2943; x_wconf 87' lang='lat' dir='ltr'>si</span> <span class='ocrx_word' id='word_1_311' title='bbox 1135 2903 1512 2943; x_wconf 86' lang='lat' dir='ltr'>Resurrectionis</span> <span class='ocrx_word' id='word_1_312' title='bbox 1549 2903 1816 2943; x_wconf 89' lang='lat' dir='ltr'>dominicae</span> 
     </span>
     <span class='ocr_line' id='line_1_40' title="bbox 169 2974 1816 3028; baseline -0.002 -9"><span class='ocrx_word' id='word_1_313' title='bbox 169 2978 474 3019; x_wconf 87' lang='lat' dir='ltr'>festivitatem</span> <span class='ocrx_word' id='word_1_314' title='bbox 509 2977 691 3027; x_wconf 89' lang='lat' dir='ltr'>demas,</span> <span class='ocrx_word' id='word_1_315' title='bbox 721 2977 880 3028; x_wconf 90' lang='lat' dir='ltr'>plures</span> <span class='ocrx_word' id='word_1_316' title='bbox 909 2986 1097 3016; x_wconf 87' lang='lat' dir='ltr'>sacram</span> <span class='ocrx_word' id='word_1_317' title='bbox 1131 2974 1354 3026; x_wconf 81' lang='lat' dir='ltr'>synaxim</span> <span class='ocrx_word' id='word_1_318' title='bbox 1388 2974 1659 3026; x_wconf 90' lang='lat' dir='ltr'>sumpsisse.</span> <span class='ocrx_word' id='word_1_319' title='bbox 1698 2974 1816 3015; x_wconf 86' lang='lat' dir='ltr'>Effe-</span> 
     </span>
    </p>
   </div>
  </div>
 </body>
</html>
