<?xml version="1.0" encoding="UTF-8"?>
<!DOCTYPE html PUBLIC "-//W3C//DTD XHTML 1.0 Transitional//EN"
    "http://www.w3.org/TR/xhtml1/DTD/xhtml1-transitional.dtd">
<html xmlns="http://www.w3.org/1999/xhtml" xml:lang="en" lang="en">
 <head>
  <title>
</title>
<meta http-equiv="Content-Type" content="text/html;charset=utf-8" />
  <meta name='ocr-system' content='tesseract 3.04.00' />
  <meta name='ocr-capabilities' content='ocr_page ocr_carea ocr_par ocr_line ocrx_word'/>
</head>
<body>
  <div class='ocr_page' id='page_1' title='image "./litteraequadrime14lain_0190.png"; bbox 0 0 2080 3392; ppageno 0'>
   <div class='ocr_carea' id='block_1_1' title="bbox 298 196 1417 238">
    <p class='ocr_par' dir='ltr' id='par_1_1' title="bbox 298 196 1417 238">
     <span class='ocr_line' id='line_1_1' title="bbox 298 196 1417 238; baseline -0.002 -5"><span class='ocrx_word' id='word_1_1' title='bbox 298 196 366 234; x_wconf 80' lang='lat'>186</span> <span class='ocrx_word' id='word_1_2' title='bbox 806 196 1032 232; x_wconf 74' lang='lat' dir='ltr'>LITTERAE</span> <span class='ocrx_word' id='word_1_3' title='bbox 1059 206 1417 238; x_wconf 81' lang='lat' dir='ltr'><strong>QUADRIMESTRES</strong></span> 
     </span>
    </p>
   </div>
   <div class='ocr_carea' id='block_1_2' title="bbox 280 289 1930 3027">
    <p class='ocr_par' dir='ltr' id='par_1_2' title="bbox 280 289 1930 2463">
     <span class='ocr_line' id='line_1_2' title="bbox 295 289 1923 342; baseline -0.001 -10"><span class='ocrx_word' id='word_1_4' title='bbox 295 292 386 342; x_wconf 89' lang='lat' dir='ltr'>giis</span> <span class='ocrx_word' id='word_1_5' title='bbox 408 291 731 336; x_wconf 70' lang='lat' dir='ltr'>adnn&#39;ttendz&#39;s,</span> <span class='ocrx_word' id='word_1_6' title='bbox 753 297 849 331; x_wconf 89' lang='lat' dir='ltr'>tum</span> <span class='ocrx_word' id='word_1_7' title='bbox 871 291 992 331; x_wconf 85' lang='lat' dir='ltr'>ratio</span> <span class='ocrx_word' id='word_1_8' title='bbox 1013 290 1261 330; x_wconf 80' lang='lat' dir='ltr'>Societatis</span> <span class='ocrx_word' id='word_1_9' title='bbox 1288 291 1334 330; x_wconf 91' lang='lat' dir='ltr'>in</span> <span class='ocrx_word' id='word_1_10' title='bbox 1355 290 1637 330; x_wconf 88' lang='lat' dir='ltr'>instituenda</span> <span class='ocrx_word' id='word_1_11' title='bbox 1664 289 1923 341; x_wconf 88' lang='lat' dir='ltr'>juventute,</span> 
     </span>
     <span class='ocr_line' id='line_1_3' title="bbox 295 361 1926 412; baseline 0 -10"><span class='ocrx_word' id='word_1_12' title='bbox 295 369 393 402; x_wconf 91' lang='lat' dir='ltr'>tum</span> <span class='ocrx_word' id='word_1_13' title='bbox 412 362 562 401; x_wconf 89' lang='lat' dir='ltr'>studia</span> <span class='ocrx_word' id='word_1_14' title='bbox 580 362 884 402; x_wconf 89' lang='lat' dir='ltr'>humanitatis</span> <span class='ocrx_word' id='word_1_15' title='bbox 903 368 947 401; x_wconf 88' lang='lat' dir='ltr'>et</span> <span class='ocrx_word' id='word_1_16' title='bbox 964 362 1275 412; x_wconf 89' lang='lat' dir='ltr'>ingenuarum</span> <span class='ocrx_word' id='word_1_17' title='bbox 1293 362 1462 401; x_wconf 85' lang='lat' dir='ltr'>artium</span> <span class='ocrx_word' id='word_1_18' title='bbox 1479 361 1790 401; x_wconf 76' lang='lat' dir='ltr'>laudabantur</span> <span class='ocrx_word' id='word_1_19' title='bbox 1809 368 1852 401; x_wconf 91' lang='lat' dir='ltr'>et</span> <span class='ocrx_word' id='word_1_20' title='bbox 1866 362 1926 402; x_wconf 92' lang='lat' dir='ltr'>ad</span> 
     </span>
     <span class='ocr_line' id='line_1_4' title="bbox 295 431 1922 483; baseline 0.001 -12"><span class='ocrx_word' id='word_1_21' title='bbox 295 444 376 472; x_wconf 88' lang='lat' dir='ltr'>eas</span> <span class='ocrx_word' id='word_1_22' title='bbox 397 432 722 483; x_wconf 87' lang='lat' dir='ltr'>percipiendas</span> <span class='ocrx_word' id='word_1_23' title='bbox 743 433 1025 472; x_wconf 74' lang='lat' dir='ltr'>incitabatur</span> <span class='ocrx_word' id='word_1_24' title='bbox 1046 432 1287 483; x_wconf 75' lang='lat' dir='ltr'>juventus,</span> <span class='ocrx_word' id='word_1_25' title='bbox 1313 433 1386 472; x_wconf 91' lang='lat' dir='ltr'>cui</span> <span class='ocrx_word' id='word_1_26' title='bbox 1414 431 1620 471; x_wconf 78' lang='lat' dir='ltr'>interfuit</span> <span class='ocrx_word' id='word_1_27' title='bbox 1647 431 1922 483; x_wconf 79' lang='lat' dir='ltr'>Episcopus,</span> 
     </span>
     <span class='ocr_line' id='line_1_5' title="bbox 294 502 1926 555; baseline -0.001 -12"><span class='ocrx_word' id='word_1_28' title='bbox 294 510 339 543; x_wconf 86' lang='lat' dir='ltr'>et</span> <span class='ocrx_word' id='word_1_29' title='bbox 360 503 545 553; x_wconf 82' lang='lat' dir='ltr'>plurimi</span> <span class='ocrx_word' id='word_1_30' title='bbox 570 503 798 553; x_wconf 91' lang='lat' dir='ltr'>canonici,</span> <span class='ocrx_word' id='word_1_31' title='bbox 829 503 1007 555; x_wconf 77' lang='lat' dir='ltr'>equites</span> <span class='ocrx_word' id='word_1_32' title='bbox 1033 510 1076 543; x_wconf 90' lang='lat' dir='ltr'>et</span> <span class='ocrx_word' id='word_1_33' title='bbox 1105 504 1247 543; x_wconf 86' lang='lat' dir='ltr'>cives.</span> <span class='ocrx_word' id='word_1_34' title='bbox 1272 503 1449 543; x_wconf 88' lang='lat' dir='ltr'>Verum</span> <span class='ocrx_word' id='word_1_35' title='bbox 1476 503 1696 554; x_wconf 89' lang='lat' dir='ltr'>quoniam</span> <span class='ocrx_word' id='word_1_36' title='bbox 1724 503 1770 542; x_wconf 91' lang='lat' dir='ltr'>in</span> <span class='ocrx_word' id='word_1_37' title='bbox 1791 502 1926 553; x_wconf 90' lang='lat' dir='ltr'>hujus</span> 
     </span>
     <span class='ocr_line' id='line_1_6' title="bbox 295 573 1926 624; baseline 0 -12"><span class='ocrx_word' id='word_1_38' title='bbox 295 573 644 623; x_wconf 71' lang='lat' dir='ltr'>vigilantissimi</span> <span class='ocrx_word' id='word_1_39' title='bbox 678 574 881 624; x_wconf 89' lang='lat' dir='ltr'>pastoris</span> <span class='ocrx_word' id='word_1_40' title='bbox 916 585 1179 614; x_wconf 88' lang='lat' dir='ltr'>sermonem</span> <span class='ocrx_word' id='word_1_41' title='bbox 1209 573 1480 624; x_wconf 75' lang='lat' dir='ltr'>incidimus,</span> <span class='ocrx_word' id='word_1_42' title='bbox 1508 585 1604 613; x_wconf 87' lang='lat' dir='ltr'>non</span> <span class='ocrx_word' id='word_1_43' title='bbox 1637 573 1926 613; x_wconf 79' lang='lat' dir='ltr'>committam</span> 
     </span>
     <span class='ocr_line' id='line_1_7' title="bbox 294 643 1927 696; baseline 0 -13"><span class='ocrx_word' id='word_1_44' title='bbox 294 644 421 695; x_wconf 89' lang='lat' dir='ltr'>quim</span> <span class='ocrx_word' id='word_1_45' title='bbox 451 655 638 683; x_wconf 82' lang='lat' dir='ltr'>narrem</span> <span class='ocrx_word' id='word_1_46' title='bbox 678 656 767 695; x_wconf 93' lang='lat' dir='ltr'>quo</span> <span class='ocrx_word' id='word_1_47' title='bbox 802 650 964 696; x_wconf 91' lang='lat' dir='ltr'>pacto,</span> <span class='ocrx_word' id='word_1_48' title='bbox 997 652 1046 684; x_wconf 93' lang='lat' dir='ltr'>ut</span> <span class='ocrx_word' id='word_1_49' title='bbox 1073 645 1274 695; x_wconf 88' lang='lat' dir='ltr'>primum</span> <span class='ocrx_word' id='word_1_50' title='bbox 1306 644 1352 683; x_wconf 91' lang='lat' dir='ltr'>in</span> <span class='ocrx_word' id='word_1_51' title='bbox 1379 644 1500 683; x_wconf 84' lang='lat' dir='ltr'>hanc</span> <span class='ocrx_word' id='word_1_52' title='bbox 1537 643 1699 683; x_wconf 87' lang='lat' dir='ltr'>urbem</span> <span class='ocrx_word' id='word_1_53' title='bbox 1727 644 1927 695; x_wconf 87' lang='lat' dir='ltr'>ingressi</span> 
     </span>
     <span class='ocr_line' id='line_1_8' title="bbox 293 715 1927 765; baseline 0.001 -13"><span class='ocrx_word' id='word_1_54' title='bbox 293 725 469 763; x_wconf 88' lang='lat' dir='ltr'>sumus,</span> <span class='ocrx_word' id='word_1_55' title='bbox 491 726 575 753; x_wconf 92' lang='lat' dir='ltr'>nos</span> <span class='ocrx_word' id='word_1_56' title='bbox 597 721 836 765; x_wconf 75' lang='lat' dir='ltr'>tamquam</span> <span class='ocrx_word' id='word_1_57' title='bbox 857 715 976 755; x_wconf 87' lang='lat' dir='ltr'>filios</span> <span class='ocrx_word' id='word_1_58' title='bbox 1001 715 1207 754; x_wconf 78' lang='lat' dir='ltr'>maximo</span> <span class='ocrx_word' id='word_1_59' title='bbox 1231 726 1389 754; x_wconf 86' lang='lat' dir='ltr'>amore</span> <span class='ocrx_word' id='word_1_60' title='bbox 1407 715 1693 765; x_wconf 83' lang='lat' dir='ltr'>complexus,</span> <span class='ocrx_word' id='word_1_61' title='bbox 1725 715 1858 754; x_wconf 88' lang='lat' dir='ltr'>nobis</span> <span class='ocrx_word' id='word_1_62' title='bbox 1879 726 1927 754; x_wconf 93' lang='lat' dir='ltr'>se</span> 
     </span>
     <span class='ocr_line' id='line_1_9' title="bbox 295 785 1926 836; baseline 0 -12"><span class='ocrx_word' id='word_1_63' title='bbox 295 792 442 824; x_wconf 89' lang='lat' dir='ltr'>totum</span> <span class='ocrx_word' id='word_1_64' title='bbox 456 797 513 824; x_wconf 75' lang='lat' dir='ltr'>ex</span> <span class='ocrx_word' id='word_1_65' title='bbox 535 785 688 825; x_wconf 87' lang='lat' dir='ltr'>animo</span> <span class='ocrx_word' id='word_1_66' title='bbox 706 786 869 826; x_wconf 86' lang='lat' dir='ltr'>obtulit</span> <span class='ocrx_word' id='word_1_67' title='bbox 890 793 934 826; x_wconf 89' lang='lat' dir='ltr'>et</span> <span class='ocrx_word' id='word_1_68' title='bbox 957 785 1160 826; x_wconf 88' lang='lat' dir='ltr'>studium</span> <span class='ocrx_word' id='word_1_69' title='bbox 1182 797 1316 825; x_wconf 90' lang='lat' dir='ltr'>suum</span> <span class='ocrx_word' id='word_1_70' title='bbox 1332 785 1566 836; x_wconf 84' lang='lat' dir='ltr'>pollicitus</span> <span class='ocrx_word' id='word_1_71' title='bbox 1584 791 1673 835; x_wconf 74' lang='lat' dir='ltr'>est,</span> <span class='ocrx_word' id='word_1_72' title='bbox 1690 785 1814 836; x_wconf 93' lang='lat' dir='ltr'>quod</span> <span class='ocrx_word' id='word_1_73' title='bbox 1835 786 1926 836; x_wconf 92' lang='lat' dir='ltr'>qui-</span> 
     </span>
     <span class='ocr_line' id='line_1_10' title="bbox 293 855 1927 906; baseline 0.001 -12"><span class='ocrx_word' id='word_1_74' title='bbox 293 855 399 895; x_wconf 87' lang='lat' dir='ltr'>dem</span> <span class='ocrx_word' id='word_1_75' title='bbox 416 855 596 894; x_wconf 73' lang='lat' dir='ltr'>abunde</span> <span class='ocrx_word' id='word_1_76' title='bbox 612 860 866 906; x_wconf 71' lang='lat' dir='ltr'>praestare</span> <span class='ocrx_word' id='word_1_77' title='bbox 888 857 1097 896; x_wconf 64' lang='lat' dir='ltr'>cernitur</span> <span class='ocrx_word' id='word_1_78' title='bbox 1118 857 1165 896; x_wconf 90' lang='lat' dir='ltr'>in</span> <span class='ocrx_word' id='word_1_79' title='bbox 1189 868 1302 896; x_wconf 89' lang='lat' dir='ltr'>cura</span> <span class='ocrx_word' id='word_1_80' title='bbox 1324 862 1367 895; x_wconf 91' lang='lat' dir='ltr'>et</span> <span class='ocrx_word' id='word_1_81' title='bbox 1389 856 1698 906; x_wconf 82' lang='lat' dir='ltr'>solicitudine,</span> <span class='ocrx_word' id='word_1_82' title='bbox 1719 867 1859 906; x_wconf 91' lang='lat' dir='ltr'>quam</span> <span class='ocrx_word' id='word_1_83' title='bbox 1881 856 1927 895; x_wconf 92' lang='lat' dir='ltr'>in</span> 
     </span>
     <span class='ocr_line' id='line_1_11' title="bbox 294 926 1928 980; baseline 0.001 -15"><span class='ocrx_word' id='word_1_84' title='bbox 294 926 468 966; x_wconf 90' lang='lat' dir='ltr'>nostris</span> <span class='ocrx_word' id='word_1_85' title='bbox 495 927 633 966; x_wconf 89' lang='lat' dir='ltr'>rebus</span> <span class='ocrx_word' id='word_1_86' title='bbox 655 927 850 977; x_wconf 78' lang='lat' dir='ltr'>agendis</span> <span class='ocrx_word' id='word_1_87' title='bbox 866 928 1075 977; x_wconf 85' lang='lat' dir='ltr'>suscipit.</span> <span class='ocrx_word' id='word_1_88' title='bbox 1104 927 1209 980; x_wconf 92' lang='lat' dir='ltr'>Jam</span> <span class='ocrx_word' id='word_1_89' title='bbox 1229 927 1299 966; x_wconf 89' lang='lat' dir='ltr'>bis</span> <span class='ocrx_word' id='word_1_90' title='bbox 1318 933 1448 966; x_wconf 80' lang='lat' dir='ltr'>terve</span> <span class='ocrx_word' id='word_1_91' title='bbox 1466 927 1625 966; x_wconf 86' lang='lat' dir='ltr'>invisit</span> <span class='ocrx_word' id='word_1_92' title='bbox 1642 926 1851 966; x_wconf 86' lang='lat' dir='ltr'>scholam</span> <span class='ocrx_word' id='word_1_93' title='bbox 1873 938 1928 966; x_wconf 89' lang='lat' dir='ltr'>ac</span> 
     </span>
     <span class='ocr_line' id='line_1_12' title="bbox 294 997 1929 1049; baseline 0 -13"><span class='ocrx_word' id='word_1_94' title='bbox 294 1008 467 1047; x_wconf 89' lang='lat' dir='ltr'>magno</span> <span class='ocrx_word' id='word_1_95' title='bbox 482 997 773 1048; x_wconf 85' lang='lat' dir='ltr'>perfunditur</span> <span class='ocrx_word' id='word_1_96' title='bbox 785 998 957 1048; x_wconf 89' lang='lat' dir='ltr'>gaudio</span> <span class='ocrx_word' id='word_1_97' title='bbox 975 1010 1081 1038; x_wconf 90' lang='lat' dir='ltr'>cum</span> <span class='ocrx_word' id='word_1_98' title='bbox 1097 1009 1267 1049; x_wconf 88' lang='lat' dir='ltr'>pueros</span> <span class='ocrx_word' id='word_1_99' title='bbox 1281 1004 1411 1037; x_wconf 86' lang='lat' dir='ltr'>tanta</span> <span class='ocrx_word' id='word_1_100' title='bbox 1424 997 1685 1037; x_wconf 88' lang='lat' dir='ltr'>humilitate</span> <span class='ocrx_word' id='word_1_101' title='bbox 1697 1004 1739 1036; x_wconf 92' lang='lat' dir='ltr'>et</span> <span class='ocrx_word' id='word_1_102' title='bbox 1759 997 1929 1048; x_wconf 89' lang='lat' dir='ltr'>pietate</span> 
     </span>
     <span class='ocr_line' id='line_1_13' title="bbox 295 1068 1927 1120; baseline -0.001 -13"><span class='ocrx_word' id='word_1_103' title='bbox 295 1074 488 1107; x_wconf 87' lang='lat' dir='ltr'>ornatos</span> <span class='ocrx_word' id='word_1_104' title='bbox 510 1068 840 1119; x_wconf 86' lang='lat' dir='ltr'>circumspicit,</span> <span class='ocrx_word' id='word_1_105' title='bbox 864 1081 949 1108; x_wconf 89' lang='lat' dir='ltr'>nec</span> <span class='ocrx_word' id='word_1_106' title='bbox 971 1081 1065 1109; x_wconf 91' lang='lat' dir='ltr'>non</span> <span class='ocrx_word' id='word_1_107' title='bbox 1085 1069 1210 1108; x_wconf 89' lang='lat' dir='ltr'>haud</span> <span class='ocrx_word' id='word_1_108' title='bbox 1227 1080 1394 1120; x_wconf 83' lang='lat' dir='ltr'>parum</span> <span class='ocrx_word' id='word_1_109' title='bbox 1415 1080 1473 1108; x_wconf 84' lang='lat' dir='ltr'>ex</span> <span class='ocrx_word' id='word_1_110' title='bbox 1493 1068 1640 1107; x_wconf 91' lang='lat' dir='ltr'>literis</span> <span class='ocrx_word' id='word_1_111' title='bbox 1661 1079 1740 1107; x_wconf 90' lang='lat' dir='ltr'>eos</span> <span class='ocrx_word' id='word_1_112' title='bbox 1760 1073 1927 1118; x_wconf 75' lang='lat' dir='ltr'>capere</span> 
     </span>
     <span class='ocr_line' id='line_1_14' title="bbox 292 1137 1924 1190; baseline 0 -13"><span class='ocrx_word' id='word_1_113' title='bbox 292 1137 496 1178; x_wconf 87' lang='lat' dir='ltr'>fructum</span> <span class='ocrx_word' id='word_1_114' title='bbox 519 1138 746 1189; x_wconf 88' lang='lat' dir='ltr'>intelligit.</span> <span class='ocrx_word' id='word_1_115' title='bbox 773 1138 899 1179; x_wconf 82' lang='lat' dir='ltr'>Solet</span> <span class='ocrx_word' id='word_1_116' title='bbox 920 1151 1268 1190; x_wconf 85' lang='lat' dir='ltr'>nonnumquam</span> <span class='ocrx_word' id='word_1_117' title='bbox 1290 1139 1444 1178; x_wconf 88' lang='lat' dir='ltr'>dicere</span> <span class='ocrx_word' id='word_1_118' title='bbox 1472 1139 1660 1178; x_wconf 90' lang='lat' dir='ltr'>nomine</span> <span class='ocrx_word' id='word_1_119' title='bbox 1684 1138 1924 1178; x_wconf 89' lang='lat' dir='ltr'>doctrinae</span> 
     </span>
     <span class='ocr_line' id='line_1_15' title="bbox 293 1209 1926 1261; baseline 0 -13"><span class='ocrx_word' id='word_1_120' title='bbox 293 1209 491 1248; x_wconf 87' lang='lat' dir='ltr'>Virtutes</span> <span class='ocrx_word' id='word_1_121' title='bbox 513 1220 614 1249; x_wconf 91' lang='lat' dir='ltr'>esse</span> <span class='ocrx_word' id='word_1_122' title='bbox 632 1210 919 1249; x_wconf 86' lang='lat' dir='ltr'>inserendas.</span> <span class='ocrx_word' id='word_1_123' title='bbox 940 1210 983 1249; x_wconf 93' lang='lat' dir='ltr'>Is</span> <span class='ocrx_word' id='word_1_124' title='bbox 1004 1210 1159 1261; x_wconf 89' lang='lat' dir='ltr'>itaque</span> <span class='ocrx_word' id='word_1_125' title='bbox 1180 1210 1225 1248; x_wconf 92' lang='lat' dir='ltr'>in</span> <span class='ocrx_word' id='word_1_126' title='bbox 1243 1209 1422 1249; x_wconf 90' lang='lat' dir='ltr'>cunctis</span> <span class='ocrx_word' id='word_1_127' title='bbox 1440 1209 1577 1249; x_wconf 90' lang='lat' dir='ltr'>rebus</span> <span class='ocrx_word' id='word_1_128' title='bbox 1596 1221 1730 1260; x_wconf 90' lang='lat' dir='ltr'>opem</span> <span class='ocrx_word' id='word_1_129' title='bbox 1748 1209 1850 1257; x_wconf 85' lang='lat' dir='ltr'>fert,</span> <span class='ocrx_word' id='word_1_130' title='bbox 1873 1219 1926 1248; x_wconf 90' lang='lat' dir='ltr'>ac</span> 
     </span>
     <span class='ocr_line' id='line_1_16' title="bbox 292 1280 1930 1331; baseline -0.001 -12"><span class='ocrx_word' id='word_1_131' title='bbox 292 1280 369 1319; x_wconf 91' lang='lat' dir='ltr'>ille</span> <span class='ocrx_word' id='word_1_132' title='bbox 387 1280 597 1331; x_wconf 85' lang='lat' dir='ltr'>quidem,</span> <span class='ocrx_word' id='word_1_133' title='bbox 622 1280 660 1319; x_wconf 91' lang='lat' dir='ltr'>si</span> <span class='ocrx_word' id='word_1_134' title='bbox 682 1280 857 1320; x_wconf 78' lang='lat' dir='ltr'>divitiis</span> <span class='ocrx_word' id='word_1_135' title='bbox 879 1292 934 1320; x_wconf 90' lang='lat' dir='ltr'>ac</span> <span class='ocrx_word' id='word_1_136' title='bbox 961 1280 1121 1320; x_wconf 88' lang='lat' dir='ltr'>mundi</span> <span class='ocrx_word' id='word_1_137' title='bbox 1143 1281 1308 1331; x_wconf 89' lang='lat' dir='ltr'>opibus</span> <span class='ocrx_word' id='word_1_138' title='bbox 1330 1280 1557 1330; x_wconf 87' lang='lat' dir='ltr'>afflueret,</span> <span class='ocrx_word' id='word_1_139' title='bbox 1582 1280 1716 1320; x_wconf 86' lang='lat' dir='ltr'>nobis</span> <span class='ocrx_word' id='word_1_140' title='bbox 1736 1291 1930 1330; x_wconf 84' lang='lat' dir='ltr'>prorsus</span> 
     </span>
     <span class='ocr_line' id='line_1_17' title="bbox 300 1349 1929 1402; baseline -0.001 -12"><span class='ocrx_word' id='word_1_141' title='bbox 300 1351 568 1390; x_wconf 88' lang='lat' dir='ltr'>necessaria</span> <span class='ocrx_word' id='word_1_142' title='bbox 590 1351 744 1390; x_wconf 89' lang='lat' dir='ltr'>omnia</span> <span class='ocrx_word' id='word_1_143' title='bbox 766 1351 1058 1401; x_wconf 81' lang='lat' dir='ltr'>elargiretur.</span> <span class='ocrx_word' id='word_1_144' title='bbox 1092 1350 1155 1391; x_wconf 87' lang='lat' dir='ltr'>At</span> <span class='ocrx_word' id='word_1_145' title='bbox 1176 1362 1290 1390; x_wconf 86' lang='lat' dir='ltr'>vero</span> <span class='ocrx_word' id='word_1_146' title='bbox 1311 1363 1396 1402; x_wconf 91' lang='lat' dir='ltr'>pro</span> <span class='ocrx_word' id='word_1_147' title='bbox 1418 1350 1635 1390; x_wconf 76' lang='lat' dir='ltr'>tenuibus</span> <span class='ocrx_word' id='word_1_148' title='bbox 1666 1350 1762 1390; x_wconf 89' lang='lat' dir='ltr'>suis</span> <span class='ocrx_word' id='word_1_149' title='bbox 1788 1349 1929 1389; x_wconf 62' lang='lat' dir='ltr'>fortu&gt;</span> 
     </span>
     <span class='ocr_line' id='line_1_18' title="bbox 292 1420 1929 1471; baseline 0 -11"><span class='ocrx_word' id='word_1_150' title='bbox 292 1421 380 1471; x_wconf 89' lang='lat' dir='ltr'>nis,</span> <span class='ocrx_word' id='word_1_151' title='bbox 414 1421 460 1460; x_wconf 93' lang='lat' dir='ltr'>in</span> <span class='ocrx_word' id='word_1_152' title='bbox 493 1432 578 1460; x_wconf 89' lang='lat' dir='ltr'>nos</span> <span class='ocrx_word' id='word_1_153' title='bbox 613 1421 819 1461; x_wconf 77' lang='lat' dir='ltr'>maxima</span> <span class='ocrx_word' id='word_1_154' title='bbox 855 1421 1036 1461; x_wconf 86' lang='lat' dir='ltr'>confert</span> <span class='ocrx_word' id='word_1_155' title='bbox 1068 1421 1307 1461; x_wconf 88' lang='lat' dir='ltr'>beneficia.</span> <span class='ocrx_word' id='word_1_156' title='bbox 1338 1421 1516 1461; x_wconf 83' lang='lat' dir='ltr'>Verum</span> <span class='ocrx_word' id='word_1_157' title='bbox 1550 1428 1599 1461; x_wconf 91' lang='lat' dir='ltr'>ut</span> <span class='ocrx_word' id='word_1_158' title='bbox 1635 1421 1692 1460; x_wconf 88' lang='lat' dir='ltr'>ad</span> <span class='ocrx_word' id='word_1_159' title='bbox 1727 1420 1773 1460; x_wconf 87' lang='lat' dir='ltr'>id</span> <span class='ocrx_word' id='word_1_160' title='bbox 1808 1420 1929 1460; x_wconf 89' lang='lat' dir='ltr'>unde</span> 
     </span>
     <span class='ocr_line' id='line_1_19' title="bbox 293 1491 1930 1544; baseline 0 -14"><span class='ocrx_word' id='word_1_161' title='bbox 293 1491 488 1531; x_wconf 87' lang='lat' dir='ltr'>discessi</span> <span class='ocrx_word' id='word_1_162' title='bbox 510 1498 738 1542; x_wconf 88' lang='lat' dir='ltr'>revertar,</span> <span class='ocrx_word' id='word_1_163' title='bbox 765 1492 914 1532; x_wconf 86' lang='lat' dir='ltr'>oratio</span> <span class='ocrx_word' id='word_1_164' title='bbox 938 1492 1096 1532; x_wconf 88' lang='lat' dir='ltr'>habita</span> <span class='ocrx_word' id='word_1_165' title='bbox 1125 1492 1241 1532; x_wconf 86' lang='lat' dir='ltr'>adeo</span> <span class='ocrx_word' id='word_1_166' title='bbox 1269 1493 1445 1544; x_wconf 88' lang='lat' dir='ltr'>placuit</span> <span class='ocrx_word' id='word_1_167' title='bbox 1473 1492 1706 1543; x_wconf 85' lang='lat' dir='ltr'>Episcopo</span> <span class='ocrx_word' id='word_1_168' title='bbox 1737 1495 1788 1530; x_wconf 76' lang='lat' dir='ltr'>nt</span> <span class='ocrx_word' id='word_1_169' title='bbox 1811 1491 1930 1530; x_wconf 90' lang='lat' dir='ltr'>dice-</span> 
     </span>
     <span class='ocr_line' id='line_1_20' title="bbox 294 1562 1928 1614; baseline 0 -13"><span class='ocrx_word' id='word_1_170' title='bbox 294 1569 383 1602; x_wconf 88' lang='lat' dir='ltr'>ret:</span> <span class='ocrx_word' id='word_1_171' title='bbox 411 1563 473 1602; x_wconf 80' lang='lat' dir='ltr'>“si</span> <span class='ocrx_word' id='word_1_172' title='bbox 493 1563 822 1613; x_wconf 79' lang='lat' dir='ltr'>cognovissem</span> <span class='ocrx_word' id='word_1_173' title='bbox 841 1575 938 1603; x_wconf 89' lang='lat' dir='ltr'>rem</span> <span class='ocrx_word' id='word_1_174' title='bbox 955 1570 1051 1603; x_wconf 90' lang='lat' dir='ltr'>tam</span> <span class='ocrx_word' id='word_1_175' title='bbox 1068 1569 1175 1614; x_wconf 91' lang='lat' dir='ltr'>apte</span> <span class='ocrx_word' id='word_1_176' title='bbox 1192 1569 1236 1603; x_wconf 92' lang='lat' dir='ltr'>et</span> <span class='ocrx_word' id='word_1_177' title='bbox 1253 1570 1415 1603; x_wconf 92' lang='lat' dir='ltr'>ornate</span> <span class='ocrx_word' id='word_1_178' title='bbox 1432 1562 1738 1612; x_wconf 86' lang='lat' dir='ltr'>efficiendam,</span> <span class='ocrx_word' id='word_1_179' title='bbox 1757 1573 1928 1601; x_wconf 77' lang='lat' dir='ltr'>convo-</span> 
     </span>
     <span class='ocr_line' id='line_1_21' title="bbox 292 1632 1928 1685; baseline -0.001 -13"><span class='ocrx_word' id='word_1_180' title='bbox 292 1644 476 1672; x_wconf 89' lang='lat' dir='ltr'>cassem</span> <span class='ocrx_word' id='word_1_181' title='bbox 505 1633 682 1684; x_wconf 89' lang='lat' dir='ltr'>(inquit)</span> <span class='ocrx_word' id='word_1_182' title='bbox 718 1634 992 1673; x_wconf 85' lang='lat' dir='ltr'>universum</span> <span class='ocrx_word' id='word_1_183' title='bbox 1025 1635 1246 1685; x_wconf 89' lang='lat' dir='ltr'>populum</span> <span class='ocrx_word' id='word_1_184' title='bbox 1261 1666 1294 1682; x_wconf 85' lang='lat'>„.</span> <span class='ocrx_word' id='word_1_185' title='bbox 1334 1633 1495 1673; x_wconf 86' lang='lat' dir='ltr'>Oratio</span> <span class='ocrx_word' id='word_1_186' title='bbox 1527 1632 1753 1673; x_wconf 82' lang='lat' dir='ltr'>satisfecit</span> <span class='ocrx_word' id='word_1_187' title='bbox 1789 1633 1928 1672; x_wconf 88' lang='lat' dir='ltr'>etiam</span> 
     </span>
     <span class='ocr_line' id='line_1_22' title="bbox 294 1703 1924 1756; baseline 0 -14"><span class='ocrx_word' id='word_1_188' title='bbox 294 1703 490 1753; x_wconf 84' lang='lat' dir='ltr'>civibus,</span> <span class='ocrx_word' id='word_1_189' title='bbox 515 1704 637 1743; x_wconf 74' lang='lat' dir='ltr'>unde</span> <span class='ocrx_word' id='word_1_190' title='bbox 659 1705 882 1755; x_wconf 89' lang='lat' dir='ltr'>nonnulli,</span> <span class='ocrx_word' id='word_1_191' title='bbox 908 1705 985 1756; x_wconf 90' lang='lat' dir='ltr'>qui</span> <span class='ocrx_word' id='word_1_192' title='bbox 1006 1716 1091 1744; x_wconf 91' lang='lat' dir='ltr'>nos</span> <span class='ocrx_word' id='word_1_193' title='bbox 1120 1705 1226 1744; x_wconf 93' lang='lat' dir='ltr'>odio</span> <span class='ocrx_word' id='word_1_194' title='bbox 1249 1704 1476 1744; x_wconf 88' lang='lat' dir='ltr'>hactenus</span> <span class='ocrx_word' id='word_1_195' title='bbox 1507 1703 1924 1755; x_wconf 86' lang='lat' dir='ltr'>prosequebantur,</span> 
     </span>
     <span class='ocr_line' id='line_1_23' title="bbox 280 1773 1928 1824; baseline 0 -11"><span class='ocrx_word' id='word_1_196' title='bbox 280 1774 391 1824; x_wconf 79' lang='lat' dir='ltr'>jam</span> <span class='ocrx_word' id='word_1_197' title='bbox 414 1781 520 1814; x_wconf 89' lang='lat' dir='ltr'>sunt</span> <span class='ocrx_word' id='word_1_198' title='bbox 541 1775 674 1815; x_wconf 90' lang='lat' dir='ltr'>nobis</span> <span class='ocrx_word' id='word_1_199' title='bbox 703 1775 842 1815; x_wconf 88' lang='lat' dir='ltr'>amici</span> <span class='ocrx_word' id='word_1_200' title='bbox 864 1787 918 1815; x_wconf 90' lang='lat' dir='ltr'>ac</span> <span class='ocrx_word' id='word_1_201' title='bbox 941 1776 1105 1815; x_wconf 88' lang='lat' dir='ltr'>studiis</span> <span class='ocrx_word' id='word_1_202' title='bbox 1134 1775 1308 1815; x_wconf 88' lang='lat' dir='ltr'>nostris</span> <span class='ocrx_word' id='word_1_203' title='bbox 1328 1774 1503 1814; x_wconf 87' lang='lat' dir='ltr'>favent.</span> <span class='ocrx_word' id='word_1_204' title='bbox 1535 1773 1757 1814; x_wconf 87' lang='lat' dir='ltr'>Oratione</span> <span class='ocrx_word' id='word_1_205' title='bbox 1785 1774 1928 1824; x_wconf 90' lang='lat' dir='ltr'>igitur</span> 
     </span>
     <span class='ocr_line' id='line_1_24' title="bbox 292 1844 1921 1897; baseline -0.001 -12"><span class='ocrx_word' id='word_1_206' title='bbox 292 1852 527 1896; x_wconf 88' lang='lat' dir='ltr'>perorata,</span> <span class='ocrx_word' id='word_1_207' title='bbox 552 1846 740 1897; x_wconf 85' lang='lat' dir='ltr'>quidam</span> <span class='ocrx_word' id='word_1_208' title='bbox 761 1858 941 1893; x_wconf 74' lang='lat' dir='ltr'>eornm,</span> <span class='ocrx_word' id='word_1_209' title='bbox 970 1857 1062 1886; x_wconf 77' lang='lat' dir='ltr'>non</span> <span class='ocrx_word' id='word_1_210' title='bbox 1083 1846 1276 1897; x_wconf 70' lang='lat' dir='ltr'>infimae</span> <span class='ocrx_word' id='word_1_211' title='bbox 1298 1849 1452 1895; x_wconf 76' lang='lat' dir='ltr'>notae,</span> <span class='ocrx_word' id='word_1_212' title='bbox 1474 1845 1591 1885; x_wconf 95' lang='lat' dir='ltr'>adeo</span> <span class='ocrx_word' id='word_1_213' title='bbox 1613 1844 1698 1884; x_wconf 87' lang='lat' dir='ltr'>fuit</span> <span class='ocrx_word' id='word_1_214' title='bbox 1719 1856 1921 1884; x_wconf 90' lang='lat' dir='ltr'>commo-</span> 
     </span>
     <span class='ocr_line' id='line_1_25' title="bbox 292 1915 1925 1968; baseline 0 -13"><span class='ocrx_word' id='word_1_215' title='bbox 292 1923 366 1956; x_wconf 89' lang='lat' dir='ltr'>tus</span> <span class='ocrx_word' id='word_1_216' title='bbox 395 1924 441 1956; x_wconf 92' lang='lat' dir='ltr'>ut</span> <span class='ocrx_word' id='word_1_217' title='bbox 474 1928 587 1967; x_wconf 88' lang='lat' dir='ltr'>prae</span> <span class='ocrx_word' id='word_1_218' title='bbox 625 1918 798 1967; x_wconf 89' lang='lat' dir='ltr'>gaudio</span> <span class='ocrx_word' id='word_1_219' title='bbox 824 1918 989 1968; x_wconf 74' lang='lat' dir='ltr'>flendo</span> <span class='ocrx_word' id='word_1_220' title='bbox 1027 1918 1182 1968; x_wconf 89' lang='lat' dir='ltr'>palam</span> <span class='ocrx_word' id='word_1_221' title='bbox 1217 1917 1511 1968; x_wconf 86' lang='lat' dir='ltr'>praedicaret</span> <span class='ocrx_word' id='word_1_222' title='bbox 1543 1916 1769 1956; x_wconf 87' lang='lat' dir='ltr'>Mutinam</span> <span class='ocrx_word' id='word_1_223' title='bbox 1801 1915 1925 1955; x_wconf 85' lang='lat' dir='ltr'>haud</span> 
     </span>
     <span class='ocr_line' id='line_1_26' title="bbox 289 1987 1926 2038; baseline -0.001 -11"><span class='ocrx_word' id='word_1_224' title='bbox 289 1987 481 2038; x_wconf 86' lang='lat' dir='ltr'>dignam</span> <span class='ocrx_word' id='word_1_225' title='bbox 502 1999 628 2027; x_wconf 89' lang='lat' dir='ltr'>essse</span> <span class='ocrx_word' id='word_1_226' title='bbox 650 1994 811 2028; x_wconf 89' lang='lat' dir='ltr'>nostra</span> <span class='ocrx_word' id='word_1_227' title='bbox 834 1988 1167 2028; x_wconf 90' lang='lat' dir='ltr'>consuetudine</span> <span class='ocrx_word' id='word_1_228' title='bbox 1190 1994 1233 2027; x_wconf 92' lang='lat' dir='ltr'>et</span> <span class='ocrx_word' id='word_1_229' title='bbox 1250 1987 1432 2037; x_wconf 88' lang='lat' dir='ltr'>studiis,</span> <span class='ocrx_word' id='word_1_230' title='bbox 1456 1987 1625 2038; x_wconf 90' lang='lat' dir='ltr'>quippe</span> <span class='ocrx_word' id='word_1_231' title='bbox 1647 1998 1753 2026; x_wconf 89' lang='lat' dir='ltr'>cum</span> <span class='ocrx_word' id='word_1_232' title='bbox 1774 1987 1926 2026; x_wconf 90' lang='lat' dir='ltr'>locum</span> 
     </span>
     <span class='ocr_line' id='line_1_27' title="bbox 289 2058 1923 2109; baseline -0.001 -12"><span class='ocrx_word' id='word_1_233' title='bbox 289 2058 655 2098; x_wconf 85' lang='lat' dir='ltr'>commodiorem</span> <span class='ocrx_word' id='word_1_234' title='bbox 671 2071 764 2098; x_wconf 89' lang='lat' dir='ltr'>non</span> <span class='ocrx_word' id='word_1_235' title='bbox 781 2059 1039 2109; x_wconf 86' lang='lat' dir='ltr'>praeberet.</span> <span class='ocrx_word' id='word_1_236' title='bbox 1060 2058 1310 2098; x_wconf 85' lang='lat' dir='ltr'>Praeterea</span> <span class='ocrx_word' id='word_1_237' title='bbox 1328 2069 1429 2097; x_wconf 88' lang='lat' dir='ltr'>sese</span> <span class='ocrx_word' id='word_1_238' title='bbox 1446 2064 1593 2097; x_wconf 91' lang='lat' dir='ltr'>totum</span> <span class='ocrx_word' id='word_1_239' title='bbox 1611 2068 1784 2107; x_wconf 88' lang='lat' dir='ltr'>magna</span> <span class='ocrx_word' id='word_1_240' title='bbox 1803 2068 1923 2096; x_wconf 88' lang='lat' dir='ltr'>amo·</span> 
     </span>
     <span class='ocr_line' id='line_1_28' title="bbox 289 2127 1926 2179; baseline -0.002 -10"><span class='ocrx_word' id='word_1_241' title='bbox 289 2129 356 2169; x_wconf 89' lang='lat' dir='ltr'>ris</span> <span class='ocrx_word' id='word_1_242' title='bbox 383 2128 722 2179; x_wconf 86' lang='lat' dir='ltr'>significatione</span> <span class='ocrx_word' id='word_1_243' title='bbox 754 2128 970 2168; x_wconf 84' lang='lat' dir='ltr'>Patribus</span> <span class='ocrx_word' id='word_1_244' title='bbox 993 2129 1183 2168; x_wconf 88' lang='lat' dir='ltr'>tradidit</span> <span class='ocrx_word' id='word_1_245' title='bbox 1214 2135 1278 2176; x_wconf 89' lang='lat' dir='ltr'>et,</span> <span class='ocrx_word' id='word_1_246' title='bbox 1313 2128 1693 2179; x_wconf 87' lang='lat' dir='ltr'>quotiescumque</span> <span class='ocrx_word' id='word_1_247' title='bbox 1724 2127 1858 2167; x_wconf 90' lang='lat' dir='ltr'>nobis</span> <span class='ocrx_word' id='word_1_248' title='bbox 1880 2127 1926 2166; x_wconf 90' lang='lat' dir='ltr'>in</span> 
     </span>
     <span class='ocr_line' id='line_1_29' title="bbox 290 2197 1922 2250; baseline -0.002 -11"><span class='ocrx_word' id='word_1_249' title='bbox 290 2200 369 2239; x_wconf 81' lang='lat' dir='ltr'>via</span> <span class='ocrx_word' id='word_1_250' title='bbox 391 2200 438 2239; x_wconf 86' lang='lat' dir='ltr'>fit</span> <span class='ocrx_word' id='word_1_251' title='bbox 460 2200 661 2249; x_wconf 85' lang='lat' dir='ltr'>obviam,</span> <span class='ocrx_word' id='word_1_252' title='bbox 686 2200 975 2250; x_wconf 87' lang='lat' dir='ltr'>singularem</span> <span class='ocrx_word' id='word_1_253' title='bbox 997 2200 1203 2239; x_wconf 89' lang='lat' dir='ltr'>animum</span> <span class='ocrx_word' id='word_1_254' title='bbox 1232 2211 1287 2239; x_wconf 90' lang='lat' dir='ltr'>ac</span> <span class='ocrx_word' id='word_1_255' title='bbox 1316 2198 1519 2238; x_wconf 85' lang='lat' dir='ltr'>studium</span> <span class='ocrx_word' id='word_1_256' title='bbox 1546 2199 1679 2238; x_wconf 89' lang='lat' dir='ltr'>nobis</span> <span class='ocrx_word' id='word_1_257' title='bbox 1707 2197 1922 2238; x_wconf 90' lang='lat' dir='ltr'>ostendit.</span> 
     </span>
     <span class='ocr_line' id='line_1_30' title="bbox 292 2269 1925 2322; baseline -0.002 -12"><span class='ocrx_word' id='word_1_258' title='bbox 292 2271 342 2310; x_wconf 87' lang='lat' dir='ltr'>In</span> <span class='ocrx_word' id='word_1_259' title='bbox 366 2271 454 2310; x_wconf 89' lang='lat' dir='ltr'>hac</span> <span class='ocrx_word' id='word_1_260' title='bbox 479 2271 591 2310; x_wconf 87' lang='lat' dir='ltr'>urbe</span> <span class='ocrx_word' id='word_1_261' title='bbox 613 2271 769 2322; x_wconf 88' lang='lat' dir='ltr'>opinio</span> <span class='ocrx_word' id='word_1_262' title='bbox 797 2270 1044 2310; x_wconf 82' lang='lat' dir='ltr'>Societatis</span> <span class='ocrx_word' id='word_1_263' title='bbox 1075 2270 1347 2310; x_wconf 87' lang='lat' dir='ltr'>diffunditur</span> <span class='ocrx_word' id='word_1_264' title='bbox 1369 2276 1411 2309; x_wconf 91' lang='lat' dir='ltr'>et</span> <span class='ocrx_word' id='word_1_265' title='bbox 1432 2270 1479 2309; x_wconf 91' lang='lat' dir='ltr'>in</span> <span class='ocrx_word' id='word_1_266' title='bbox 1501 2270 1600 2309; x_wconf 90' lang='lat' dir='ltr'>dies</span> <span class='ocrx_word' id='word_1_267' title='bbox 1622 2269 1850 2309; x_wconf 89' lang='lat' dir='ltr'>accrescit</span> <span class='ocrx_word' id='word_1_268' title='bbox 1881 2274 1925 2308; x_wconf 86' lang='lat' dir='ltr'>et</span> 
     </span>
     <span class='ocr_line' id='line_1_31' title="bbox 292 2340 1923 2392; baseline -0.002 -11"><span class='ocrx_word' id='word_1_269' title='bbox 292 2341 568 2390; x_wconf 78' lang='lat' dir='ltr'>adversarii,</span> <span class='ocrx_word' id='word_1_270' title='bbox 606 2341 683 2392; x_wconf 92' lang='lat' dir='ltr'>qui</span> <span class='ocrx_word' id='word_1_271' title='bbox 710 2341 896 2392; x_wconf 88' lang='lat' dir='ltr'>quidem</span> <span class='ocrx_word' id='word_1_272' title='bbox 923 2341 1111 2392; x_wconf 87' lang='lat' dir='ltr'>plurimi</span> <span class='ocrx_word' id='word_1_273' title='bbox 1142 2341 1387 2390; x_wconf 80' lang='lat' dir='ltr'>extabant,</span> <span class='ocrx_word' id='word_1_274' title='bbox 1420 2340 1466 2380; x_wconf 91' lang='lat' dir='ltr'>in</span> <span class='ocrx_word' id='word_1_275' title='bbox 1497 2340 1623 2380; x_wconf 85' lang='lat' dir='ltr'>viam</span> <span class='ocrx_word' id='word_1_276' title='bbox 1652 2340 1847 2379; x_wconf 90' lang='lat' dir='ltr'>redeunt</span> <span class='ocrx_word' id='word_1_277' title='bbox 1869 2350 1923 2378; x_wconf 90' lang='lat' dir='ltr'>ac</span> 
     </span>
     <span class='ocr_line' id='line_1_32' title="bbox 294 2412 709 2463; baseline 0 -12"><span class='ocrx_word' id='word_1_278' title='bbox 294 2412 427 2451; x_wconf 87' lang='lat' dir='ltr'>nobis</span> <span class='ocrx_word' id='word_1_279' title='bbox 449 2414 709 2463; x_wconf 82' lang='lat' dir='ltr'>placantur.</span> 
     </span>
    </p>

    <p class='ocr_par' dir='ltr' id='par_1_3' title="bbox 291 2480 1923 2957">
     <span class='ocr_line' id='line_1_33' title="bbox 371 2480 1922 2534; baseline -0.001 -12"><span class='ocrx_word' id='word_1_280' title='bbox 371 2483 617 2534; x_wconf 84' lang='lat' dir='ltr'>Reliquum</span> <span class='ocrx_word' id='word_1_281' title='bbox 638 2490 707 2522; x_wconf 88' lang='lat' dir='ltr'>est</span> <span class='ocrx_word' id='word_1_282' title='bbox 729 2490 776 2522; x_wconf 90' lang='lat' dir='ltr'>ut</span> <span class='ocrx_word' id='word_1_283' title='bbox 798 2482 960 2533; x_wconf 91' lang='lat' dir='ltr'>paucis</span> <span class='ocrx_word' id='word_1_284' title='bbox 987 2482 1228 2532; x_wconf 72' lang='lat' dir='ltr'>attingam</span> <span class='ocrx_word' id='word_1_285' title='bbox 1249 2482 1472 2532; x_wconf 88' lang='lat' dir='ltr'>fructum,</span> <span class='ocrx_word' id='word_1_286' title='bbox 1502 2481 1579 2532; x_wconf 90' lang='lat' dir='ltr'>qui</span> <span class='ocrx_word' id='word_1_287' title='bbox 1602 2482 1648 2521; x_wconf 92' lang='lat' dir='ltr'>in</span> <span class='ocrx_word' id='word_1_288' title='bbox 1672 2481 1838 2521; x_wconf 92' lang='lat' dir='ltr'>animis</span> <span class='ocrx_word' id='word_1_289' title='bbox 1855 2480 1922 2532; x_wconf 85' lang='lat' dir='ltr'>ju-</span> 
     </span>
     <span class='ocr_line' id='line_1_34' title="bbox 292 2552 1923 2605; baseline -0.001 -12"><span class='ocrx_word' id='word_1_290' title='bbox 292 2554 459 2593; x_wconf 73' lang='lat' dir='ltr'>vandis</span> <span class='ocrx_word' id='word_1_291' title='bbox 486 2565 568 2605; x_wconf 90' lang='lat' dir='ltr'>per</span> <span class='ocrx_word' id='word_1_292' title='bbox 597 2562 755 2605; x_wconf 86' lang='lat' dir='ltr'>patres</span> <span class='ocrx_word' id='word_1_293' title='bbox 786 2559 854 2593; x_wconf 88' lang='lat' dir='ltr'>est</span> <span class='ocrx_word' id='word_1_294' title='bbox 884 2560 1147 2604; x_wconf 86' lang='lat' dir='ltr'>perceptus,</span> <span class='ocrx_word' id='word_1_295' title='bbox 1173 2554 1250 2604; x_wconf 88' lang='lat' dir='ltr'>qui</span> <span class='ocrx_word' id='word_1_296' title='bbox 1277 2553 1463 2604; x_wconf 89' lang='lat' dir='ltr'>quidem</span> <span class='ocrx_word' id='word_1_297' title='bbox 1487 2559 1626 2602; x_wconf 88' lang='lat' dir='ltr'>certe,</span> <span class='ocrx_word' id='word_1_298' title='bbox 1655 2558 1703 2591; x_wconf 93' lang='lat' dir='ltr'>ut</span> <span class='ocrx_word' id='word_1_299' title='bbox 1732 2552 1778 2592; x_wconf 91' lang='lat' dir='ltr'>in</span> <span class='ocrx_word' id='word_1_300' title='bbox 1801 2552 1923 2591; x_wconf 89' lang='lat' dir='ltr'>hanc</span> 
     </span>
     <span class='ocr_line' id='line_1_35' title="bbox 291 2622 1922 2674; baseline -0.001 -11"><span class='ocrx_word' id='word_1_301' title='bbox 291 2625 491 2674; x_wconf 87' lang='lat' dir='ltr'>ingressi</span> <span class='ocrx_word' id='word_1_302' title='bbox 522 2632 627 2663; x_wconf 89' lang='lat' dir='ltr'>sunt</span> <span class='ocrx_word' id='word_1_303' title='bbox 657 2625 851 2674; x_wconf 88' lang='lat' dir='ltr'>Urbem,</span> <span class='ocrx_word' id='word_1_304' title='bbox 888 2635 937 2663; x_wconf 91' lang='lat' dir='ltr'>se</span> <span class='ocrx_word' id='word_1_305' title='bbox 967 2631 1090 2663; x_wconf 88' lang='lat' dir='ltr'>totos</span> <span class='ocrx_word' id='word_1_306' title='bbox 1121 2625 1414 2663; x_wconf 88' lang='lat' dir='ltr'>contulerunt</span> <span class='ocrx_word' id='word_1_307' title='bbox 1447 2630 1490 2663; x_wconf 90' lang='lat' dir='ltr'>et</span> <span class='ocrx_word' id='word_1_308' title='bbox 1520 2623 1580 2662; x_wconf 90' lang='lat' dir='ltr'>ad</span> <span class='ocrx_word' id='word_1_309' title='bbox 1607 2622 1922 2662; x_wconf 81' lang='lat' dir='ltr'>confessiones</span> 
     </span>
     <span class='ocr_line' id='line_1_36' title="bbox 291 2693 1921 2745; baseline -0.001 -11"><span class='ocrx_word' id='word_1_310' title='bbox 291 2695 548 2734; x_wconf 87' lang='lat' dir='ltr'>audiendas</span> <span class='ocrx_word' id='word_1_311' title='bbox 565 2705 617 2734; x_wconf 76' lang='lat' dir='ltr'>ac</span> <span class='ocrx_word' id='word_1_312' title='bbox 637 2695 816 2734; x_wconf 91' lang='lat' dir='ltr'>animos</span> <span class='ocrx_word' id='word_1_313' title='bbox 835 2695 1025 2734; x_wconf 89' lang='lat' dir='ltr'>coelesti</span> <span class='ocrx_word' id='word_1_314' title='bbox 1037 2706 1156 2745; x_wconf 87' lang='lat' dir='ltr'>pane</span> <span class='ocrx_word' id='word_1_315' title='bbox 1173 2694 1463 2744; x_wconf 89' lang='lat' dir='ltr'>reficiendos,</span> <span class='ocrx_word' id='word_1_316' title='bbox 1479 2701 1577 2734; x_wconf 92' lang='lat' dir='ltr'>tum</span> <span class='ocrx_word' id='word_1_317' title='bbox 1597 2693 1655 2733; x_wconf 90' lang='lat' dir='ltr'>ad</span> <span class='ocrx_word' id='word_1_318' title='bbox 1671 2693 1921 2733; x_wconf 89' lang='lat' dir='ltr'>conciones</span> 
     </span>
     <span class='ocr_line' id='line_1_37' title="bbox 294 2763 1922 2816; baseline -0.002 -11"><span class='ocrx_word' id='word_1_319' title='bbox 294 2766 547 2815; x_wconf 90' lang='lat' dir='ltr'>habendas,</span> <span class='ocrx_word' id='word_1_320' title='bbox 573 2777 688 2816; x_wconf 87' lang='lat' dir='ltr'>quas</span> <span class='ocrx_word' id='word_1_321' title='bbox 709 2765 895 2816; x_wconf 90' lang='lat' dir='ltr'>quidem</span> <span class='ocrx_word' id='word_1_322' title='bbox 916 2766 961 2804; x_wconf 94' lang='lat' dir='ltr'>in</span> <span class='ocrx_word' id='word_1_323' title='bbox 982 2771 1142 2804; x_wconf 89' lang='lat' dir='ltr'>nostro</span> <span class='ocrx_word' id='word_1_324' title='bbox 1172 2766 1364 2816; x_wconf 88' lang='lat' dir='ltr'>templo,</span> <span class='ocrx_word' id='word_1_325' title='bbox 1388 2771 1432 2804; x_wconf 93' lang='lat' dir='ltr'>et</span> <span class='ocrx_word' id='word_1_326' title='bbox 1460 2765 1506 2804; x_wconf 90' lang='lat' dir='ltr'>in</span> <span class='ocrx_word' id='word_1_327' title='bbox 1530 2763 1844 2813; x_wconf 83' lang='lat' dir='ltr'>xenodochio,</span> <span class='ocrx_word' id='word_1_328' title='bbox 1878 2769 1922 2802; x_wconf 91' lang='lat' dir='ltr'>et</span> 
     </span>
     <span class='ocr_line' id='line_1_38' title="bbox 293 2834 1920 2887; baseline -0.002 -12"><span class='ocrx_word' id='word_1_329' title='bbox 293 2837 341 2876; x_wconf 88' lang='lat' dir='ltr'>in</span> <span class='ocrx_word' id='word_1_330' title='bbox 372 2848 583 2886; x_wconf 88' lang='lat' dir='ltr'>carcere,</span> <span class='ocrx_word' id='word_1_331' title='bbox 621 2842 663 2875; x_wconf 92' lang='lat' dir='ltr'>et</span> <span class='ocrx_word' id='word_1_332' title='bbox 698 2836 820 2887; x_wconf 91' lang='lat' dir='ltr'>apud</span> <span class='ocrx_word' id='word_1_333' title='bbox 856 2837 999 2886; x_wconf 86' lang='lat' dir='ltr'>vulgo</span> <span class='ocrx_word' id='word_1_334' title='bbox 1030 2842 1225 2874; x_wconf 79' lang='lat' dir='ltr'>vocatas</span> <span class='ocrx_word' id='word_1_335' title='bbox 1264 2835 1531 2875; x_wconf 82' lang='lat' dir='ltr'>Conversas</span> <span class='ocrx_word' id='word_1_336' title='bbox 1566 2845 1737 2884; x_wconf 90' lang='lat' dir='ltr'>magno</span> <span class='ocrx_word' id='word_1_337' title='bbox 1768 2834 1920 2873; x_wconf 90' lang='lat' dir='ltr'>studio</span> 
     </span>
     <span class='ocr_line' id='line_1_39' title="bbox 293 2913 652 2957; baseline -0.003 -11"><span class='ocrx_word' id='word_1_338' title='bbox 293 2913 652 2957; x_wconf 83' lang='lat' dir='ltr'>prosequuntur.</span> 
     </span>
    </p>

    <p class='ocr_par' dir='ltr' id='par_1_4' title="bbox 375 2976 1922 3027">
     <span class='ocr_line' id='line_1_40' title="bbox 375 2976 1922 3027; baseline -0.001 -11"><span class='ocrx_word' id='word_1_339' title='bbox 375 2976 695 3027; x_wconf 80' lang='lat' dir='ltr'>Quorumdam</span> <span class='ocrx_word' id='word_1_340' title='bbox 712 2976 1030 3016; x_wconf 90' lang='lat' dir='ltr'>confessiones</span> <span class='ocrx_word' id='word_1_341' title='bbox 1050 2978 1295 3027; x_wconf 85' lang='lat' dir='ltr'>generales</span> <span class='ocrx_word' id='word_1_342' title='bbox 1318 2976 1503 3016; x_wconf 87' lang='lat' dir='ltr'>auditae</span> <span class='ocrx_word' id='word_1_343' title='bbox 1524 2980 1645 3023; x_wconf 88' lang='lat' dir='ltr'>sunt,</span> <span class='ocrx_word' id='word_1_344' title='bbox 1665 2976 1788 3026; x_wconf 92' lang='lat' dir='ltr'>quod</span> <span class='ocrx_word' id='word_1_345' title='bbox 1809 2986 1922 3014; x_wconf 87' lang='lat' dir='ltr'>sane</span> 
     </span>
    </p>
   </div>
  </div>
 </body>
</html>
