<?xml version="1.0" encoding="UTF-8"?>
<!DOCTYPE html PUBLIC "-//W3C//DTD XHTML 1.0 Transitional//EN"
    "http://www.w3.org/TR/xhtml1/DTD/xhtml1-transitional.dtd">
<html xmlns="http://www.w3.org/1999/xhtml" xml:lang="en" lang="en">
 <head>
  <title>
</title>
<meta http-equiv="Content-Type" content="text/html;charset=utf-8" />
  <meta name='ocr-system' content='tesseract 3.04.00' />
  <meta name='ocr-capabilities' content='ocr_page ocr_carea ocr_par ocr_line ocrx_word'/>
</head>
<body>
  <div class='ocr_page' id='page_1' title='image "./litteraequadrime14lain_0280.png"; bbox 0 0 2080 3392; ppageno 0'>
   <div class='ocr_carea' id='block_1_1' title="bbox 259 162 1384 206">
    <p class='ocr_par' dir='ltr' id='par_1_1' title="bbox 259 162 1384 206">
     <span class='ocr_line' id='line_1_1' title="bbox 259 162 1384 206; baseline 0.001 -8"><span class='ocrx_word' id='word_1_1' title='bbox 259 163 332 199; x_wconf 77' lang='lat'>276</span> <span class='ocrx_word' id='word_1_2' title='bbox 772 162 1000 199; x_wconf 77' lang='lat' dir='ltr'>LITTERAE</span> <span class='ocrx_word' id='word_1_3' title='bbox 1028 172 1384 206; x_wconf 73' lang='lat' dir='ltr'>QUADRmESTRES</span> 
     </span>
    </p>
   </div>
   <div class='ocr_carea' id='block_1_2' title="bbox 245 258 1891 2783">
    <p class='ocr_par' dir='ltr' id='par_1_2' title="bbox 255 258 1890 451">
     <span class='ocr_line' id='line_1_2' title="bbox 255 258 1886 309; baseline 0.001 -12"><span class='ocrx_word' id='word_1_4' title='bbox 255 270 440 298; x_wconf 89' lang='lat' dir='ltr'>omnem</span> <span class='ocrx_word' id='word_1_5' title='bbox 463 259 726 309; x_wconf 81' lang='lat' dir='ltr'>opinionem</span> <span class='ocrx_word' id='word_1_6' title='bbox 749 258 1054 308; x_wconf 85' lang='lat' dir='ltr'>detestantes,</span> <span class='ocrx_word' id='word_1_7' title='bbox 1080 270 1134 298; x_wconf 89' lang='lat' dir='ltr'>ac</span> <span class='ocrx_word' id='word_1_8' title='bbox 1156 258 1221 298; x_wconf 86' lang='lat' dir='ltr'>ita</span> <span class='ocrx_word' id='word_1_9' title='bbox 1243 259 1443 299; x_wconf 91' lang='lat' dir='ltr'>absoluti</span> <span class='ocrx_word' id='word_1_10' title='bbox 1463 259 1509 298; x_wconf 90' lang='lat' dir='ltr'>in</span> <span class='ocrx_word' id='word_1_11' title='bbox 1531 260 1636 300; x_wconf 91' lang='lat' dir='ltr'>dno.</span> <span class='ocrx_word' id='word_1_12' title='bbox 1657 260 1886 301; x_wconf 90' lang='lat' dir='ltr'>abierunt.</span> 
     </span>
     <span class='ocr_line' id='line_1_3' title="bbox 260 328 1890 380; baseline 0.002 -11"><span class='ocrx_word' id='word_1_13' title='bbox 260 329 503 369; x_wconf 75' lang='lat' dir='ltr'><strong>Venerunt</strong></span> <span class='ocrx_word' id='word_1_14' title='bbox 526 329 584 368; x_wconf 90' lang='lat' dir='ltr'>ad</span> <span class='ocrx_word' id='word_1_15' title='bbox 605 340 689 368; x_wconf 93' lang='lat' dir='ltr'>nos</span> <span class='ocrx_word' id='word_1_16' title='bbox 711 328 898 379; x_wconf 75' lang='lat' dir='ltr'>plurimi</span> <span class='ocrx_word' id='word_1_17' title='bbox 924 329 1001 368; x_wconf 90' lang='lat' dir='ltr'>alii</span> <span class='ocrx_word' id='word_1_18' title='bbox 1029 329 1150 369; x_wconf 86' lang='lat' dir='ltr'>varii</span> <span class='ocrx_word' id='word_1_19' title='bbox 1169 329 1356 380; x_wconf 90' lang='lat' dir='ltr'>generis</span> <span class='ocrx_word' id='word_1_20' title='bbox 1377 330 1594 370; x_wconf 81' lang='lat' dir='ltr'>maximis</span> <span class='ocrx_word' id='word_1_21' title='bbox 1616 342 1670 370; x_wconf 91' lang='lat' dir='ltr'>ac</span> <span class='ocrx_word' id='word_1_22' title='bbox 1692 331 1890 372; x_wconf 87' lang='lat' dir='ltr'>detesta-</span> 
     </span>
     <span class='ocr_line' id='line_1_4' title="bbox 257 398 1152 451; baseline 0.001 -13"><span class='ocrx_word' id='word_1_23' title='bbox 257 399 425 438; x_wconf 80' lang='lat' dir='ltr'>bilibus</span> <span class='ocrx_word' id='word_1_24' title='bbox 446 398 652 449; x_wconf 88' lang='lat' dir='ltr'>peccatis</span> <span class='ocrx_word' id='word_1_25' title='bbox 675 399 833 438; x_wconf 88' lang='lat' dir='ltr'>infecti</span> <span class='ocrx_word' id='word_1_26' title='bbox 854 411 909 439; x_wconf 90' lang='lat' dir='ltr'>ac</span> <span class='ocrx_word' id='word_1_27' title='bbox 931 400 1152 451; x_wconf 84' lang='lat' dir='ltr'>corrupti.</span> 
     </span>
    </p>

    <p class='ocr_par' dir='ltr' id='par_1_3' title="bbox 252 470 1891 1076">
     <span class='ocr_line' id='line_1_5' title="bbox 336 470 1891 514; baseline 0.003 -5"><span class='ocrx_word' id='word_1_28' title='bbox 336 470 639 510; x_wconf 85' lang='lat' dir='ltr'>Elaboratum</span> <span class='ocrx_word' id='word_1_29' title='bbox 667 476 736 509; x_wconf 93' lang='lat' dir='ltr'>est</span> <span class='ocrx_word' id='word_1_30' title='bbox 767 476 815 510; x_wconf 92' lang='lat' dir='ltr'>ut</span> <span class='ocrx_word' id='word_1_31' title='bbox 845 471 1094 510; x_wconf 76' lang='lat' dir='ltr'>nonnullae</span> <span class='ocrx_word' id='word_1_32' title='bbox 1122 471 1231 510; x_wconf 89' lang='lat' dir='ltr'>item</span> <span class='ocrx_word' id='word_1_33' title='bbox 1259 471 1529 511; x_wconf 78' lang='lat' dir='ltr'>meretrices</span> <span class='ocrx_word' id='word_1_34' title='bbox 1550 477 1594 512; x_wconf 92' lang='lat' dir='ltr'>et</span> <span class='ocrx_word' id='word_1_35' title='bbox 1624 473 1891 514; x_wconf 89' lang='lat' dir='ltr'>huiusmodi</span> 
     </span>
     <span class='ocr_line' id='line_1_6' title="bbox 256 540 1889 594; baseline 0.003 -15"><span class='ocrx_word' id='word_1_36' title='bbox 256 541 377 580; x_wconf 81' lang='lat' dir='ltr'>aliae</span> <span class='ocrx_word' id='word_1_37' title='bbox 411 552 437 580; x_wconf 88' lang='lat' dir='ltr'>a</span> <span class='ocrx_word' id='word_1_38' title='bbox 469 540 711 580; x_wconf 86' lang='lat' dir='ltr'>libidinum</span> <span class='ocrx_word' id='word_1_39' title='bbox 742 541 958 581; x_wconf 90' lang='lat' dir='ltr'>sordibus</span> <span class='ocrx_word' id='word_1_40' title='bbox 988 547 1323 592; x_wconf 87' lang='lat' dir='ltr'>avocarentur,</span> <span class='ocrx_word' id='word_1_41' title='bbox 1357 542 1666 594; x_wconf 82' lang='lat' dir='ltr'>effectumque</span> <span class='ocrx_word' id='word_1_42' title='bbox 1702 544 1889 584; x_wconf 84' lang='lat' dir='ltr'>tandem</span> 
     </span>
     <span class='ocr_line' id='line_1_7' title="bbox 256 611 1890 665; baseline 0.002 -14"><span class='ocrx_word' id='word_1_43' title='bbox 256 617 345 659; x_wconf 88' lang='lat' dir='ltr'>est,</span> <span class='ocrx_word' id='word_1_44' title='bbox 370 617 419 650; x_wconf 92' lang='lat' dir='ltr'>ut</span> <span class='ocrx_word' id='word_1_45' title='bbox 441 624 497 650; x_wconf 73' lang='lat' dir='ltr'>ex</span> <span class='ocrx_word' id='word_1_46' title='bbox 525 611 613 650; x_wconf 88' lang='lat' dir='ltr'>illis</span> <span class='ocrx_word' id='word_1_47' title='bbox 643 622 783 650; x_wconf 91' lang='lat' dir='ltr'>unam</span> <span class='ocrx_word' id='word_1_48' title='bbox 805 623 917 651; x_wconf 84' lang='lat' dir='ltr'>vere</span> <span class='ocrx_word' id='word_1_49' title='bbox 939 623 994 651; x_wconf 92' lang='lat' dir='ltr'>ac</span> <span class='ocrx_word' id='word_1_50' title='bbox 1013 619 1138 651; x_wconf 90' lang='lat' dir='ltr'>recte</span> <span class='ocrx_word' id='word_1_51' title='bbox 1160 613 1438 663; x_wconf 88' lang='lat' dir='ltr'>poenituerit</span> <span class='ocrx_word' id='word_1_52' title='bbox 1460 624 1652 652; x_wconf 88' lang='lat' dir='ltr'>suarum</span> <span class='ocrx_word' id='word_1_53' title='bbox 1679 615 1890 665; x_wconf 90' lang='lat' dir='ltr'>corporis</span> 
     </span>
     <span class='ocr_line' id='line_1_8' title="bbox 256 682 1889 735; baseline 0.002 -14"><span class='ocrx_word' id='word_1_54' title='bbox 256 683 572 732; x_wconf 88' lang='lat' dir='ltr'>voluptatum,</span> <span class='ocrx_word' id='word_1_55' title='bbox 597 688 695 721; x_wconf 89' lang='lat' dir='ltr'>tum</span> <span class='ocrx_word' id='word_1_56' title='bbox 716 682 842 722; x_wconf 87' lang='lat' dir='ltr'>vitae</span> <span class='ocrx_word' id='word_1_57' title='bbox 863 683 1144 733; x_wconf 88' lang='lat' dir='ltr'>praeteritae</span> <span class='ocrx_word' id='word_1_58' title='bbox 1166 694 1319 723; x_wconf 89' lang='lat' dir='ltr'>mores</span> <span class='ocrx_word' id='word_1_59' title='bbox 1341 689 1384 723; x_wconf 91' lang='lat' dir='ltr'>et</span> <span class='ocrx_word' id='word_1_60' title='bbox 1406 689 1650 735; x_wconf 86' lang='lat' dir='ltr'>quaestum</span> <span class='ocrx_word' id='word_1_61' title='bbox 1681 684 1889 724; x_wconf 90' lang='lat' dir='ltr'>reiicien-</span> 
     </span>
     <span class='ocr_line' id='line_1_9' title="bbox 254 752 1885 806; baseline 0.002 -15"><span class='ocrx_word' id='word_1_62' title='bbox 254 752 334 802; x_wconf 89' lang='lat' dir='ltr'>do,</span> <span class='ocrx_word' id='word_1_63' title='bbox 358 758 455 792; x_wconf 92' lang='lat' dir='ltr'>tum</span> <span class='ocrx_word' id='word_1_64' title='bbox 477 753 749 792; x_wconf 78' lang='lat' dir='ltr'>asciscendo</span> <span class='ocrx_word' id='word_1_65' title='bbox 780 753 1026 793; x_wconf 89' lang='lat' dir='ltr'>honestum</span> <span class='ocrx_word' id='word_1_66' title='bbox 1055 754 1222 794; x_wconf 85' lang='lat' dir='ltr'>aetatis</span> <span class='ocrx_word' id='word_1_67' title='bbox 1252 754 1491 805; x_wconf 79' lang='lat' dir='ltr'>degendae</span> <span class='ocrx_word' id='word_1_68' title='bbox 1523 754 1810 806; x_wconf 89' lang='lat' dir='ltr'>institutum,</span> <span class='ocrx_word' id='word_1_69' title='bbox 1842 756 1885 795; x_wconf 87' lang='lat' dir='ltr'>in</span> 
     </span>
     <span class='ocr_line' id='line_1_10' title="bbox 252 823 1886 877; baseline 0.002 -15"><span class='ocrx_word' id='word_1_70' title='bbox 252 834 344 873; x_wconf 92' lang='lat' dir='ltr'>quo</span> <span class='ocrx_word' id='word_1_71' title='bbox 365 823 526 874; x_wconf 85' lang='lat' dir='ltr'>modO,</span> <span class='ocrx_word' id='word_1_72' title='bbox 548 824 692 863; x_wconf 92' lang='lat' dir='ltr'>luctui</span> <span class='ocrx_word' id='word_1_73' title='bbox 707 824 1038 864; x_wconf 88' lang='lat' dir='ltr'>maleficiorum</span> <span class='ocrx_word' id='word_1_74' title='bbox 1056 857 1063 875; x_wconf 89' lang='lat'>,</span> <span class='ocrx_word' id='word_1_75' title='bbox 1088 824 1459 864; x_wconf 79' lang='lat' dir='ltr'>confessionibus</span> <span class='ocrx_word' id='word_1_76' title='bbox 1480 836 1535 864; x_wconf 89' lang='lat' dir='ltr'>ac</span> <span class='ocrx_word' id='word_1_77' title='bbox 1553 825 1723 865; x_wconf 88' lang='lat' dir='ltr'>divinis</span> <span class='ocrx_word' id='word_1_78' title='bbox 1740 826 1886 877; x_wconf 92' lang='lat' dir='ltr'>epulis</span> 
     </span>
     <span class='ocr_line' id='line_1_11' title="bbox 253 893 1886 947; baseline 0.001 -14"><span class='ocrx_word' id='word_1_79' title='bbox 253 893 469 944; x_wconf 88' lang='lat' dir='ltr'>studens,</span> <span class='ocrx_word' id='word_1_80' title='bbox 502 894 588 933; x_wconf 92' lang='lat' dir='ltr'>sibi</span> <span class='ocrx_word' id='word_1_81' title='bbox 620 900 817 934; x_wconf 87' lang='lat' dir='ltr'>constat.</span> <span class='ocrx_word' id='word_1_82' title='bbox 851 894 978 944; x_wconf 81' lang='lat' dir='ltr'>Alia,</span> <span class='ocrx_word' id='word_1_83' title='bbox 1012 907 1130 946; x_wconf 90' lang='lat' dir='ltr'>quae</span> <span class='ocrx_word' id='word_1_84' title='bbox 1161 896 1301 935; x_wconf 86' lang='lat' dir='ltr'>etiam</span> <span class='ocrx_word' id='word_1_85' title='bbox 1330 908 1355 934; x_wconf 90' lang='lat' dir='ltr'>a</span> <span class='ocrx_word' id='word_1_86' title='bbox 1384 895 1556 946; x_wconf 87' lang='lat' dir='ltr'>pietate</span> <span class='ocrx_word' id='word_1_87' title='bbox 1587 895 1886 947; x_wconf 82' lang='lat' dir='ltr'>abhorrebat,</span> 
     </span>
     <span class='ocr_line' id='line_1_12' title="bbox 252 964 1887 1018; baseline 0.002 -15"><span class='ocrx_word' id='word_1_88' title='bbox 252 964 338 1003; x_wconf 91' lang='lat' dir='ltr'>fuit</span> <span class='ocrx_word' id='word_1_89' title='bbox 368 964 619 1004; x_wconf 84' lang='lat' dir='ltr'>constituta</span> <span class='ocrx_word' id='word_1_90' title='bbox 655 965 699 1004; x_wconf 92' lang='lat' dir='ltr'>in</span> <span class='ocrx_word' id='word_1_91' title='bbox 734 965 1045 1005; x_wconf 85' lang='lat' dir='ltr'>foeminarum</span> <span class='ocrx_word' id='word_1_92' title='bbox 1080 977 1414 1006; x_wconf 84' lang='lat' dir='ltr'>conversarum</span> <span class='ocrx_word' id='word_1_93' title='bbox 1451 966 1698 1015; x_wconf 90' lang='lat' dir='ltr'>coenobio,</span> <span class='ocrx_word' id='word_1_94' title='bbox 1735 966 1887 1018; x_wconf 89' lang='lat' dir='ltr'>ibique</span> 
     </span>
     <span class='ocr_line' id='line_1_13' title="bbox 255 1035 1354 1076; baseline 0.002 -2"><span class='ocrx_word' id='word_1_95' title='bbox 255 1035 595 1075; x_wconf 89' lang='lat' dir='ltr'>studiosissime</span> <span class='ocrx_word' id='word_1_96' title='bbox 617 1047 666 1075; x_wconf 92' lang='lat' dir='ltr'>se</span> <span class='ocrx_word' id='word_1_97' title='bbox 688 1042 831 1075; x_wconf 84' lang='lat' dir='ltr'>totam</span> <span class='ocrx_word' id='word_1_98' title='bbox 854 1036 1012 1076; x_wconf 84' lang='lat' dir='ltr'>divino</span> <span class='ocrx_word' id='word_1_99' title='bbox 1035 1037 1177 1076; x_wconf 84' lang='lat' dir='ltr'>cultui</span> <span class='ocrx_word' id='word_1_100' title='bbox 1199 1036 1354 1076; x_wconf 87' lang='lat' dir='ltr'>tradit.</span> 
     </span>
    </p>

    <p class='ocr_par' dir='ltr' id='par_1_4' title="bbox 246 1105 1886 2218">
     <span class='ocr_line' id='line_1_14' title="bbox 333 1105 1886 1157; baseline 0.001 -12"><span class='ocrx_word' id='word_1_101' title='bbox 333 1105 579 1146; x_wconf 86' lang='lat' dir='ltr'>Caeterum</span> <span class='ocrx_word' id='word_1_102' title='bbox 597 1118 739 1157; x_wconf 90' lang='lat' dir='ltr'>quum</span> <span class='ocrx_word' id='word_1_103' title='bbox 755 1107 801 1146; x_wconf 90' lang='lat' dir='ltr'>in</span> <span class='ocrx_word' id='word_1_104' title='bbox 818 1107 985 1146; x_wconf 85' lang='lat' dir='ltr'>harum</span> <span class='ocrx_word' id='word_1_105' title='bbox 1001 1106 1310 1146; x_wconf 89' lang='lat' dir='ltr'>foeminarum</span> <span class='ocrx_word' id='word_1_106' title='bbox 1331 1106 1338 1124; x_wconf 92' lang='lat'><strong>¹</strong></span> <span class='ocrx_word' id='word_1_107' title='bbox 1359 1118 1621 1146; x_wconf 87' lang='lat' dir='ltr'>sermonem</span> <span class='ocrx_word' id='word_1_108' title='bbox 1638 1107 1886 1147; x_wconf 89' lang='lat' dir='ltr'>incidimus</span> 
     </span>
     <span class='ocr_line' id='line_1_15' title="bbox 250 1177 1886 1229; baseline 0.001 -14"><span class='ocrx_word' id='word_1_109' title='bbox 250 1187 345 1215; x_wconf 93' lang='lat' dir='ltr'>non</span> <span class='ocrx_word' id='word_1_110' title='bbox 367 1177 655 1216; x_wconf 87' lang='lat' dir='ltr'>committam</span> <span class='ocrx_word' id='word_1_111' title='bbox 676 1177 786 1228; x_wconf 92' lang='lat' dir='ltr'>quin</span> <span class='ocrx_word' id='word_1_112' title='bbox 803 1177 1008 1217; x_wconf 87' lang='lat' dir='ltr'>breviter</span> <span class='ocrx_word' id='word_1_113' title='bbox 1024 1189 1185 1217; x_wconf 87' lang='lat' dir='ltr'>earum</span> <span class='ocrx_word' id='word_1_114' title='bbox 1202 1178 1423 1228; x_wconf 89' lang='lat' dir='ltr'>pietatem</span> <span class='ocrx_word' id='word_1_115' title='bbox 1440 1178 1770 1229; x_wconf 83' lang='lat' dir='ltr'>perstringam.</span> <span class='ocrx_word' id='word_1_116' title='bbox 1785 1177 1886 1217; x_wconf 89' lang='lat' dir='ltr'>Hae</span> 
     </span>
     <span class='ocr_line' id='line_1_16' title="bbox 249 1247 1885 1299; baseline 0.001 -13"><span class='ocrx_word' id='word_1_117' title='bbox 249 1247 406 1298; x_wconf 89' lang='lat' dir='ltr'>itaque</span> <span class='ocrx_word' id='word_1_118' title='bbox 428 1248 573 1287; x_wconf 87' lang='lat' dir='ltr'>divini</span> <span class='ocrx_word' id='word_1_119' title='bbox 594 1248 796 1287; x_wconf 86' lang='lat' dir='ltr'>numinis</span> <span class='ocrx_word' id='word_1_120' title='bbox 813 1248 1048 1298; x_wconf 89' lang='lat' dir='ltr'>praesidio</span> <span class='ocrx_word' id='word_1_121' title='bbox 1069 1248 1183 1287; x_wconf 88' lang='lat' dir='ltr'>satis</span> <span class='ocrx_word' id='word_1_122' title='bbox 1205 1248 1398 1287; x_wconf 87' lang='lat' dir='ltr'>honeste</span> <span class='ocrx_word' id='word_1_123' title='bbox 1416 1260 1471 1288; x_wconf 91' lang='lat' dir='ltr'>ac</span> <span class='ocrx_word' id='word_1_124' title='bbox 1488 1248 1560 1299; x_wconf 91' lang='lat' dir='ltr'>pie</span> <span class='ocrx_word' id='word_1_125' title='bbox 1581 1260 1630 1288; x_wconf 91' lang='lat' dir='ltr'>se</span> <span class='ocrx_word' id='word_1_126' title='bbox 1651 1255 1819 1299; x_wconf 88' lang='lat' dir='ltr'>gerunt</span> <span class='ocrx_word' id='word_1_127' title='bbox 1840 1249 1885 1288; x_wconf 89' lang='lat' dir='ltr'>in</span> 
     </span>
     <span class='ocr_line' id='line_1_17' title="bbox 251 1317 1885 1369; baseline 0.002 -13"><span class='ocrx_word' id='word_1_128' title='bbox 251 1317 476 1368; x_wconf 84' lang='lat' dir='ltr'>religione</span> <span class='ocrx_word' id='word_1_129' title='bbox 499 1324 542 1357; x_wconf 83' lang='lat' dir='ltr'>et</span> <span class='ocrx_word' id='word_1_130' title='bbox 564 1318 754 1369; x_wconf 84' lang='lat' dir='ltr'>spiritus</span> <span class='ocrx_word' id='word_1_131' title='bbox 775 1318 956 1357; x_wconf 89' lang='lat' dir='ltr'>ratione</span> <span class='ocrx_word' id='word_1_132' title='bbox 977 1330 1032 1358; x_wconf 88' lang='lat' dir='ltr'>ac</span> <span class='ocrx_word' id='word_1_133' title='bbox 1054 1318 1146 1368; x_wconf 85' lang='lat' dir='ltr'>via,</span> <span class='ocrx_word' id='word_1_134' title='bbox 1172 1330 1226 1358; x_wconf 84' lang='lat' dir='ltr'>ac</span> <span class='ocrx_word' id='word_1_135' title='bbox 1248 1318 1477 1369; x_wconf 89' lang='lat' dir='ltr'>singulari</span> <span class='ocrx_word' id='word_1_136' title='bbox 1503 1318 1706 1369; x_wconf 88' lang='lat' dir='ltr'>flagrant</span> <span class='ocrx_word' id='word_1_137' title='bbox 1733 1319 1885 1359; x_wconf 89' lang='lat' dir='ltr'>studio</span> 
     </span>
     <span class='ocr_line' id='line_1_18' title="bbox 249 1389 1883 1441; baseline 0.001 -13"><span class='ocrx_word' id='word_1_138' title='bbox 249 1389 537 1428; x_wconf 87' lang='lat' dir='ltr'>resarciendi</span> <span class='ocrx_word' id='word_1_139' title='bbox 559 1389 779 1429; x_wconf 89' lang='lat' dir='ltr'>damnum</span> <span class='ocrx_word' id='word_1_140' title='bbox 805 1395 849 1428; x_wconf 88' lang='lat' dir='ltr'>et</span> <span class='ocrx_word' id='word_1_141' title='bbox 875 1390 1081 1441; x_wconf 87' lang='lat' dir='ltr'>culpam,</span> <span class='ocrx_word' id='word_1_142' title='bbox 1112 1401 1230 1440; x_wconf 90' lang='lat' dir='ltr'>quae</span> <span class='ocrx_word' id='word_1_143' title='bbox 1260 1401 1285 1429; x_wconf 92' lang='lat' dir='ltr'>a</span> <span class='ocrx_word' id='word_1_144' title='bbox 1318 1401 1367 1428; x_wconf 92' lang='lat' dir='ltr'>se</span> <span class='ocrx_word' id='word_1_145' title='bbox 1389 1389 1434 1428; x_wconf 91' lang='lat' dir='ltr'>in</span> <span class='ocrx_word' id='word_1_146' title='bbox 1467 1390 1638 1429; x_wconf 91' lang='lat' dir='ltr'>mundo</span> <span class='ocrx_word' id='word_1_147' title='bbox 1666 1396 1735 1430; x_wconf 92' lang='lat' dir='ltr'>est</span> <span class='ocrx_word' id='word_1_148' title='bbox 1762 1401 1883 1430; x_wconf 91' lang='lat' dir='ltr'>com-</span> 
     </span>
     <span class='ocr_line' id='line_1_19' title="bbox 249 1460 1880 1512; baseline 0.001 -14"><span class='ocrx_word' id='word_1_149' title='bbox 249 1460 413 1499; x_wconf 90' lang='lat' dir='ltr'>missa:</span> <span class='ocrx_word' id='word_1_150' title='bbox 438 1460 699 1499; x_wconf 89' lang='lat' dir='ltr'>inserviunt</span> <span class='ocrx_word' id='word_1_151' title='bbox 729 1460 927 1499; x_wconf 88' lang='lat' dir='ltr'>viriliter</span> <span class='ocrx_word' id='word_1_152' title='bbox 956 1460 1151 1511; x_wconf 89' lang='lat' dir='ltr'>spiritui,</span> <span class='ocrx_word' id='word_1_153' title='bbox 1182 1460 1514 1512; x_wconf 83' lang='lat' dir='ltr'>cupiditatibus</span> <span class='ocrx_word' id='word_1_154' title='bbox 1541 1472 1712 1511; x_wconf 86' lang='lat' dir='ltr'>magno</span> <span class='ocrx_word' id='word_1_155' title='bbox 1743 1461 1880 1512; x_wconf 91' lang='lat' dir='ltr'>impe-</span> 
     </span>
     <span class='ocr_line' id='line_1_20' title="bbox 248 1531 1881 1583; baseline 0.001 -13"><span class='ocrx_word' id='word_1_156' title='bbox 248 1537 354 1570; x_wconf 85' lang='lat' dir='ltr'>rant</span> <span class='ocrx_word' id='word_1_157' title='bbox 377 1531 547 1578; x_wconf 80' lang='lat' dir='ltr'>animo,</span> <span class='ocrx_word' id='word_1_158' title='bbox 572 1543 741 1582; x_wconf 91' lang='lat' dir='ltr'>corpus</span> <span class='ocrx_word' id='word_1_159' title='bbox 764 1531 1035 1571; x_wconf 86' lang='lat' dir='ltr'>verberibus</span> <span class='ocrx_word' id='word_1_160' title='bbox 1056 1531 1276 1581; x_wconf 89' lang='lat' dir='ltr'>caedunt,</span> <span class='ocrx_word' id='word_1_161' title='bbox 1301 1543 1356 1571; x_wconf 89' lang='lat' dir='ltr'>ac</span> <span class='ocrx_word' id='word_1_162' title='bbox 1378 1532 1424 1571; x_wconf 92' lang='lat' dir='ltr'>id</span> <span class='ocrx_word' id='word_1_163' title='bbox 1446 1532 1641 1571; x_wconf 88' lang='lat' dir='ltr'>rationis</span> <span class='ocrx_word' id='word_1_164' title='bbox 1662 1531 1881 1583; x_wconf 90' lang='lat' dir='ltr'>obsequio</span> 
     </span>
     <span class='ocr_line' id='line_1_21' title="bbox 247 1601 1881 1653; baseline 0.001 -13"><span class='ocrx_word' id='word_1_165' title='bbox 247 1611 293 1641; x_wconf 82' lang='lat' dir='ltr'>et</span> <span class='ocrx_word' id='word_1_166' title='bbox 315 1602 436 1641; x_wconf 88' lang='lat' dir='ltr'>hanc</span> <span class='ocrx_word' id='word_1_167' title='bbox 458 1602 531 1641; x_wconf 88' lang='lat' dir='ltr'>dei</span> <span class='ocrx_word' id='word_1_168' title='bbox 553 1602 748 1653; x_wconf 85' lang='lat' dir='ltr'>imperio</span> <span class='ocrx_word' id='word_1_169' title='bbox 770 1602 1018 1641; x_wconf 88' lang='lat' dir='ltr'>subiiciunt</span> <span class='ocrx_word' id='word_1_170' title='bbox 1040 1601 1052 1620; x_wconf 68' lang='lat'><strong>²</strong></span> <span class='ocrx_word' id='word_1_171' title='bbox 1073 1614 1080 1641; x_wconf 90' lang='lat'><strong>:</strong></span> <span class='ocrx_word' id='word_1_172' title='bbox 1105 1603 1310 1642; x_wconf 85' lang='lat' dir='ltr'>animum</span> <span class='ocrx_word' id='word_1_173' title='bbox 1331 1602 1520 1653; x_wconf 82' lang='lat' dir='ltr'>vigiliis,</span> <span class='ocrx_word' id='word_1_174' title='bbox 1551 1602 1814 1642; x_wconf 89' lang='lat' dir='ltr'>orationum</span> <span class='ocrx_word' id='word_1_175' title='bbox 1837 1609 1881 1642; x_wconf 89' lang='lat' dir='ltr'>et</span> 
     </span>
     <span class='ocr_line' id='line_1_22' title="bbox 247 1671 1879 1724; baseline 0.001 -13"><span class='ocrx_word' id='word_1_176' title='bbox 247 1678 650 1711; x_wconf 74' lang='lat' dir='ltr'>sacramentorum</span> <span class='ocrx_word' id='word_1_177' title='bbox 671 1671 932 1723; x_wconf 86' lang='lat' dir='ltr'>frequentia</span> <span class='ocrx_word' id='word_1_178' title='bbox 955 1673 1096 1723; x_wconf 88' lang='lat' dir='ltr'>alunt,</span> <span class='ocrx_word' id='word_1_179' title='bbox 1118 1678 1255 1723; x_wconf 88' lang='lat' dir='ltr'>atque</span> <span class='ocrx_word' id='word_1_180' title='bbox 1278 1673 1463 1724; x_wconf 87' lang='lat' dir='ltr'>quidem</span> <span class='ocrx_word' id='word_1_181' title='bbox 1483 1673 1725 1712; x_wconf 88' lang='lat' dir='ltr'>declarant</span> <span class='ocrx_word' id='word_1_182' title='bbox 1745 1673 1790 1712; x_wconf 91' lang='lat' dir='ltr'>in</span> <span class='ocrx_word' id='word_1_183' title='bbox 1813 1685 1879 1713; x_wconf 90' lang='lat' dir='ltr'>re-</span> 
     </span>
     <span class='ocr_line' id='line_1_23' title="bbox 247 1742 1878 1794; baseline 0.001 -13"><span class='ocrx_word' id='word_1_184' title='bbox 247 1743 334 1782; x_wconf 88' lang='lat' dir='ltr'>bus</span> <span class='ocrx_word' id='word_1_185' title='bbox 356 1743 552 1793; x_wconf 84' lang='lat' dir='ltr'>agendis</span> <span class='ocrx_word' id='word_1_186' title='bbox 573 1754 747 1793; x_wconf 89' lang='lat' dir='ltr'>magna</span> <span class='ocrx_word' id='word_1_187' title='bbox 769 1743 1031 1783; x_wconf 84' lang='lat' dir='ltr'>constantia</span> <span class='ocrx_word' id='word_1_188' title='bbox 1048 1755 1180 1783; x_wconf 87' lang='lat' dir='ltr'>suam</span> <span class='ocrx_word' id='word_1_189' title='bbox 1196 1743 1510 1783; x_wconf 86' lang='lat' dir='ltr'>vocationem.</span> <span class='ocrx_word' id='word_1_190' title='bbox 1530 1742 1670 1794; x_wconf 88' lang='lat' dir='ltr'>Apud</span> <span class='ocrx_word' id='word_1_191' title='bbox 1686 1743 1772 1783; x_wconf 88' lang='lat' dir='ltr'>has</span> <span class='ocrx_word' id='word_1_192' title='bbox 1788 1743 1878 1783; x_wconf 86' lang='lat' dir='ltr'>foe—</span> 
     </span>
     <span class='ocr_line' id='line_1_24' title="bbox 251 1813 1880 1865; baseline 0.001 -13"><span class='ocrx_word' id='word_1_193' title='bbox 251 1814 400 1852; x_wconf 86' lang='lat' dir='ltr'>minas</span> <span class='ocrx_word' id='word_1_194' title='bbox 421 1813 666 1864; x_wconf 89' lang='lat' dir='ltr'>religiosas</span> <span class='ocrx_word' id='word_1_195' title='bbox 687 1820 757 1853; x_wconf 90' lang='lat' dir='ltr'>est</span> <span class='ocrx_word' id='word_1_196' title='bbox 777 1814 1007 1864; x_wconf 90' lang='lat' dir='ltr'>quaedam</span> <span class='ocrx_word' id='word_1_197' title='bbox 1027 1813 1100 1853; x_wconf 73' lang='lat' dir='ltr'>X.i</span> <span class='ocrx_word' id='word_1_198' title='bbox 1130 1814 1281 1865; x_wconf 82' lang='lat' dir='ltr'>virgo,</span> <span class='ocrx_word' id='word_1_199' title='bbox 1307 1814 1437 1854; x_wconf 89' lang='lat' dir='ltr'>cuius</span> <span class='ocrx_word' id='word_1_200' title='bbox 1461 1820 1621 1864; x_wconf 83' lang='lat' dir='ltr'>mater,</span> <span class='ocrx_word' id='word_1_201' title='bbox 1642 1813 1766 1854; x_wconf 92' lang='lat' dir='ltr'>haud</span> <span class='ocrx_word' id='word_1_202' title='bbox 1782 1814 1880 1854; x_wconf 85' lang='lat' dir='ltr'>scio</span> 
     </span>
     <span class='ocr_line' id='line_1_25' title="bbox 246 1884 1880 1935; baseline 0.001 -12"><span class='ocrx_word' id='word_1_203' title='bbox 246 1896 339 1935; x_wconf 85' lang='lat' dir='ltr'>quo</span> <span class='ocrx_word' id='word_1_204' title='bbox 362 1885 484 1923; x_wconf 90' lang='lat' dir='ltr'>malo</span> <span class='ocrx_word' id='word_1_205' title='bbox 506 1885 671 1935; x_wconf 89' lang='lat' dir='ltr'>spiritu</span> <span class='ocrx_word' id='word_1_206' title='bbox 692 1884 904 1935; x_wconf 83' lang='lat' dir='ltr'>impulsa,</span> <span class='ocrx_word' id='word_1_207' title='bbox 934 1885 1195 1924; x_wconf 85' lang='lat' dir='ltr'>conabatur</span> <span class='ocrx_word' id='word_1_208' title='bbox 1217 1885 1428 1924; x_wconf 89' lang='lat' dir='ltr'>omnibus</span> <span class='ocrx_word' id='word_1_209' title='bbox 1448 1885 1626 1924; x_wconf 87' lang='lat' dir='ltr'>viribus</span> <span class='ocrx_word' id='word_1_210' title='bbox 1643 1891 1686 1924; x_wconf 89' lang='lat' dir='ltr'>et</span> <span class='ocrx_word' id='word_1_211' title='bbox 1704 1885 1880 1924; x_wconf 91' lang='lat' dir='ltr'>artibus</span> 
     </span>
     <span class='ocr_line' id='line_1_26' title="bbox 248 1955 1880 2006; baseline 0 -12"><span class='ocrx_word' id='word_1_212' title='bbox 248 1966 352 1994; x_wconf 88' lang='lat' dir='ltr'>eam</span> <span class='ocrx_word' id='word_1_213' title='bbox 375 1967 400 1993; x_wconf 90' lang='lat' dir='ltr'>a</span> <span class='ocrx_word' id='word_1_214' title='bbox 423 1961 788 1995; x_wconf 90' lang='lat' dir='ltr'>commemorato</span> <span class='ocrx_word' id='word_1_215' title='bbox 811 1955 1033 1995; x_wconf 90' lang='lat' dir='ltr'>coenobio</span> <span class='ocrx_word' id='word_1_216' title='bbox 1065 1967 1281 2005; x_wconf 83' lang='lat' dir='ltr'>avocare,</span> <span class='ocrx_word' id='word_1_217' title='bbox 1315 1956 1378 1994; x_wconf 91' lang='lat' dir='ltr'>ita</span> <span class='ocrx_word' id='word_1_218' title='bbox 1401 1961 1448 1994; x_wconf 91' lang='lat' dir='ltr'>ut</span> <span class='ocrx_word' id='word_1_219' title='bbox 1470 1955 1880 2006; x_wconf 85' lang='lat' dir='ltr'>vigilantissimum</span> 
     </span>
     <span class='ocr_line' id='line_1_27' title="bbox 251 2026 1879 2077; baseline 0.001 -13"><span class='ocrx_word' id='word_1_220' title='bbox 251 2026 379 2065; x_wconf 92' lang='lat' dir='ltr'>urbis</span> <span class='ocrx_word' id='word_1_221' title='bbox 398 2031 631 2076; x_wconf 80' lang='lat' dir='ltr'>pastorem</span> <span class='ocrx_word' id='word_1_222' title='bbox 654 2038 707 2065; x_wconf 92' lang='lat' dir='ltr'>eo</span> <span class='ocrx_word' id='word_1_223' title='bbox 725 2026 853 2065; x_wconf 89' lang='lat' dir='ltr'>adire</span> <span class='ocrx_word' id='word_1_224' title='bbox 870 2038 1060 2065; x_wconf 89' lang='lat' dir='ltr'>necesse</span> <span class='ocrx_word' id='word_1_225' title='bbox 1081 2032 1202 2066; x_wconf 88' lang='lat' dir='ltr'>esset</span> <span class='ocrx_word' id='word_1_226' title='bbox 1219 2033 1267 2065; x_wconf 86' lang='lat' dir='ltr'>ut</span> <span class='ocrx_word' id='word_1_227' title='bbox 1282 2026 1481 2076; x_wconf 77' lang='lat' dir='ltr'>Virginis</span> <span class='ocrx_word' id='word_1_228' title='bbox 1499 2026 1704 2065; x_wconf 88' lang='lat' dir='ltr'>animum</span> <span class='ocrx_word' id='word_1_229' title='bbox 1726 2027 1879 2077; x_wconf 84' lang='lat' dir='ltr'>explo-</span> 
     </span>
     <span class='ocr_line' id='line_1_28' title="bbox 250 2096 1880 2148; baseline 0.001 -13"><span class='ocrx_word' id='word_1_230' title='bbox 250 2103 402 2135; x_wconf 87' lang='lat' dir='ltr'>ratum</span> <span class='ocrx_word' id='word_1_231' title='bbox 418 2097 623 2146; x_wconf 87' lang='lat' dir='ltr'>haberet,</span> <span class='ocrx_word' id='word_1_232' title='bbox 645 2108 763 2147; x_wconf 87' lang='lat' dir='ltr'>quae</span> <span class='ocrx_word' id='word_1_233' title='bbox 781 2102 1051 2136; x_wconf 83' lang='lat' dir='ltr'>constanter</span> <span class='ocrx_word' id='word_1_234' title='bbox 1062 2096 1301 2147; x_wconf 90' lang='lat' dir='ltr'>respondit</span> <span class='ocrx_word' id='word_1_235' title='bbox 1316 2096 1442 2135; x_wconf 89' lang='lat' dir='ltr'>nullo</span> <span class='ocrx_word' id='word_1_236' title='bbox 1458 2097 1594 2136; x_wconf 89' lang='lat' dir='ltr'>modo</span> <span class='ocrx_word' id='word_1_237' title='bbox 1611 2108 1659 2136; x_wconf 88' lang='lat' dir='ltr'>se</span> <span class='ocrx_word' id='word_1_238' title='bbox 1676 2108 1880 2148; x_wconf 87' lang='lat' dir='ltr'>unquam</span> 
     </span>
     <span class='ocr_line' id='line_1_29' title="bbox 251 2167 1784 2218; baseline 0.001 -12"><span class='ocrx_word' id='word_1_239' title='bbox 251 2167 412 2217; x_wconf 80' lang='lat' dir='ltr'>egredi</span> <span class='ocrx_word' id='word_1_240' title='bbox 431 2168 565 2216; x_wconf 83' lang='lat' dir='ltr'>velle,</span> <span class='ocrx_word' id='word_1_241' title='bbox 590 2167 671 2206; x_wconf 91' lang='lat' dir='ltr'>sed</span> <span class='ocrx_word' id='word_1_242' title='bbox 692 2167 846 2218; x_wconf 90' lang='lat' dir='ltr'>potius</span> <span class='ocrx_word' id='word_1_243' title='bbox 868 2167 913 2206; x_wconf 91' lang='lat' dir='ltr'>in</span> <span class='ocrx_word' id='word_1_244' title='bbox 935 2167 1011 2206; x_wconf 88' lang='lat' dir='ltr'>illa</span> <span class='ocrx_word' id='word_1_245' title='bbox 1034 2173 1198 2207; x_wconf 90' lang='lat' dir='ltr'>sancta</span> <span class='ocrx_word' id='word_1_246' title='bbox 1219 2168 1355 2207; x_wconf 90' lang='lat' dir='ltr'>domo</span> <span class='ocrx_word' id='word_1_247' title='bbox 1379 2174 1579 2207; x_wconf 85' lang='lat' dir='ltr'>aetatem</span> <span class='ocrx_word' id='word_1_248' title='bbox 1601 2168 1784 2207; x_wconf 88' lang='lat' dir='ltr'>ducere.</span> 
     </span>
    </p>

    <p class='ocr_par' dir='ltr' id='par_1_5' title="bbox 245 2237 1881 2783">
     <span class='ocr_line' id='line_1_30' title="bbox 328 2237 1880 2278; baseline -0.001 0"><span class='ocrx_word' id='word_1_249' title='bbox 328 2237 417 2278; x_wconf 82' lang='lat' dir='ltr'>Sed</span> <span class='ocrx_word' id='word_1_250' title='bbox 439 2237 576 2278; x_wconf 89' lang='lat' dir='ltr'>modo</span> <span class='ocrx_word' id='word_1_251' title='bbox 600 2237 659 2277; x_wconf 88' lang='lat' dir='ltr'>ad</span> <span class='ocrx_word' id='word_1_252' title='bbox 686 2237 730 2277; x_wconf 91' lang='lat' dir='ltr'>id</span> <span class='ocrx_word' id='word_1_253' title='bbox 753 2238 874 2277; x_wconf 89' lang='lat' dir='ltr'>unde</span> <span class='ocrx_word' id='word_1_254' title='bbox 895 2238 1193 2277; x_wconf 88' lang='lat' dir='ltr'>discessimus</span> <span class='ocrx_word' id='word_1_255' title='bbox 1215 2238 1475 2278; x_wconf 87' lang='lat' dir='ltr'>redeamus.</span> <span class='ocrx_word' id='word_1_256' title='bbox 1501 2238 1719 2278; x_wconf 91' lang='lat' dir='ltr'>Nonnulli</span> <span class='ocrx_word' id='word_1_257' title='bbox 1741 2238 1880 2277; x_wconf 72' lang='lat' dir='ltr'>etiam</span> 
     </span>
     <span class='ocr_line' id='line_1_31' title="bbox 248 2305 1881 2360; baseline 0 -12"><span class='ocrx_word' id='word_1_258' title='bbox 248 2315 552 2348; x_wconf 87' lang='lat' dir='ltr'>accurrerunt</span> <span class='ocrx_word' id='word_1_259' title='bbox 584 2308 642 2348; x_wconf 90' lang='lat' dir='ltr'>ad</span> <span class='ocrx_word' id='word_1_260' title='bbox 671 2305 770 2358; x_wconf 91' lang='lat' dir='ltr'>nos,</span> <span class='ocrx_word' id='word_1_261' title='bbox 803 2309 879 2360; x_wconf 87' lang='lat' dir='ltr'>qui</span> <span class='ocrx_word' id='word_1_262' title='bbox 906 2309 1014 2348; x_wconf 89' lang='lat' dir='ltr'>alibi</span> <span class='ocrx_word' id='word_1_263' title='bbox 1039 2315 1234 2359; x_wconf 89' lang='lat' dir='ltr'>peccata</span> <span class='ocrx_word' id='word_1_264' title='bbox 1262 2309 1446 2349; x_wconf 86' lang='lat' dir='ltr'>fuerant</span> <span class='ocrx_word' id='word_1_265' title='bbox 1478 2308 1698 2359; x_wconf 89' lang='lat' dir='ltr'>confessi,</span> <span class='ocrx_word' id='word_1_266' title='bbox 1724 2314 1881 2348; x_wconf 87' lang='lat' dir='ltr'>tamen</span> 
     </span>
     <span class='ocr_line' id='line_1_32' title="bbox 248 2379 1877 2431; baseline 0 -13"><span class='ocrx_word' id='word_1_267' title='bbox 248 2391 353 2418; x_wconf 90' lang='lat' dir='ltr'>cum</span> <span class='ocrx_word' id='word_1_268' title='bbox 372 2380 575 2419; x_wconf 89' lang='lat' dir='ltr'>animum</span> <span class='ocrx_word' id='word_1_269' title='bbox 598 2379 804 2430; x_wconf 89' lang='lat' dir='ltr'>quietum</span> <span class='ocrx_word' id='word_1_270' title='bbox 826 2386 869 2419; x_wconf 90' lang='lat' dir='ltr'>et</span> <span class='ocrx_word' id='word_1_271' title='bbox 890 2379 1102 2419; x_wconf 86' lang='lat' dir='ltr'>sedatum</span> <span class='ocrx_word' id='word_1_272' title='bbox 1122 2380 1293 2419; x_wconf 86' lang='lat' dir='ltr'>habere</span> <span class='ocrx_word' id='word_1_273' title='bbox 1311 2391 1404 2419; x_wconf 93' lang='lat' dir='ltr'>non</span> <span class='ocrx_word' id='word_1_274' title='bbox 1425 2385 1703 2431; x_wconf 74' lang='lat' dir='ltr'>possent‚.ac</span> <span class='ocrx_word' id='word_1_275' title='bbox 1726 2379 1781 2419; x_wconf 90' lang='lat' dir='ltr'>de</span> <span class='ocrx_word' id='word_1_276' title='bbox 1803 2391 1877 2418; x_wconf 93' lang='lat' dir='ltr'>no-</span> 
     </span>
     <span class='ocr_line' id='line_1_33' title="bbox 248 2450 1878 2501; baseline 0.001 -13"><span class='ocrx_word' id='word_1_277' title='bbox 248 2451 317 2489; x_wconf 89' lang='lat' dir='ltr'>bis</span> <span class='ocrx_word' id='word_1_278' title='bbox 345 2456 699 2501; x_wconf 88' lang='lat' dir='ltr'>cognoscerent,</span> <span class='ocrx_word' id='word_1_279' title='bbox 732 2462 817 2490; x_wconf 92' lang='lat' dir='ltr'>nos</span> <span class='ocrx_word' id='word_1_280' title='bbox 838 2450 1015 2501; x_wconf 86' lang='lat' dir='ltr'>precati</span> <span class='ocrx_word' id='word_1_281' title='bbox 1045 2456 1166 2497; x_wconf 83' lang='lat' dir='ltr'>sunt,</span> <span class='ocrx_word' id='word_1_282' title='bbox 1200 2456 1248 2490; x_wconf 88' lang='lat' dir='ltr'>ut</span> <span class='ocrx_word' id='word_1_283' title='bbox 1270 2451 1315 2490; x_wconf 91' lang='lat' dir='ltr'>in</span> <span class='ocrx_word' id='word_1_284' title='bbox 1345 2450 1434 2490; x_wconf 89' lang='lat' dir='ltr'>hoc</span> <span class='ocrx_word' id='word_1_285' title='bbox 1462 2450 1723 2489; x_wconf 83' lang='lat' dir='ltr'>animarum</span> <span class='ocrx_word' id='word_1_286' title='bbox 1754 2450 1878 2489; x_wconf 81' lang='lat' dir='ltr'>lava-</span> 
     </span>
     <span class='ocr_line' id='line_1_34' title="bbox 245 2520 1878 2571; baseline 0 -12"><span class='ocrx_word' id='word_1_287' title='bbox 245 2533 327 2560; x_wconf 75' lang='lat' dir='ltr'>ero</span> <span class='ocrx_word' id='word_1_288' title='bbox 353 2522 710 2571; x_wconf 77' lang='lat' dir='ltr'>adiuvarentur3</span> <span class='ocrx_word' id='word_1_289' title='bbox 737 2533 791 2560; x_wconf 88' lang='lat' dir='ltr'>ac</span> <span class='ocrx_word' id='word_1_290' title='bbox 808 2532 939 2560; x_wconf 85' lang='lat' dir='ltr'>suam</span> <span class='ocrx_word' id='word_1_291' title='bbox 957 2521 1297 2561; x_wconf 89' lang='lat' dir='ltr'>confessionem</span> <span class='ocrx_word' id='word_1_292' title='bbox 1314 2521 1703 2571; x_wconf 83' lang='lat' dir='ltr'>redintegrantes,</span> <span class='ocrx_word' id='word_1_293' title='bbox 1723 2520 1878 2560; x_wconf 80' lang='lat' dir='ltr'>exacti</span> 
     </span>
     <span class='ocr_line' id='line_1_35' title="bbox 248 2590 1876 2642; baseline -0.001 -12"><span class='ocrx_word' id='word_1_294' title='bbox 248 2591 476 2631; x_wconf 76' lang='lat' dir='ltr'>examinis</span> <span class='ocrx_word' id='word_1_295' title='bbox 498 2591 850 2641; x_wconf 86' lang='lat' dir='ltr'>suffragatione,</span> <span class='ocrx_word' id='word_1_296' title='bbox 882 2590 1004 2642; x_wconf 90' lang='lat' dir='ltr'>quod</span> <span class='ocrx_word' id='word_1_297' title='bbox 1027 2603 1052 2630; x_wconf 90' lang='lat' dir='ltr'>a</span> <span class='ocrx_word' id='word_1_298' title='bbox 1080 2591 1212 2631; x_wconf 89' lang='lat' dir='ltr'>nobis</span> <span class='ocrx_word' id='word_1_299' title='bbox 1234 2591 1332 2631; x_wconf 87' lang='lat' dir='ltr'>fieri</span> <span class='ocrx_word' id='word_1_300' title='bbox 1354 2592 1540 2631; x_wconf 90' lang='lat' dir='ltr'>solitum</span> <span class='ocrx_word' id='word_1_301' title='bbox 1568 2597 1652 2640; x_wconf 91' lang='lat' dir='ltr'>est,</span> <span class='ocrx_word' id='word_1_302' title='bbox 1676 2591 1876 2641; x_wconf 91' lang='lat' dir='ltr'>plurima</span> 
     </span>
     <span class='ocr_line' id='line_1_36' title="bbox 246 2661 1877 2713; baseline -0.001 -12"><span class='ocrx_word' id='word_1_303' title='bbox 246 2663 633 2713; x_wconf 87' lang='lat' dir='ltr'>deprompserunt</span> <span class='ocrx_word' id='word_1_304' title='bbox 655 2663 833 2702; x_wconf 91' lang='lat' dir='ltr'>scelera</span> <span class='ocrx_word' id='word_1_305' title='bbox 854 2668 897 2701; x_wconf 86' lang='lat' dir='ltr'>et</span> <span class='ocrx_word' id='word_1_306' title='bbox 918 2661 1159 2712; x_wconf 87' lang='lat' dir='ltr'>maleficia,</span> <span class='ocrx_word' id='word_1_307' title='bbox 1185 2674 1302 2713; x_wconf 91' lang='lat' dir='ltr'>quae</span> <span class='ocrx_word' id='word_1_308' title='bbox 1325 2669 1461 2702; x_wconf 84' lang='lat' dir='ltr'>antea</span> <span class='ocrx_word' id='word_1_309' title='bbox 1483 2662 1657 2701; x_wconf 80' lang='lat' dir='ltr'>dimota</span> <span class='ocrx_word' id='word_1_310' title='bbox 1677 2673 1768 2701; x_wconf 91' lang='lat' dir='ltr'>non</span> <span class='ocrx_word' id='word_1_311' title='bbox 1785 2661 1877 2701; x_wconf 90' lang='lat' dir='ltr'>fue-</span> 
     </span>
     <span class='ocr_line' id='line_1_37' title="bbox 247 2731 1876 2783; baseline -0.001 -12"><span class='ocrx_word' id='word_1_312' title='bbox 247 2739 365 2782; x_wconf 89' lang='lat' dir='ltr'>rant,</span> <span class='ocrx_word' id='word_1_313' title='bbox 391 2734 569 2783; x_wconf 89' lang='lat' dir='ltr'>hocque</span> <span class='ocrx_word' id='word_1_314' title='bbox 591 2732 728 2772; x_wconf 90' lang='lat' dir='ltr'>modo</span> <span class='ocrx_word' id='word_1_315' title='bbox 746 2733 913 2772; x_wconf 86' lang='lat' dir='ltr'>mentis</span> <span class='ocrx_word' id='word_1_316' title='bbox 928 2744 1044 2783; x_wconf 85' lang='lat' dir='ltr'>pace</span> <span class='ocrx_word' id='word_1_317' title='bbox 1062 2739 1335 2783; x_wconf 86' lang='lat' dir='ltr'>comparata</span> <span class='ocrx_word' id='word_1_318' title='bbox 1357 2733 1587 2772; x_wconf 86' lang='lat' dir='ltr'>abierunt.</span> <span class='ocrx_word' id='word_1_319' title='bbox 1606 2731 1720 2772; x_wconf 89' lang='lat' dir='ltr'>Illud</span> <span class='ocrx_word' id='word_1_320' title='bbox 1738 2733 1876 2771; x_wconf 90' lang='lat' dir='ltr'>etiam</span> 
     </span>
    </p>
   </div>
   <div class='ocr_carea' id='block_1_3' title="bbox 297 2923 1448 3004">
    <p class='ocr_par' dir='ltr' id='par_1_6' title="bbox 297 2923 1448 3004">
     <span class='ocr_line' id='line_1_38' title="bbox 306 2923 966 2957; baseline -0.002 -8"><span class='ocrx_word' id='word_1_321' title='bbox 306 2924 313 2942; x_wconf 64' lang='grc' dir='ltr'>ί</span> <span class='ocrx_word' id='word_1_322' title='bbox 356 2923 510 2957; x_wconf 74' lang='lat' dir='ltr'>Inte-llige</span> <span class='ocrx_word' id='word_1_323' title='bbox 527 2930 610 2956; x_wconf 68' lang='lat' dir='ltr'>qua&lt;</span> <span class='ocrx_word' id='word_1_324' title='bbox 627 2927 750 2949; x_wconf 76' lang='lat' dir='ltr'>vocant</span> <span class='ocrx_word' id='word_1_325' title='bbox 767 2929 966 2949; x_wconf 73' lang='lat' dir='ltr'>conversas.</span> 
     </span>
     <span class='ocr_line' id='line_1_39' title="bbox 297 2970 1448 3004; baseline -0.001 -8"><span class='ocrx_word' id='word_1_326' title='bbox 297 2970 310 2988; x_wconf 71' lang='lat'>“-’</span> <span class='ocrx_word' id='word_1_327' title='bbox 353 2978 472 3003; x_wconf 82' lang='lat' dir='ltr'>corpus</span> <span class='ocrx_word' id='word_1_328' title='bbox 488 2971 629 2997; x_wconf 85' lang='lat' dir='ltr'>rationis</span> <span class='ocrx_word' id='word_1_329' title='bbox 645 2971 812 3004; x_wconf 83' lang='lat' dir='ltr'>obsequi0‚</span> <span class='ocrx_word' id='word_1_330' title='bbox 828 2971 995 2997; x_wconf 82' lang='lat' dir='ltr'>rationem</span> <span class='ocrx_word' id='word_1_331' title='bbox 1014 2970 1075 2997; x_wconf 83' lang='lat' dir='ltr'>Dei</span> <span class='ocrx_word' id='word_1_332' title='bbox 1094 2971 1158 3004; x_wconf 88' lang='lat' dir='ltr'>imp</span> <span class='ocrx_word' id='word_1_333' title='bbox 1173 2970 1241 2997; x_wconf 85' lang='lat' dir='ltr'>erio</span> <span class='ocrx_word' id='word_1_334' title='bbox 1257 2970 1448 2997; x_wconf 80' lang='lat' dir='ltr'>subiiciunt.</span> 
     </span>
    </p>
   </div>
  </div>
 </body>
</html>
