<?xml version="1.0" encoding="UTF-8"?>
<!DOCTYPE html PUBLIC "-//W3C//DTD XHTML 1.0 Transitional//EN"
    "http://www.w3.org/TR/xhtml1/DTD/xhtml1-transitional.dtd">
<html xmlns="http://www.w3.org/1999/xhtml" xml:lang="en" lang="en">
 <head>
  <title>
</title>
<meta http-equiv="Content-Type" content="text/html;charset=utf-8" />
  <meta name='ocr-system' content='tesseract 3.04.00' />
  <meta name='ocr-capabilities' content='ocr_page ocr_carea ocr_par ocr_line ocrx_word'/>
</head>
<body>
  <div class='ocr_page' id='page_1' title='image "./litteraequadrime14lain_0428.png"; bbox 0 0 2080 3392; ppageno 0'>
   <div class='ocr_carea' id='block_1_1' title="bbox 287 206 1411 251">
    <p class='ocr_par' dir='ltr' id='par_1_1' title="bbox 287 206 1411 251">
     <span class='ocr_line' id='line_1_1' title="bbox 287 206 1411 251; baseline 0.004 -9"><span class='ocrx_word' id='word_1_1' title='bbox 287 206 357 243; x_wconf 69' lang='lat'>424</span> <span class='ocrx_word' id='word_1_2' title='bbox 800 208 1026 244; x_wconf 79' lang='lat' dir='ltr'>LlTTERAE</span> <span class='ocrx_word' id='word_1_3' title='bbox 1053 219 1411 251; x_wconf 84' lang='lat' dir='ltr'><strong>QUADRIMESTRES</strong></span> 
     </span>
    </p>
   </div>
   <div class='ocr_carea' id='block_1_2' title="bbox 271 302 1921 2837">
    <p class='ocr_par' dir='ltr' id='par_1_2' title="bbox 284 302 1921 918">
     <span class='ocr_line' id='line_1_2' title="bbox 286 302 1919 358; baseline 0.005 -18"><span class='ocrx_word' id='word_1_4' title='bbox 286 302 598 352; x_wconf 77' lang='lat' dir='ltr'>provinciam,</span> <span class='ocrx_word' id='word_1_5' title='bbox 624 314 729 342; x_wconf 90' lang='lat' dir='ltr'>cum</span> <span class='ocrx_word' id='word_1_6' title='bbox 749 303 836 343; x_wconf 91' lang='lat' dir='ltr'>sibi</span> <span class='ocrx_word' id='word_1_7' title='bbox 857 304 1056 355; x_wconf 86' lang='lat' dir='ltr'>amplius</span> <span class='ocrx_word' id='word_1_8' title='bbox 1076 305 1278 345; x_wconf 89' lang='lat' dir='ltr'>retinere</span> <span class='ocrx_word' id='word_1_9' title='bbox 1301 317 1383 357; x_wconf 89' lang='lat' dir='ltr'>per</span> <span class='ocrx_word' id='word_1_10' title='bbox 1406 312 1588 357; x_wconf 90' lang='lat' dir='ltr'>tempus</span> <span class='ocrx_word' id='word_1_11' title='bbox 1620 319 1714 347; x_wconf 91' lang='lat' dir='ltr'>non</span> <span class='ocrx_word' id='word_1_12' title='bbox 1739 308 1919 358; x_wconf 78' lang='lat' dir='ltr'>liceret,</span> 
     </span>
     <span class='ocr_line' id='line_1_3' title="bbox 285 371 1915 428; baseline 0.005 -17"><span class='ocrx_word' id='word_1_13' title='bbox 285 371 338 411; x_wconf 83' lang='lat' dir='ltr'>R.</span> <span class='ocrx_word' id='word_1_14' title='bbox 357 372 404 411; x_wconf 86' lang='grc' dir='ltr'>Ρ.</span> <span class='ocrx_word' id='word_1_15' title='bbox 424 371 630 412; x_wconf 87' lang='lat' dir='ltr'>Antonio</span> <span class='ocrx_word' id='word_1_16' title='bbox 648 373 849 414; x_wconf 82' lang='lat' dir='ltr'>Vinckio</span> <span class='ocrx_word' id='word_1_17' title='bbox 870 374 977 414; x_wconf 90' lang='lat' dir='ltr'>illuc</span> <span class='ocrx_word' id='word_1_18' title='bbox 994 375 1152 426; x_wconf 91' lang='lat' dir='ltr'>misso,</span> <span class='ocrx_word' id='word_1_19' title='bbox 1172 376 1250 428; x_wconf 94' lang='lat' dir='ltr'>qui</span> <span class='ocrx_word' id='word_1_20' title='bbox 1270 376 1317 416; x_wconf 92' lang='lat' dir='ltr'>in</span> <span class='ocrx_word' id='word_1_21' title='bbox 1334 376 1445 416; x_wconf 87' lang='lat' dir='ltr'>dicti</span> <span class='ocrx_word' id='word_1_22' title='bbox 1460 376 1627 427; x_wconf 88' lang='lat' dir='ltr'>Patris,</span> <span class='ocrx_word' id='word_1_23' title='bbox 1650 379 1755 418; x_wconf 84' lang='lat' dir='ltr'>vice</span> <span class='ocrx_word' id='word_1_24' title='bbox 1779 378 1788 397; x_wconf 91' lang='lat'>¹</span> <span class='ocrx_word' id='word_1_25' title='bbox 1812 391 1915 420; x_wconf 92' lang='lat' dir='ltr'>suc-</span> 
     </span>
     <span class='ocr_line' id='line_1_4' title="bbox 286 442 1917 498; baseline 0.006 -17"><span class='ocrx_word' id='word_1_26' title='bbox 286 442 488 492; x_wconf 88' lang='lat' dir='ltr'>cederet,</span> <span class='ocrx_word' id='word_1_27' title='bbox 514 444 737 483; x_wconf 73' lang='lat' dir='ltr'><strong>recedens</strong></span> <span class='ocrx_word' id='word_1_28' title='bbox 758 445 863 484; x_wconf 89' lang='lat' dir='ltr'>inde</span> <span class='ocrx_word' id='word_1_29' title='bbox 885 445 1092 486; x_wconf 81' lang='lat' dir='ltr'>tradidit.</span> <span class='ocrx_word' id='word_1_30' title='bbox 1116 446 1187 486; x_wconf 85' lang='lat' dir='ltr'>Ex</span> <span class='ocrx_word' id='word_1_31' title='bbox 1208 458 1298 498; x_wconf 92' lang='lat' dir='ltr'>qua</span> <span class='ocrx_word' id='word_1_32' title='bbox 1319 459 1370 494; x_wconf 85' lang='lat' dir='ltr'>re</span> <span class='ocrx_word' id='word_1_33' title='bbox 1390 447 1571 488; x_wconf 88' lang='lat' dir='ltr'>fructus</span> <span class='ocrx_word' id='word_1_34' title='bbox 1595 448 1719 488; x_wconf 91' lang='lat' dir='ltr'>haud</span> <span class='ocrx_word' id='word_1_35' title='bbox 1747 450 1917 490; x_wconf 90' lang='lat' dir='ltr'>medio-</span> 
     </span>
     <span class='ocr_line' id='line_1_5' title="bbox 286 513 1920 570; baseline 0.006 -19"><span class='ocrx_word' id='word_1_36' title='bbox 286 513 398 563; x_wconf 50' lang='grc' dir='ltr'>(πίε,</span> <span class='ocrx_word' id='word_1_37' title='bbox 424 513 563 553; x_wconf 90' lang='lat' dir='ltr'>immo</span> <span class='ocrx_word' id='word_1_38' title='bbox 584 515 838 565; x_wconf 79' lang='lat' dir='ltr'>maximus,</span> <span class='ocrx_word' id='word_1_39' title='bbox 873 522 1102 567; x_wconf 88' lang='lat' dir='ltr'>speratur.</span> <span class='ocrx_word' id='word_1_40' title='bbox 1133 516 1367 558; x_wconf 86' lang='lat' dir='ltr'>Suadente</span> <span class='ocrx_word' id='word_1_41' title='bbox 1396 530 1597 570; x_wconf 90' lang='lat' dir='ltr'>namque</span> <span class='ocrx_word' id='word_1_42' title='bbox 1628 519 1786 569; x_wconf 88' lang='lat' dir='ltr'>Patre,</span> <span class='ocrx_word' id='word_1_43' title='bbox 1819 526 1920 560; x_wconf 90' lang='lat' dir='ltr'>tum</span> 
     </span>
     <span class='ocr_line' id='line_1_6' title="bbox 287 582 1917 640; baseline 0.005 -18"><span class='ocrx_word' id='word_1_44' title='bbox 287 582 455 623; x_wconf 89' lang='lat' dir='ltr'>Comes</span> <span class='ocrx_word' id='word_1_45' title='bbox 475 590 573 624; x_wconf 90' lang='lat' dir='ltr'>tum</span> <span class='ocrx_word' id='word_1_46' title='bbox 595 585 693 624; x_wconf 90' lang='lat' dir='ltr'>eius</span> <span class='ocrx_word' id='word_1_47' title='bbox 714 597 848 636; x_wconf 84' lang='lat' dir='ltr'>uxor,</span> <span class='ocrx_word' id='word_1_48' title='bbox 876 586 935 626; x_wconf 89' lang='lat' dir='ltr'>D.</span> <span class='ocrx_word' id='word_1_49' title='bbox 959 586 1173 637; x_wconf 87' lang='lat' dir='ltr'>Isabella,</span> <span class='ocrx_word' id='word_1_50' title='bbox 1196 587 1416 640; x_wconf 83' lang='lat' dir='ltr'>Proregis</span> <span class='ocrx_word' id='word_1_51' title='bbox 1436 588 1544 638; x_wconf 86' lang='lat' dir='ltr'>filia,</span> <span class='ocrx_word' id='word_1_52' title='bbox 1568 590 1724 629; x_wconf 87' lang='lat' dir='ltr'>multis</span> <span class='ocrx_word' id='word_1_53' title='bbox 1743 597 1917 630; x_wconf 85' lang='lat' dir='ltr'>vacant</span> 
     </span>
     <span class='ocr_line' id='line_1_7' title="bbox 286 654 1915 710; baseline 0.004 -17"><span class='ocrx_word' id='word_1_54' title='bbox 286 654 502 705; x_wconf 90' lang='lat' dir='ltr'>operibus</span> <span class='ocrx_word' id='word_1_55' title='bbox 536 655 746 706; x_wconf 90' lang='lat' dir='ltr'>pietatis,</span> <span class='ocrx_word' id='word_1_56' title='bbox 777 657 939 707; x_wconf 82' lang='lat' dir='ltr'>egenis</span> <span class='ocrx_word' id='word_1_57' title='bbox 969 658 1294 709; x_wconf 76' lang='lat' dir='ltr'>eleemosynas</span> <span class='ocrx_word' id='word_1_58' title='bbox 1322 659 1585 710; x_wconf 85' lang='lat' dir='ltr'>largiendo,</span> <span class='ocrx_word' id='word_1_59' title='bbox 1618 660 1915 700; x_wconf 82' lang='lat' dir='ltr'>xenodochia</span> 
     </span>
     <span class='ocr_line' id='line_1_8' title="bbox 285 725 1915 781; baseline 0.004 -18"><span class='ocrx_word' id='word_1_60' title='bbox 285 725 522 776; x_wconf 80' lang='lat' dir='ltr'>erigendo,</span> <span class='ocrx_word' id='word_1_61' title='bbox 545 726 591 765; x_wconf 91' lang='lat' dir='ltr'>in</span> <span class='ocrx_word' id='word_1_62' title='bbox 613 726 881 767; x_wconf 76' lang='lat' dir='ltr'>carceribus</span> <span class='ocrx_word' id='word_1_63' title='bbox 903 727 1116 768; x_wconf 88' lang='lat' dir='ltr'>detentos</span> <span class='ocrx_word' id='word_1_64' title='bbox 1137 728 1391 780; x_wconf 86' lang='lat' dir='ltr'>liberando,</span> <span class='ocrx_word' id='word_1_65' title='bbox 1416 731 1642 781; x_wconf 86' lang='lat' dir='ltr'>pluraque</span> <span class='ocrx_word' id='word_1_66' title='bbox 1673 731 1764 770; x_wconf 89' lang='lat' dir='ltr'>alia</span> <span class='ocrx_word' id='word_1_67' title='bbox 1785 731 1915 771; x_wconf 90' lang='lat' dir='ltr'>mise-</span> 
     </span>
     <span class='ocr_line' id='line_1_9' title="bbox 285 794 1921 851; baseline 0.002 -16"><span class='ocrx_word' id='word_1_68' title='bbox 285 794 514 836; x_wconf 88' lang='lat' dir='ltr'>ricordiae</span> <span class='ocrx_word' id='word_1_69' title='bbox 535 808 677 848; x_wconf 91' lang='lat' dir='ltr'>opera</span> <span class='ocrx_word' id='word_1_70' title='bbox 698 808 869 848; x_wconf 83' lang='lat' dir='ltr'>magno</span> <span class='ocrx_word' id='word_1_71' title='bbox 898 797 1053 839; x_wconf 88' lang='lat' dir='ltr'>studio</span> <span class='ocrx_word' id='word_1_72' title='bbox 1081 810 1164 850; x_wconf 90' lang='lat' dir='ltr'>per</span> <span class='ocrx_word' id='word_1_73' title='bbox 1191 799 1291 839; x_wconf 89' lang='lat' dir='ltr'>dies</span> <span class='ocrx_word' id='word_1_74' title='bbox 1317 811 1435 851; x_wconf 91' lang='lat' dir='ltr'>pene</span> <span class='ocrx_word' id='word_1_75' title='bbox 1462 800 1672 851; x_wconf 84' lang='lat' dir='ltr'>singulos</span> <span class='ocrx_word' id='word_1_76' title='bbox 1700 813 1921 841; x_wconf 57' lang='lat' dir='ltr'>exercen÷</span> 
     </span>
     <span class='ocr_line' id='line_1_10' title="bbox 284 865 717 918; baseline 0.007 -13"><span class='ocrx_word' id='word_1_77' title='bbox 284 865 356 906; x_wconf 87' lang='lat' dir='ltr'>do.</span> <span class='ocrx_word' id='word_1_78' title='bbox 378 866 499 918; x_wconf 92' lang='lat' dir='ltr'>Xpo.</span> <span class='ocrx_word' id='word_1_79' title='bbox 523 867 717 918; x_wconf 83' lang='lat' dir='ltr'>gratias.</span> 
     </span>
    </p>

    <p class='ocr_par' dir='ltr' id='par_1_3' title="bbox 272 935 1917 2343">
     <span class='ocr_line' id='line_1_11' title="bbox 362 935 1917 993; baseline 0.004 -17"><span class='ocrx_word' id='word_1_80' title='bbox 362 935 599 978; x_wconf 86' lang='lat' dir='ltr'>Silendum</span> <span class='ocrx_word' id='word_1_81' title='bbox 621 944 776 979; x_wconf 90' lang='lat' dir='ltr'>autem</span> <span class='ocrx_word' id='word_1_82' title='bbox 796 951 891 979; x_wconf 89' lang='lat' dir='ltr'>non</span> <span class='ocrx_word' id='word_1_83' title='bbox 908 945 978 980; x_wconf 90' lang='lat' dir='ltr'>est</span> <span class='ocrx_word' id='word_1_84' title='bbox 994 940 1134 991; x_wconf 90' lang='lat' dir='ltr'>quod,</span> <span class='ocrx_word' id='word_1_85' title='bbox 1152 946 1258 992; x_wconf 91' lang='lat' dir='ltr'>post</span> <span class='ocrx_word' id='word_1_86' title='bbox 1280 941 1455 993; x_wconf 89' lang='lat' dir='ltr'>aliquot</span> <span class='ocrx_word' id='word_1_87' title='bbox 1472 941 1569 981; x_wconf 91' lang='lat' dir='ltr'>dies</span> <span class='ocrx_word' id='word_1_88' title='bbox 1593 954 1619 981; x_wconf 86' lang='lat' dir='ltr'>a</span> <span class='ocrx_word' id='word_1_89' title='bbox 1637 942 1748 982; x_wconf 89' lang='lat' dir='ltr'>dicti</span> <span class='ocrx_word' id='word_1_90' title='bbox 1764 941 1917 982; x_wconf 88' lang='lat' dir='ltr'>Patris</span> 
     </span>
     <span class='ocr_line' id='line_1_12' title="bbox 282 1008 1916 1063; baseline 0.004 -16"><span class='ocrx_word' id='word_1_91' title='bbox 282 1008 366 1048; x_wconf 91' lang='lat' dir='ltr'>nri.</span> <span class='ocrx_word' id='word_1_92' title='bbox 403 1008 568 1060; x_wconf 90' lang='lat' dir='ltr'>reditu,</span> <span class='ocrx_word' id='word_1_93' title='bbox 604 1008 679 1050; x_wconf 91' lang='lat' dir='ltr'>hic</span> <span class='ocrx_word' id='word_1_94' title='bbox 715 1011 885 1050; x_wconf 83' lang='lat' dir='ltr'>evenit.</span> <span class='ocrx_word' id='word_1_95' title='bbox 916 1011 1068 1062; x_wconf 84' lang='lat' dir='ltr'>Virgo</span> <span class='ocrx_word' id='word_1_96' title='bbox 1104 1011 1335 1063; x_wconf 86' lang='lat' dir='ltr'>quaedam</span> <span class='ocrx_word' id='word_1_97' title='bbox 1371 1012 1430 1052; x_wconf 91' lang='lat' dir='ltr'>ab</span> <span class='ocrx_word' id='word_1_98' title='bbox 1473 1012 1648 1063; x_wconf 86' lang='lat' dir='ltr'>aliquot</span> <span class='ocrx_word' id='word_1_99' title='bbox 1684 1013 1819 1053; x_wconf 89' lang='lat' dir='ltr'>annis</span> <span class='ocrx_word' id='word_1_100' title='bbox 1848 1018 1916 1053; x_wconf 92' lang='lat' dir='ltr'>tot</span> 
     </span>
     <span class='ocr_line' id='line_1_13' title="bbox 281 1078 1916 1134; baseline 0.003 -15"><span class='ocrx_word' id='word_1_101' title='bbox 281 1078 433 1119; x_wconf 87' lang='lat' dir='ltr'>fuerat</span> <span class='ocrx_word' id='word_1_102' title='bbox 454 1091 509 1120; x_wconf 90' lang='lat' dir='ltr'>ac</span> <span class='ocrx_word' id='word_1_103' title='bbox 530 1080 672 1121; x_wconf 90' lang='lat' dir='ltr'>tantis</span> <span class='ocrx_word' id='word_1_104' title='bbox 693 1088 866 1122; x_wconf 82' lang='lat' dir='ltr'>vexata</span> <span class='ocrx_word' id='word_1_105' title='bbox 888 1082 1141 1134; x_wconf 83' lang='lat' dir='ltr'>scrupulis,</span> <span class='ocrx_word' id='word_1_106' title='bbox 1166 1088 1215 1122; x_wconf 93' lang='lat' dir='ltr'>ut</span> <span class='ocrx_word' id='word_1_107' title='bbox 1237 1094 1331 1123; x_wconf 91' lang='lat' dir='ltr'>non</span> <span class='ocrx_word' id='word_1_108' title='bbox 1359 1083 1520 1123; x_wconf 88' lang='lat' dir='ltr'>audire</span> <span class='ocrx_word' id='word_1_109' title='bbox 1549 1083 1685 1123; x_wconf 90' lang='lat' dir='ltr'>modo</span> <span class='ocrx_word' id='word_1_110' title='bbox 1714 1083 1787 1124; x_wconf 77' lang='lat' dir='ltr'>X.i</span> <span class='ocrx_word' id='word_1_111' title='bbox 1814 1096 1916 1125; x_wconf 85' lang='lat' dir='ltr'>Ver-</span> 
     </span>
     <span class='ocr_line' id='line_1_14' title="bbox 281 1151 1915 1206; baseline 0.004 -16"><span class='ocrx_word' id='word_1_112' title='bbox 281 1151 358 1201; x_wconf 90' lang='lat' dir='ltr'>ba,</span> <span class='ocrx_word' id='word_1_113' title='bbox 384 1151 465 1191; x_wconf 92' lang='lat' dir='ltr'>sed</span> <span class='ocrx_word' id='word_1_114' title='bbox 491 1163 576 1191; x_wconf 89' lang='lat' dir='ltr'>nec</span> <span class='ocrx_word' id='word_1_115' title='bbox 603 1151 679 1192; x_wconf 91' lang='lat' dir='ltr'>illa</span> <span class='ocrx_word' id='word_1_116' title='bbox 711 1153 920 1204; x_wconf 81' lang='lat' dir='ltr'>cogitare</span> <span class='ocrx_word' id='word_1_117' title='bbox 950 1159 1108 1204; x_wconf 90' lang='lat' dir='ltr'>posset</span> <span class='ocrx_word' id='word_1_118' title='bbox 1136 1154 1228 1193; x_wconf 93' lang='lat' dir='ltr'>ullo</span> <span class='ocrx_word' id='word_1_119' title='bbox 1257 1153 1411 1194; x_wconf 90' lang='lat' dir='ltr'>modo.</span> <span class='ocrx_word' id='word_1_120' title='bbox 1442 1154 1499 1194; x_wconf 89' lang='lat' dir='ltr'>Et</span> <span class='ocrx_word' id='word_1_121' title='bbox 1526 1154 1633 1194; x_wconf 89' lang='lat' dir='ltr'>licet</span> <span class='ocrx_word' id='word_1_122' title='bbox 1665 1155 1915 1206; x_wconf 86' lang='lat' dir='ltr'>aliquando</span> 
     </span>
     <span class='ocr_line' id='line_1_15' title="bbox 282 1221 1913 1277; baseline 0.002 -16"><span class='ocrx_word' id='word_1_123' title='bbox 282 1221 593 1272; x_wconf 89' lang='lat' dir='ltr'>confiteretur,</span> <span class='ocrx_word' id='word_1_124' title='bbox 631 1235 870 1275; x_wconf 90' lang='lat' dir='ltr'>nunquam</span> <span class='ocrx_word' id='word_1_125' title='bbox 898 1230 1054 1264; x_wconf 85' lang='lat' dir='ltr'>tamen</span> <span class='ocrx_word' id='word_1_126' title='bbox 1082 1224 1205 1264; x_wconf 90' lang='lat' dir='ltr'>intra</span> <span class='ocrx_word' id='word_1_127' title='bbox 1235 1224 1324 1265; x_wconf 91' lang='lat' dir='ltr'>hoc</span> <span class='ocrx_word' id='word_1_128' title='bbox 1353 1230 1537 1276; x_wconf 90' lang='lat' dir='ltr'>tempus</span> <span class='ocrx_word' id='word_1_129' title='bbox 1571 1224 1628 1265; x_wconf 87' lang='lat' dir='ltr'>ad</span> <span class='ocrx_word' id='word_1_130' title='bbox 1658 1225 1913 1277; x_wconf 90' lang='lat' dir='ltr'>percipien-</span> 
     </span>
     <span class='ocr_line' id='line_1_16' title="bbox 280 1293 1913 1348; baseline 0.002 -15"><span class='ocrx_word' id='word_1_131' title='bbox 280 1293 390 1333; x_wconf 90' lang='lat' dir='ltr'>dum</span> <span class='ocrx_word' id='word_1_132' title='bbox 414 1293 738 1334; x_wconf 86' lang='lat' dir='ltr'>Eucharistiae</span> <span class='ocrx_word' id='word_1_133' title='bbox 758 1301 1106 1335; x_wconf 81' lang='lat' dir='ltr'>sacramentum</span> <span class='ocrx_word' id='word_1_134' title='bbox 1132 1295 1281 1347; x_wconf 92' lang='lat' dir='ltr'>potuit</span> <span class='ocrx_word' id='word_1_135' title='bbox 1311 1295 1495 1336; x_wconf 91' lang='lat' dir='ltr'>adduci.</span> <span class='ocrx_word' id='word_1_136' title='bbox 1529 1296 1717 1348; x_wconf 91' lang='lat' dir='ltr'>Iamque</span> <span class='ocrx_word' id='word_1_137' title='bbox 1746 1296 1802 1336; x_wconf 88' lang='lat' dir='ltr'>de</span> <span class='ocrx_word' id='word_1_138' title='bbox 1829 1308 1913 1337; x_wconf 90' lang='lat' dir='ltr'>sua</span> 
     </span>
     <span class='ocr_line' id='line_1_17' title="bbox 279 1365 1912 1417; baseline 0.002 -14"><span class='ocrx_word' id='word_1_139' title='bbox 279 1375 395 1415; x_wconf 91' lang='lat' dir='ltr'>pene</span> <span class='ocrx_word' id='word_1_140' title='bbox 417 1365 564 1404; x_wconf 90' lang='lat' dir='ltr'>salute</span> <span class='ocrx_word' id='word_1_141' title='bbox 586 1365 940 1416; x_wconf 78' lang='lat' dir='ltr'>desperaverat3</span> <span class='ocrx_word' id='word_1_142' title='bbox 964 1377 1106 1417; x_wconf 91' lang='lat' dir='ltr'>seque</span> <span class='ocrx_word' id='word_1_143' title='bbox 1126 1366 1247 1406; x_wconf 86' lang='lat' dir='ltr'>inter</span> <span class='ocrx_word' id='word_1_144' title='bbox 1268 1366 1641 1407; x_wconf 89' lang='lat' dir='ltr'>damnandorum</span> <span class='ocrx_word' id='word_1_145' title='bbox 1667 1379 1912 1407; x_wconf 89' lang='lat' dir='ltr'>numerum</span> 
     </span>
     <span class='ocr_line' id='line_1_18' title="bbox 280 1439 1913 1492; baseline 0.002 -15"><span class='ocrx_word' id='word_1_146' title='bbox 280 1444 648 1489; x_wconf 84' lang='lat' dir='ltr'>computaverat,</span> <span class='ocrx_word' id='word_1_147' title='bbox 669 1450 773 1479; x_wconf 90' lang='lat' dir='ltr'>cum</span> <span class='ocrx_word' id='word_1_148' title='bbox 790 1439 976 1480; x_wconf 90' lang='lat' dir='ltr'>diabolo</span> <span class='ocrx_word' id='word_1_149' title='bbox 996 1440 1186 1492; x_wconf 89' lang='lat' dir='ltr'>eiusque</span> <span class='ocrx_word' id='word_1_150' title='bbox 1203 1441 1480 1481; x_wconf 91' lang='lat' dir='ltr'>satellitibus</span> <span class='ocrx_word' id='word_1_151' title='bbox 1501 1441 1738 1492; x_wconf 90' lang='lat' dir='ltr'>perpetuis</span> <span class='ocrx_word' id='word_1_152' title='bbox 1759 1441 1913 1481; x_wconf 88' lang='lat' dir='ltr'>incen-</span> 
     </span>
     <span class='ocr_line' id='line_1_19' title="bbox 279 1509 1911 1561; baseline 0.002 -13"><span class='ocrx_word' id='word_1_153' title='bbox 279 1509 365 1549; x_wconf 91' lang='lat' dir='ltr'>diis</span> <span class='ocrx_word' id='word_1_154' title='bbox 387 1510 704 1549; x_wconf 85' lang='lat' dir='ltr'>cruciandam.</span> <span class='ocrx_word' id='word_1_155' title='bbox 728 1509 792 1550; x_wconf 88' lang='lat' dir='ltr'>At</span> <span class='ocrx_word' id='word_1_156' title='bbox 812 1511 1180 1561; x_wconf 87' lang='lat' dir='ltr'>benignissimus</span> <span class='ocrx_word' id='word_1_157' title='bbox 1208 1511 1436 1552; x_wconf 86' lang='lat' dir='ltr'>Dominus</span> <span class='ocrx_word' id='word_1_158' title='bbox 1464 1512 1662 1552; x_wconf 88' lang='lat' dir='ltr'>ancillae</span> <span class='ocrx_word' id='word_1_159' title='bbox 1694 1523 1806 1552; x_wconf 89' lang='lat' dir='ltr'>suae</span> <span class='ocrx_word' id='word_1_160' title='bbox 1833 1512 1911 1552; x_wconf 94' lang='lat' dir='ltr'>hu-</span> 
     </span>
     <span class='ocr_line' id='line_1_20' title="bbox 278 1580 1914 1634; baseline 0.002 -15"><span class='ocrx_word' id='word_1_161' title='bbox 278 1580 518 1620; x_wconf 90' lang='lat' dir='ltr'>militatem</span> <span class='ocrx_word' id='word_1_162' title='bbox 538 1581 815 1632; x_wconf 84' lang='lat' dir='ltr'>respiciens,</span> <span class='ocrx_word' id='word_1_163' title='bbox 840 1593 960 1632; x_wconf 91' lang='lat' dir='ltr'>quae</span> <span class='ocrx_word' id='word_1_164' title='bbox 981 1593 1221 1633; x_wconf 88' lang='lat' dir='ltr'>nunquam</span> <span class='ocrx_word' id='word_1_165' title='bbox 1251 1582 1466 1622; x_wconf 86' lang='lat' dir='ltr'>daemoni</span> <span class='ocrx_word' id='word_1_166' title='bbox 1496 1583 1617 1622; x_wconf 88' lang='lat' dir='ltr'>inter</span> <span class='ocrx_word' id='word_1_167' title='bbox 1649 1588 1717 1623; x_wconf 92' lang='lat' dir='ltr'>tot</span> <span class='ocrx_word' id='word_1_168' title='bbox 1747 1594 1914 1634; x_wconf 78' lang='lat' dir='ltr'>sugge-</span> 
     </span>
     <span class='ocr_line' id='line_1_21' title="bbox 275 1650 1907 1704; baseline 0.002 -14"><span class='ocrx_word' id='word_1_169' title='bbox 275 1650 449 1691; x_wconf 88' lang='lat' dir='ltr'>stiones</span> <span class='ocrx_word' id='word_1_170' title='bbox 477 1663 720 1691; x_wconf 81' lang='lat' dir='ltr'>assensum</span> <span class='ocrx_word' id='word_1_171' title='bbox 746 1652 1049 1702; x_wconf 84' lang='lat' dir='ltr'>praebuerat,</span> <span class='ocrx_word' id='word_1_172' title='bbox 1079 1653 1229 1693; x_wconf 85' lang='lat' dir='ltr'>voluit</span> <span class='ocrx_word' id='word_1_173' title='bbox 1263 1665 1367 1693; x_wconf 88' lang='lat' dir='ltr'>eam</span> <span class='ocrx_word' id='word_1_174' title='bbox 1402 1665 1426 1693; x_wconf 93' lang='lat' dir='ltr'>e</span> <span class='ocrx_word' id='word_1_175' title='bbox 1461 1654 1794 1704; x_wconf 87' lang='lat' dir='ltr'>multiplicibus</span> <span class='ocrx_word' id='word_1_176' title='bbox 1824 1654 1907 1694; x_wconf 91' lang='lat' dir='ltr'>ini-</span> 
     </span>
     <span class='ocr_line' id='line_1_22' title="bbox 275 1721 1913 1775; baseline 0.002 -15"><span class='ocrx_word' id='word_1_177' title='bbox 275 1721 383 1761; x_wconf 91' lang='lat' dir='ltr'>mici</span> <span class='ocrx_word' id='word_1_178' title='bbox 413 1722 590 1773; x_wconf 84' lang='lat' dir='ltr'>laqueis</span> <span class='ocrx_word' id='word_1_179' title='bbox 628 1723 820 1774; x_wconf 88' lang='lat' dir='ltr'>eripere.</span> <span class='ocrx_word' id='word_1_180' title='bbox 861 1722 976 1763; x_wconf 90' lang='lat' dir='ltr'>Cum</span> <span class='ocrx_word' id='word_1_181' title='bbox 1012 1724 1134 1763; x_wconf 90' lang='lat' dir='ltr'>enim</span> <span class='ocrx_word' id='word_1_182' title='bbox 1164 1724 1235 1763; x_wconf 88' lang='lat' dir='ltr'>his</span> <span class='ocrx_word' id='word_1_183' title='bbox 1263 1724 1448 1774; x_wconf 89' lang='lat' dir='ltr'>diebus,</span> <span class='ocrx_word' id='word_1_184' title='bbox 1479 1731 1528 1764; x_wconf 89' lang='lat' dir='ltr'>ut</span> <span class='ocrx_word' id='word_1_185' title='bbox 1556 1725 1754 1775; x_wconf 82' lang='lat' dir='ltr'>solebat,</span> <span class='ocrx_word' id='word_1_186' title='bbox 1784 1724 1913 1764; x_wconf 88' lang='lat' dir='ltr'>Patri</span> 
     </span>
     <span class='ocr_line' id='line_1_23' title="bbox 274 1792 1909 1846; baseline 0.002 -14"><span class='ocrx_word' id='word_1_187' title='bbox 274 1804 373 1832; x_wconf 90' lang='lat' dir='ltr'>nro.</span> <span class='ocrx_word' id='word_1_188' title='bbox 411 1792 730 1843; x_wconf 86' lang='lat' dir='ltr'>confiteretur,</span> <span class='ocrx_word' id='word_1_189' title='bbox 770 1794 1043 1844; x_wconf 84' lang='lat' dir='ltr'>persuaderi</span> <span class='ocrx_word' id='word_1_190' title='bbox 1079 1795 1222 1834; x_wconf 89' lang='lat' dir='ltr'>etiam</span> <span class='ocrx_word' id='word_1_191' title='bbox 1263 1795 1375 1845; x_wconf 90' lang='lat' dir='ltr'>sibi,</span> <span class='ocrx_word' id='word_1_192' title='bbox 1427 1802 1651 1846; x_wconf 86' lang='lat' dir='ltr'>operante</span> <span class='ocrx_word' id='word_1_193' title='bbox 1691 1795 1909 1845; x_wconf 87' lang='lat' dir='ltr'>Domino,</span> 
     </span>
     <span class='ocr_line' id='line_1_24' title="bbox 273 1865 1904 1917; baseline 0.002 -14"><span class='ocrx_word' id='word_1_194' title='bbox 273 1875 413 1915; x_wconf 85' lang='lat' dir='ltr'>passa</span> <span class='ocrx_word' id='word_1_195' title='bbox 435 1875 518 1913; x_wconf 85' lang='lat' dir='ltr'>est,</span> <span class='ocrx_word' id='word_1_196' title='bbox 542 1870 591 1904; x_wconf 89' lang='lat' dir='ltr'>ut</span> <span class='ocrx_word' id='word_1_197' title='bbox 613 1876 800 1904; x_wconf 86' lang='lat' dir='ltr'>sacrum</span> <span class='ocrx_word' id='word_1_198' title='bbox 821 1865 1079 1916; x_wconf 89' lang='lat' dir='ltr'>susciperet</span> <span class='ocrx_word' id='word_1_199' title='bbox 1100 1865 1425 1917; x_wconf 87' lang='lat' dir='ltr'>Redemptoris</span> <span class='ocrx_word' id='word_1_200' title='bbox 1446 1866 1533 1906; x_wconf 88' lang='lat' dir='ltr'>nri.</span> <span class='ocrx_word' id='word_1_201' title='bbox 1558 1878 1743 1917; x_wconf 87' lang='lat' dir='ltr'>corpus.</span> <span class='ocrx_word' id='word_1_202' title='bbox 1770 1865 1904 1917; x_wconf 83' lang='lat' dir='ltr'>Quod</span> 
     </span>
     <span class='ocr_line' id='line_1_25' title="bbox 275 1935 1907 1989; baseline 0.002 -15"><span class='ocrx_word' id='word_1_203' title='bbox 275 1946 379 1975; x_wconf 92' lang='lat' dir='ltr'>cum</span> <span class='ocrx_word' id='word_1_204' title='bbox 401 1935 653 1986; x_wconf 87' lang='lat' dir='ltr'>effecisset,</span> <span class='ocrx_word' id='word_1_205' title='bbox 678 1941 807 1975; x_wconf 91' lang='lat' dir='ltr'>tanto</span> <span class='ocrx_word' id='word_1_206' title='bbox 830 1942 899 1975; x_wconf 89' lang='lat' dir='ltr'>est</span> <span class='ocrx_word' id='word_1_207' title='bbox 918 1937 1092 1986; x_wconf 83' lang='lat' dir='ltr'>gaudio</span> <span class='ocrx_word' id='word_1_208' title='bbox 1115 1942 1340 1989; x_wconf 88' lang='lat' dir='ltr'>tantaque</span> <span class='ocrx_word' id='word_1_209' title='bbox 1361 1938 1530 1977; x_wconf 89' lang='lat' dir='ltr'>mentis</span> <span class='ocrx_word' id='word_1_210' title='bbox 1551 1937 1727 1977; x_wconf 88' lang='lat' dir='ltr'>laetitia</span> <span class='ocrx_word' id='word_1_211' title='bbox 1756 1937 1907 1988; x_wconf 86' lang='lat' dir='ltr'>perfu—</span> 
     </span>
     <span class='ocr_line' id='line_1_26' title="bbox 274 2007 1903 2059; baseline 0.002 -14"><span class='ocrx_word' id='word_1_212' title='bbox 274 2018 340 2057; x_wconf 90' lang='lat' dir='ltr'>sa,</span> <span class='ocrx_word' id='word_1_213' title='bbox 360 2012 410 2046; x_wconf 93' lang='lat' dir='ltr'>ut</span> <span class='ocrx_word' id='word_1_214' title='bbox 431 2007 555 2046; x_wconf 89' lang='lat' dir='ltr'>omni</span> <span class='ocrx_word' id='word_1_215' title='bbox 572 2007 667 2046; x_wconf 84' lang='lat' dir='ltr'>fere</span> <span class='ocrx_word' id='word_1_216' title='bbox 689 2013 844 2047; x_wconf 88' lang='lat' dir='ltr'>amoto</span> <span class='ocrx_word' id='word_1_217' title='bbox 867 2009 1100 2059; x_wconf 89' lang='lat' dir='ltr'>scrupulo,</span> <span class='ocrx_word' id='word_1_218' title='bbox 1122 2014 1260 2059; x_wconf 91' lang='lat' dir='ltr'>atque</span> <span class='ocrx_word' id='word_1_219' title='bbox 1277 2008 1420 2048; x_wconf 89' lang='lat' dir='ltr'>animi</span> <span class='ocrx_word' id='word_1_220' title='bbox 1441 2009 1677 2048; x_wconf 83' lang='lat' dir='ltr'>anxietate</span> <span class='ocrx_word' id='word_1_221' title='bbox 1695 2008 1903 2059; x_wconf 84' lang='lat' dir='ltr'>depulsa,</span> 
     </span>
     <span class='ocr_line' id='line_1_27' title="bbox 272 2079 1903 2130; baseline 0.002 -14"><span class='ocrx_word' id='word_1_222' title='bbox 272 2089 508 2129; x_wconf 91' lang='lat' dir='ltr'>nunquam</span> <span class='ocrx_word' id='word_1_223' title='bbox 531 2090 579 2117; x_wconf 94' lang='lat' dir='ltr'>se</span> <span class='ocrx_word' id='word_1_224' title='bbox 600 2084 780 2118; x_wconf 88' lang='lat' dir='ltr'>tantum</span> <span class='ocrx_word' id='word_1_225' title='bbox 801 2079 1137 2119; x_wconf 87' lang='lat' dir='ltr'>consolationis</span> <span class='ocrx_word' id='word_1_226' title='bbox 1159 2079 1439 2130; x_wconf 83' lang='lat' dir='ltr'>divinaeque</span> <span class='ocrx_word' id='word_1_227' title='bbox 1461 2079 1719 2119; x_wconf 89' lang='lat' dir='ltr'>dulcedinis</span> <span class='ocrx_word' id='word_1_228' title='bbox 1741 2090 1903 2130; x_wconf 85' lang='lat' dir='ltr'>exper-</span> 
     </span>
     <span class='ocr_line' id='line_1_28' title="bbox 272 2148 1903 2201; baseline 0.001 -13"><span class='ocrx_word' id='word_1_229' title='bbox 272 2155 368 2188; x_wconf 88' lang='lat' dir='ltr'>tam</span> <span class='ocrx_word' id='word_1_230' title='bbox 387 2148 605 2197; x_wconf 89' lang='lat' dir='ltr'>fateatur,</span> <span class='ocrx_word' id='word_1_231' title='bbox 632 2150 891 2200; x_wconf 89' lang='lat' dir='ltr'>meritoque</span> <span class='ocrx_word' id='word_1_232' title='bbox 913 2150 1125 2199; x_wconf 81' lang='lat' dir='ltr'>gaudens</span> <span class='ocrx_word' id='word_1_233' title='bbox 1147 2161 1317 2190; x_wconf 84' lang='lat' dir='ltr'>canere</span> <span class='ocrx_word' id='word_1_234' title='bbox 1338 2162 1443 2190; x_wconf 90' lang='lat' dir='ltr'>cum</span> <span class='ocrx_word' id='word_1_235' title='bbox 1473 2150 1709 2201; x_wconf 85' lang='lat' dir='ltr'>Propheta</span> <span class='ocrx_word' id='word_1_236' title='bbox 1736 2155 1903 2201; x_wconf 88' lang='lat' dir='ltr'>potest:</span> 
     </span>
     <span class='ocr_line' id='line_1_29' title="bbox 273 2220 1906 2272; baseline 0.001 -13"><span class='ocrx_word' id='word_1_237' title='bbox 273 2220 425 2270; x_wconf 71' lang='lat' dir='ltr'>Quam</span> <span class='ocrx_word' id='word_1_238' title='bbox 446 2231 626 2270; x_wconf 76' lang='lat' dir='ltr'>magna</span> <span class='ocrx_word' id='word_1_239' title='bbox 648 2220 902 2260; x_wconf 79' lang='lat' dir='ltr'>multitudo</span> <span class='ocrx_word' id='word_1_240' title='bbox 925 2220 1190 2260; x_wconf 72' lang='lat' dir='ltr'>dulcedinis</span> <span class='ocrx_word' id='word_1_241' title='bbox 1212 2224 1321 2260; x_wconf 77' lang='lat' dir='ltr'>tuae</span> <span class='ocrx_word' id='word_1_242' title='bbox 1335 2253 1347 2271; x_wconf 83' lang='lat'>,</span> <span class='ocrx_word' id='word_1_243' title='bbox 1375 2232 1515 2272; x_wconf 77' lang='lat' dir='ltr'>qnam</span> <span class='ocrx_word' id='word_1_244' title='bbox 1542 2220 1835 2261; x_wconf 71' lang='lat' dir='ltr'>abscondisti</span> <span class='ocrx_word' id='word_1_245' title='bbox 1852 2220 1906 2261; x_wconf 81' lang='lat' dir='ltr'>tz&#39;-</span> 
     </span>
     <span class='ocr_line' id='line_1_30' title="bbox 272 2290 1558 2343; baseline 0 -14"><span class='ocrx_word' id='word_1_246' title='bbox 272 2290 502 2330; x_wconf 75' lang='lat' dir='ltr'>mentibus</span> <span class='ocrx_word' id='word_1_247' title='bbox 524 2294 589 2339; x_wconf 63' lang='lat' dir='ltr'>tes</span> <span class='ocrx_word' id='word_1_248' title='bbox 608 2290 861 2341; x_wconf 71' lang='lat' dir='ltr'>perfecisti</span> <span class='ocrx_word' id='word_1_249' title='bbox 877 2291 944 2330; x_wconf 84' lang='lat' dir='ltr'>eis</span> <span class='ocrx_word' id='word_1_250' title='bbox 964 2291 1050 2342; x_wconf 76' lang='lat' dir='ltr'>qui</span> <span class='ocrx_word' id='word_1_251' title='bbox 1067 2295 1264 2342; x_wconf 72' lang='lat' dir='ltr'>sperant</span> <span class='ocrx_word' id='word_1_252' title='bbox 1284 2291 1334 2331; x_wconf 80' lang='lat' dir='ltr'>in</span> <span class='ocrx_word' id='word_1_253' title='bbox 1355 2295 1398 2331; x_wconf 86' lang='lat' dir='ltr'>te</span> <span class='ocrx_word' id='word_1_254' title='bbox 1418 2291 1450 2343; x_wconf 73' lang='lat'>²,</span> <span class='ocrx_word' id='word_1_255' title='bbox 1471 2298 1558 2332; x_wconf 90' lang='lat' dir='ltr'>etc.</span> 
     </span>
    </p>

    <p class='ocr_par' dir='ltr' id='par_1_4' title="bbox 271 2360 1915 2837">
     <span class='ocr_line' id='line_1_31' title="bbox 350 2360 1905 2414; baseline 0.001 -14"><span class='ocrx_word' id='word_1_256' title='bbox 350 2360 555 2401; x_wconf 87' lang='lat' dir='ltr'>Plurima</span> <span class='ocrx_word' id='word_1_257' title='bbox 577 2368 684 2401; x_wconf 91' lang='lat' dir='ltr'>sunt</span> <span class='ocrx_word' id='word_1_258' title='bbox 707 2362 819 2413; x_wconf 79' lang='lat' dir='ltr'>alia,</span> <span class='ocrx_word' id='word_1_259' title='bbox 853 2373 971 2412; x_wconf 91' lang='lat' dir='ltr'>quae</span> <span class='ocrx_word' id='word_1_260' title='bbox 1003 2368 1102 2402; x_wconf 91' lang='lat' dir='ltr'>tum</span> <span class='ocrx_word' id='word_1_261' title='bbox 1130 2362 1314 2414; x_wconf 89' lang='lat' dir='ltr'>publice</span> <span class='ocrx_word' id='word_1_262' title='bbox 1343 2368 1441 2402; x_wconf 88' lang='lat' dir='ltr'>tum</span> <span class='ocrx_word' id='word_1_263' title='bbox 1471 2363 1694 2414; x_wconf 83' lang='lat' dir='ltr'>privatim</span> <span class='ocrx_word' id='word_1_264' title='bbox 1719 2374 1803 2413; x_wconf 91' lang='lat' dir='ltr'>per</span> <span class='ocrx_word' id='word_1_265' title='bbox 1822 2362 1905 2402; x_wconf 89' lang='lat' dir='ltr'>Pa-</span> 
     </span>
     <span class='ocr_line' id='line_1_32' title="bbox 273 2432 1903 2483; baseline 0.001 -12"><span class='ocrx_word' id='word_1_266' title='bbox 273 2438 366 2471; x_wconf 86' lang='lat' dir='ltr'>tres</span> <span class='ocrx_word' id='word_1_267' title='bbox 388 2443 443 2472; x_wconf 90' lang='lat' dir='ltr'>ac</span> <span class='ocrx_word' id='word_1_268' title='bbox 463 2432 570 2472; x_wconf 87' lang='lat' dir='ltr'>fres.</span> <span class='ocrx_word' id='word_1_269' title='bbox 605 2432 765 2472; x_wconf 81' lang='lat' dir='ltr'>divina</span> <span class='ocrx_word' id='word_1_270' title='bbox 792 2432 978 2472; x_wconf 91' lang='lat' dir='ltr'>bonitas</span> <span class='ocrx_word' id='word_1_271' title='bbox 1009 2432 1158 2473; x_wconf 89' lang='lat' dir='ltr'>effecit</span> <span class='ocrx_word' id='word_1_272' title='bbox 1188 2433 1236 2473; x_wconf 93' lang='lat' dir='ltr'>in</span> <span class='ocrx_word' id='word_1_273' title='bbox 1265 2433 1549 2473; x_wconf 89' lang='lat' dir='ltr'>consolando</span> <span class='ocrx_word' id='word_1_274' title='bbox 1580 2438 1807 2483; x_wconf 88' lang='lat' dir='ltr'>moestos,</span> <span class='ocrx_word' id='word_1_275' title='bbox 1841 2433 1903 2473; x_wconf 90' lang='lat' dir='ltr'>in-</span> 
     </span>
     <span class='ocr_line' id='line_1_33' title="bbox 272 2502 1904 2555; baseline 0.001 -13"><span class='ocrx_word' id='word_1_276' title='bbox 272 2502 492 2543; x_wconf 90' lang='lat' dir='ltr'>struendo</span> <span class='ocrx_word' id='word_1_277' title='bbox 519 2503 681 2553; x_wconf 91' lang='lat' dir='ltr'>rudes,</span> <span class='ocrx_word' id='word_1_278' title='bbox 713 2502 923 2543; x_wconf 88' lang='lat' dir='ltr'>docendo</span> <span class='ocrx_word' id='word_1_279' title='bbox 953 2503 1167 2554; x_wconf 82' lang='lat' dir='ltr'>ignaros;</span> <span class='ocrx_word' id='word_1_280' title='bbox 1198 2515 1318 2555; x_wconf 92' lang='lat' dir='ltr'>quae</span> <span class='ocrx_word' id='word_1_281' title='bbox 1349 2504 1503 2544; x_wconf 89' lang='lat' dir='ltr'>omnia</span> <span class='ocrx_word' id='word_1_282' title='bbox 1533 2503 1808 2555; x_wconf 83' lang='lat' dir='ltr'>singillatim</span> <span class='ocrx_word' id='word_1_283' title='bbox 1836 2515 1904 2543; x_wconf 91' lang='lat' dir='ltr'>re-</span> 
     </span>
     <span class='ocr_line' id='line_1_34' title="bbox 272 2574 1903 2625; baseline 0.001 -12"><span class='ocrx_word' id='word_1_284' title='bbox 272 2585 487 2624; x_wconf 90' lang='lat' dir='ltr'>censere,</span> <span class='ocrx_word' id='word_1_285' title='bbox 525 2579 573 2613; x_wconf 92' lang='lat' dir='ltr'>ut</span> <span class='ocrx_word' id='word_1_286' title='bbox 607 2585 701 2613; x_wconf 92' lang='lat' dir='ltr'>non</span> <span class='ocrx_word' id='word_1_287' title='bbox 739 2574 1080 2622; x_wconf 84' lang='lat' dir='ltr'>necessarium,</span> <span class='ocrx_word' id='word_1_288' title='bbox 1119 2574 1183 2614; x_wconf 90' lang='lat' dir='ltr'>ita</span> <span class='ocrx_word' id='word_1_289' title='bbox 1218 2586 1467 2625; x_wconf 91' lang='lat' dir='ltr'>operosum</span> <span class='ocrx_word' id='word_1_290' title='bbox 1505 2574 1641 2614; x_wconf 89' lang='lat' dir='ltr'>nimis</span> <span class='ocrx_word' id='word_1_291' title='bbox 1681 2580 1763 2614; x_wconf 91' lang='lat' dir='ltr'>est.</span> <span class='ocrx_word' id='word_1_292' title='bbox 1801 2574 1903 2614; x_wconf 88' lang='lat' dir='ltr'>Hoc</span> 
     </span>
     <span class='ocr_line' id='line_1_35' title="bbox 271 2645 1915 2696; baseline 0 -12"><span class='ocrx_word' id='word_1_293' title='bbox 271 2655 414 2684; x_wconf 90' lang='lat' dir='ltr'>unum</span> <span class='ocrx_word' id='word_1_294' title='bbox 449 2650 605 2684; x_wconf 90' lang='lat' dir='ltr'>tamen</span> <span class='ocrx_word' id='word_1_295' title='bbox 640 2645 824 2685; x_wconf 89' lang='lat' dir='ltr'>silentio</span> <span class='ocrx_word' id='word_1_296' title='bbox 857 2656 951 2684; x_wconf 90' lang='lat' dir='ltr'>non</span> <span class='ocrx_word' id='word_1_297' title='bbox 981 2645 1268 2696; x_wconf 89' lang='lat' dir='ltr'>praeteribo,</span> <span class='ocrx_word' id='word_1_298' title='bbox 1300 2650 1481 2685; x_wconf 91' lang='lat' dir='ltr'>tantam</span> <span class='ocrx_word' id='word_1_299' title='bbox 1514 2657 1615 2685; x_wconf 93' lang='lat' dir='ltr'>esse</span> <span class='ocrx_word' id='word_1_300' title='bbox 1643 2656 1725 2696; x_wconf 89' lang='lat' dir='ltr'>per</span> <span class='ocrx_word' id='word_1_301' title='bbox 1753 2650 1915 2685; x_wconf 69' lang='lat' dir='ltr'>totam-</span> 
     </span>
     <span class='ocr_line' id='line_1_36' title="bbox 271 2714 1907 2767; baseline 0 -13"><span class='ocrx_word' id='word_1_302' title='bbox 271 2715 432 2754; x_wconf 91' lang='lat' dir='ltr'>urbem</span> <span class='ocrx_word' id='word_1_303' title='bbox 473 2715 528 2755; x_wconf 91' lang='lat' dir='ltr'>de</span> <span class='ocrx_word' id='word_1_304' title='bbox 567 2714 801 2755; x_wconf 84' lang='lat' dir='ltr'>Societate</span> <span class='ocrx_word' id='word_1_305' title='bbox 835 2722 996 2755; x_wconf 87' lang='lat' dir='ltr'>nostra</span> <span class='ocrx_word' id='word_1_306' title='bbox 1038 2716 1326 2767; x_wconf 90' lang='lat' dir='ltr'>opinionem,</span> <span class='ocrx_word' id='word_1_307' title='bbox 1368 2727 1563 2767; x_wconf 88' lang='lat' dir='ltr'>eamque</span> <span class='ocrx_word' id='word_1_308' title='bbox 1601 2715 1656 2755; x_wconf 90' lang='lat' dir='ltr'>de</span> <span class='ocrx_word' id='word_1_309' title='bbox 1687 2715 1907 2755; x_wconf 87' lang='lat' dir='ltr'>Patribus</span> 
     </span>
     <span class='ocr_line' id='line_1_37' title="bbox 271 2785 1904 2837; baseline 0 -12"><span class='ocrx_word' id='word_1_310' title='bbox 271 2785 384 2825; x_wconf 89' lang='lat' dir='ltr'>nris.</span> <span class='ocrx_word' id='word_1_311' title='bbox 416 2786 810 2836; x_wconf 90' lang='lat' dir='ltr'>aestimationem,</span> <span class='ocrx_word' id='word_1_312' title='bbox 846 2792 896 2826; x_wconf 90' lang='lat' dir='ltr'>ut</span> <span class='ocrx_word' id='word_1_313' title='bbox 923 2786 1188 2837; x_wconf 88' lang='lat' dir='ltr'>frequenter</span> <span class='ocrx_word' id='word_1_314' title='bbox 1217 2787 1277 2827; x_wconf 91' lang='lat' dir='ltr'>ad</span> <span class='ocrx_word' id='word_1_315' title='bbox 1312 2786 1569 2827; x_wconf 89' lang='lat' dir='ltr'>audiendas</span> <span class='ocrx_word' id='word_1_316' title='bbox 1604 2792 1904 2837; x_wconf 82' lang='lat' dir='ltr'>aegrotorum</span> 
     </span>
    </p>
   </div>
   <div class='ocr_carea' id='block_1_3' title="bbox 327 2968 700 3050">
    <p class='ocr_par' dir='ltr' id='par_1_5' title="bbox 327 2968 700 3050">
     <span class='ocr_line' id='line_1_38' title="bbox 330 2968 700 2996; baseline 0.005 -2"><span class='ocrx_word' id='word_1_317' title='bbox 330 2968 338 2987; x_wconf 83' lang='lat'>¹</span> <span class='ocrx_word' id='word_1_318' title='bbox 380 2969 503 2996; x_wconf 77' lang='lat' dir='ltr'>locum.</span> <span class='ocrx_word' id='word_1_319' title='bbox 520 2969 700 2996; x_wconf 87' lang='lat' dir='ltr'>Polancus.</span> 
     </span>
     <span class='ocr_line' id='line_1_39' title="bbox 327 3016 587 3050; baseline 0 -7"><span class='ocrx_word' id='word_1_320' title='bbox 327 3016 340 3034; x_wconf 62' lang='lat'>⁹.)</span> <span class='ocrx_word' id='word_1_321' title='bbox 382 3016 432 3044; x_wconf 87' lang='lat' dir='ltr'>Ps.</span> <span class='ocrx_word' id='word_1_322' title='bbox 448 3024 529 3050; x_wconf 79' lang='lat' dir='ltr'>xxx,</span> <span class='ocrx_word' id='word_1_323' title='bbox 545 3016 587 3043; x_wconf 75' lang='lat'>20.</span> 
     </span>
    </p>
   </div>
  </div>
 </body>
</html>
