2080 3392
336 213 406 250 236
846 212 1072 249 LITTERAE
1099 221 1456 254 QUADRIMESTRES

417 308 607 348 Ineunte
646 307 1026 358 quadragesima,
1051 307 1205 347 visum
1235 312 1303 346 est
1323 306 1377 347 R.
1402 306 1450 347 P.
1480 306 1676 347 Doctori
1703 307 1873 347 Torres
1903 307 1962 347 ad

336 390 416 419 eas
445 379 691 427 ecclesias,
723 389 920 429 quarum
955 378 1211 418 redditibus
1241 378 1328 417 hoc
1364 377 1623 428 Collegium
1658 383 1961 428 sustentatur,

335 449 426 489 Ρ.ΕΞ
446 449 634 489 Petrum
650 448 769 488 Diaz
801 455 845 488 et
877 448 1226 488 Emmanuelem
1256 447 1386 488 Leite
1417 447 1620 499 mittere,
1653 454 1700 488 ut
1727 460 1833 488 cum
1860 449 1965 488 aliis

335 519 572 569 fratribus,
597 519 674 570 qui
703 524 809 558 sunt
836 519 882 558 in
909 519 1192 559 monasterio
1221 518 1278 558 D.
1305 518 1495 566 Felicis,
1532 518 1798 570 frequenter
1830 531 1963 571 paro·

336 590 466 630 chias
501 601 661 629 omnes
697 590 900 640 adirent,
938 590 1130 641 illosque
1164 589 1430 629 rusticanos
1469 589 1682 630 homines
1717 590 1964 640 diligenter

335 660 600 709 edocerent,
621 660 744 711 quod
763 659 940 700 faciunt
958 660 1005 700 in
1020 660 1143 700 hunc
1165 671 1310 711 usque
1328 659 1463 699 diem.
1487 660 1618 700 Duos
1648 660 1764 700 alios
1792 660 1965 700 fratres

334 732 393 772 ad
415 731 471 771 D.
495 731 689 771 Antonii
710 731 834 771 misit
855 732 1123 781 ecclesiam,
1148 731 1224 782 qui
1254 731 1301 770 in
1323 731 1479 782 pueris
1500 731 1750 771 edocendis
1771 737 1815 771 et
1838 731 1961 782 oppi-

335 803 468 842 danis
489 802 622 853 ipsis,
657 802 851 854 aliisque
879 802 1105 842 similibus
1136 802 1519 853 occupationibus
1548 802 1959 853 quadragesimam

334 873 672 924 impenderunt3
692 873 811 912 inter
833 884 950 924 quas
977 885 1031 913 ea
1060 878 1160 913 erat
1188 884 1281 912 non
1310 878 1569 923 postrema,
1601 872 1723 924 quod
1746 873 1873 912 ibant
1905 872 1965 912 ad

334 943 517 992 urbem,
542 955 681 995 quam
708 943 949 983 Guardam
978 944 1233 994 appellant,
1267 955 1386 995 quae
1408 944 1473 985 VI
1503 955 1726 995 passuum
1764 943 1967 983 millibus

334 1014 495 1064 distat,
520 1020 690 1063 111605,
728 1014 807 1065 qui
840 1013 887 1054 in
921 1014 1108 1065 publica
1144 1015 1355 1054 custodia
1388 1015 1536 1054 clausi
1565 1020 1719 1063 erant,
1753 1015 1964 1054 consola-

334 1091 439 1125 rent
460 1090 599 1136 atque
621 1085 762 1124 etiam
783 1083 1004 1124 docerent
1020 1085 1179 1134 multa,
1199 1096 1318 1135 quae
1336 1085 1400 1124 illi
1417 1085 1657 1125 hominum
1674 1084 1836 1135 generi
1858 1092 1964 1124 sunt

333 1155 473 1195 valde
505 1155 796 1205 necessaria,
838 1155 1002 1206 quibus
1032 1167 1382 1207 nonnumquam
1413 1156 1553 1196 etiam
1575 1167 1744 1206 aquam
1775 1168 1798 1195 e
1832 1154 1965 1195 fonte

333 1227 543 1266 humeris
577 1226 929 1277 adsportabant.
966 1225 1129 1266 Plures
1164 1226 1223 1266 ad
1258 1226 1375 1266 haec
1412 1238 1551 1277 quam
1580 1226 1738 1276 XXX,
1782 1233 1879 1266 tum
1917 1227 1964 1266 in

337 1297 501 1337 eadem
522 1298 650 1347 urbe,
675 1304 773 1337 tum
803 1297 849 1336 in
877 1297 1080 1348 quinque
1111 1297 1267 1348 pagiS,
1298 1309 1414 1348 quos
1442 1297 1653 1347 adibant,
1682 1298 1729 1337 in
1760 1297 1963 1348 gratiam

335 1368 579 1419 pristinam
602 1368 903 1408 reduxerunt.

412 1438 514 1478 Hac
542 1439 643 1490 ipsa
670 1438 1033 1490 quadragesima
1060 1438 1108 1478 P.
1146 1438 1346 1478 Michael
1379 1438 1435 1478 de
1468 1438 1617 1479 Sousa
1653 1439 1711 1479 ad
1742 1439 1961 1491 oppidum

333 1509 518 1558 Tomar,
543 1509 675 1549 cuius
696 1509 941 1549 commoda
962 1509 1316 1559 diligentissime
1338 1522 1364 1549 a
1385 1509 1513 1560 Rege
1534 1510 1856 1561 providentur,
1880 1509 1964 1550 Re-

331 1580 404 1631 gis
425 1581 570 1631 ipsius
591 1580 813 1632 petitione
834 1581 1004 1620 missus
1025 1586 1114 1630 est,
1140 1581 1219 1620 ubi
1239 1581 1462 1632 populum
1483 1581 1553 1621 bis
1580 1587 1659 1621 aut
1687 1587 1758 1621 ter
1783 1581 1830 1621 in
1859 1581 1965 1621 heb-

332 1651 531 1691 domada
557 1651 773 1701 docebat;
804 1650 926 1702 quod
956 1651 1183 1702 reliquum
1211 1658 1310 1691 erat
1338 1652 1561 1702 temporis
1590 1651 1832 1692 audiendis
1859 1663 1963 1692 con-

330 1722 612 1762 fessionibus
632 1727 676 1761 et
706 1721 1030 1762 Eucharistiae
1058 1721 1362 1762 Sacramento
1392 1722 1761 1763 administrando
1792 1722 1966 1774 impen-

330 1792 458 1832 dens.
476 1792 551 1832 Ad
569 1793 694 1844 quod
711 1793 998 1832 accedebant
1013 1793 1159 1842 multi,
1178 1792 1314 1844 idque
1330 1793 1612 1844 frequenter.
1630 1793 1750 1834 Nam
1766 1792 1822 1833 D.
1843 1793 1963 1834 Gon-

330 1864 511 1913 calvius
528 1864 758 1914 superiori
776 1875 898 1903 anno
921 1864 966 1903 in
989 1863 1153 1903 eodem
1174 1863 1324 1903 fuerat
1346 1864 1530 1915 oppido.

409 1933 670 1974 Dominicis
691 1947 830 1985 porro
853 1935 1016 1974 diebus
1038 1933 1085 1974 P.
1120 1934 1320 1974 Michael
1342 1935 1437 1974 ibat
1459 1935 1517 1975 ad
1547 1934 1664 1975 duas
1695 1935 1962 1986 parochiaS‚

328 2005 374 2044 in
403 2016 520 2056 quas
555 2005 793 2045 confluunt
824 2004 1003 2045 finitimi
1031 2005 1278 2054 rusticani,
1309 2005 1356 2045 in
1386 2017 1583 2056 quarum
1612 2017 1703 2045 una
1735 2017 1886 2056 mane,
1918 2006 1964 2045 111

330 2076 478 2115 altera
498 2076 685 2127 Vesperi
707 2075 1096 2115 concionabatur:
1120 2082 1259 2126 atque
1280 2076 1399 2115 inter
1427 2076 1518 2115 alia
1540 2076 1808 2126 commoda,
1844 2088 1965 2127 quae

330 2147 578 2186 conciones
599 2147 705 2186 illae
727 2152 1021 2197 pepererunt,
1044 2146 1156 2186 illud
1175 2146 1260 2186 fuit
1281 2147 1355 2185 vel
1376 2146 1705 2198 praecipuum,
1740 2147 1865 2198 quod
1885 2159 1962 2198 po-

329 2217 515 2258 stremis
537 2217 840 2257 concionibus
861 2216 913 2256 30
943 2228 1084 2268 supra
1109 2216 1184 2256 100
1203 2217 1415 2257 homines
1438 2215 1528 2269 [ad]
1554 2217 1808 2258 amicitiam
1828 2229 1961 2258 revo-

330 2294 516 2337 carunt,
555 2287 661 2327 odia
696 2293 740 2327 et
772 2287 1031 2327 simultates
1065 2287 1323 2338 lachrymis
1351 2287 1651 2338 deponentes.
1681 2287 1965 2329 Sacerdotes

329 2365 597 2409 praeterea,
631 2358 709 2410 qui
744 2364 851 2398 sunt
884 2358 1101 2409 permulti
1136 2358 1322 2408 Tomar,
1361 2359 1564 2410 quotidie
1591 2358 1708 2398 duas
1739 2359 1964 2399 lectiones

331 2429 581 2470 audiebant
620 2429 675 2469 de
722 2429 779 2469 iis
818 2440 936 2480 quae
977 2429 1035 2468 ad
1075 2428 1332 2468 audiendas
1373 2428 1689 2470 confessiones
1731 2435 1958 2480 spectant,

330 2510 446 2551 quas
481 2501 706 2540 lectiones
737 2500 922 2550 legebat
945 2499 1104 2550 frater,
1142 2500 1219 2552 qui
1247 2512 1352 2540 cum
1379 2500 1607 2540 Michaele
1635 2500 1690 2540 de
1724 2499 1873 2541 Sousa
1904 2500 1962 2540 ad

333 2571 444 2610 illud
467 2571 685 2622 oppidum
707 2571 851 2611 Venit.

408 2641 478 2681 De
500 2642 678 2682 duobus
699 2641 1035 2690 sacerdotibus,
1059 2641 1138 2693 qui
1158 2642 1216 2681 ad
1238 2642 1503 2691 dioecesim,
1528 2653 1668 2693 quam
1688 2641 1961 2692 Portalegre

329 2718 522 2761 vocant,
556 2713 884 2752 concionatum
918 2712 1091 2762 ierunt,
1128 2698 1447 2763 flagitante'id
1478 2712 1733 2764 Episcopo,
1767 2712 1869 2752 viro
1897 2712 1961 2751 in-

330 2782 583 2833 tegerrimo
610 2789 654 2822 et
683 2781 931 2823 Societatis
965 2783 1275 2834 amicissimo,
1308 2783 1534 2822 nihildum
1566 2788 1856 2834 compertum
1882 2782 1960 2821 ha-

335 2857 508 2893 bernus.

407 2923 482 2963 Ad
512 2923 691 2964 Indiam
712 2924 798 2964 hoc
820 2924 920 2975 ipso
948 2935 1070 2963 anno
1100 2925 1301 2976 quinque
1331 2925 1460 2964 missi
1487 2930 1592 2964 sunt
1621 2935 1645 2963 e
1673 2924 1867 2971 nosti-153
1901 2923 1961 2963 ad

330 2993 578 3034 Brasiliam
598 3006 711 3034 vero
734 3000 931 3046 septem,
952 3006 1112 3034 omnes
1132 2995 1286 3045 parati
1308 3001 1445 3045 atque
1467 2995 1648 3034 alacres
1676 2994 1735 3034 ad
1764 2994 1959 3034 subeun-
