2080 3392
315 210 361 247 40
821 208 1047 246 LITTERAE
1075 217 1432 250 QUADRIMESTRES

316 306 381 345 les
410 305 537 344 cives
565 305 642 344 alii
669 315 1003 354 nonnunquam
1034 308 1078 342 et
1110 302 1338 352 religiosi,
1368 302 1554 342 tametsi
1583 302 1713 343 locus
1742 303 1801 343 sit
1831 303 1949 343 mul—

316 381 413 414 tum
434 375 726 426 importunus
748 375 805 414 ob
828 374 1033 413 rationes
1054 372 1337 423 praedictas.
1361 372 1428 412 Ea
1450 377 1519 412 est
1539 372 1728 413 scholae
1754 378 1943 413 nostrae

317 446 491 485 utilitas
521 451 591 495 ut,
622 450 808 496 praeter
837 455 1088 495 puerorum
1118 443 1340 492 fructum,
1373 454 1462 493 quo
1484 443 1531 483 in
1551 442 1649 483 dies
1676 455 1946 484 recreamur

318 515 362 554 in
398 515 612 565 Domino,
650 520 865 566 parentes
899 520 1142 564 tantopere
1172 512 1454 563 afficiantur,
1492 519 1540 553 ut
1570 525 1731 554 eorum
1756 514 1944 566 quidam

319 591 617 626 occurrentes
638 597 722 625 nos
750 596 830 636 per
860 585 1064 635 plateam
1095 583 1239 623 veluti
1270 584 1582 634 amplexaturi
1612 584 1857 624 videantur
1890 596 1945 624 ac

319 657 461 696 veluti
488 656 838 707 adgratulantes
865 655 1029 695 filiolos
1062 666 1170 694 suos
1201 653 1338 693 modo
1370 659 1550 693 tantum
1580 655 1636 694 ab
1671 655 1727 694 iis
1754 655 1942 705 distare,

321 738 434 778 quos
473 727 605 767 initio
644 727 779 766 nobis
818 727 1178 775 commiserant,
1222 731 1446 776 quantum
1488 736 1514 764 a
1553 726 1756 766 tenebris
1795 727 1946 766 lucem

318 797 481 848 ipsam.
515 797 650 837 Multi
672 797 811 836 etiam
833 797 889 836 ab
912 797 1000 836 illis
1020 796 1292 847 parentibus
1322 796 1628 847 parvulorum
1656 797 1842 836 scholas
1869 808 1946 837 no-

321 874 441 908 stras
463 868 632 907 adeunt
655 867 976 907 observandae
999 866 1202 906 methodi
1220 867 1398 916 gratia,
1423 878 1513 917 qua
1534 866 1580 906 in
1602 867 1690 906 illis
1710 867 1948 907 instituen-

323 939 392 978 dis
413 944 604 978 utuntur
624 938 770 978 nostri
792 937 1051 987 (imitantur
1082 937 1218 987 plane
1245 936 1552 985 Romanam),
1577 949 1696 988 quae
1718 937 1833 977 adeo
1860 937 1949 977 illis

324 1010 492 1060 placet,
531 1020 636 1048 curn
668 1009 827 1048 vident
861 1009 996 1059 plane
1033 1008 1270 1047 animosas
1305 1007 1769 1059 digladiatiunculas,
1807 1013 1856 1047 ut
1891 1008 1949 1048 ad

323 1079 509 1119 easdem
532 1079 655 1119 domi
675 1079 813 1119 etiam
836 1078 1019 1118 irritare
1042 1078 1252 1118 delectet.
1277 1078 1454 1119 Eorum
1475 1090 1696 1119 numerus
1725 1079 1771 1118 in
1798 1085 1948 1119 cente-

323 1150 506 1190 narium
525 1150 661 1190 facile
682 1150 911 1199 excrevit3
935 1150 1022 1189 hoc
1044 1155 1200 1189 tamen
1221 1149 1564 1190 Vindemiarum
1585 1155 1794 1202 tempore
1816 1150 1949 1189 multi

322 1221 658 1260 desiderantur.
700 1220 905 1260 Tametsi
943 1220 1151 1259 nonnulli
1186 1220 1314 1260 cives
1349 1221 1453 1271 qui,
1495 1221 1681 1260 tametsi
1714 1221 1949 1271 integram

321 1291 544 1331 familiam
565 1290 623 1330 ad
655 1291 845 1342 praedia
871 1291 1126 1341 abducant,
1158 1303 1327 1342 pueros
1355 1297 1511 1331 tamen
1540 1291 1708 1331 vicinis
1740 1291 1945 1332 commit-

323 1367 441 1409 tant,
479 1373 535 1401 ne
563 1361 732 1401 diutius
765 1361 988 1401 ferientur
1021 1374 1047 1400 a
1083 1362 1250 1401 studiis
1281 1374 1336 1402 ac
1371 1363 1577 1402 moribus
1608 1361 1944 1414 perdiscendis.

323 1432 453 1472 Licet
489 1432 635 1471 tribus
669 1432 894 1471 classibus
929 1432 1291 1482 distinguantur,
1328 1444 1490 1472 omnes
1528 1438 1684 1472 tamen
1717 1430 1959 1484 jaciundis-

321 1502 632 1543 fundamentis
660 1503 830 1543 latinae
864 1504 1205 1553 grammaticae
1235 1504 1529 1554 incumbunt,
1564 1510 1613 1544 ut
1644 1504 1951 1555 provectiori·

322 1573 408 1613 bus
442 1574 771 1624 praelegantur
803 1574 1043 1614 Ciceronis
1076 1574 1313 1625 Epistolae
1350 1574 1606 1615 familiares
1642 1586 1697 1615 ac
1729 1574 1949 1615 Bucolica

323 1644 509 1694 Virgilii
530 1650 723 1684 tantum.

402 1714 486 1754 His
505 1722 659 1754 autem
678 1715 850 1755 nostris
871 1716 1297 1756 exercitatiunculis
1319 1717 1498 1756 animos
1521 1717 1694 1756 civium
1715 1717 1779 1756 ita
1799 1717 1952 1768 pascit

324 1797 406 1825 sua
440 1786 715 1826 liberalitate
745 1786 994 1837 Dominus,
1027 1793 1076 1827 ut
1106 1786 1388 1828 Societatem
1417 1794 1627 1828 nostram
1648 1788 1723 1828 hic
1745 1788 1952 1828 vicissim

324 1856 385 1896 illi
407 1857 631 1896 hactenus
654 1858 800 1905 alant,
832 1859 1005 1909 absque
1034 1864 1227 1898 externa
1255 1859 1409 1910 aliqua
1435 1864 1595 1899 nostra
1626 1859 1950 1909 sollicitudine,

325 1933 748 1979 quantumcumque
787 1940 871 1968 nos
910 1940 964 1968 eo
1001 1935 1161 1969 nostra
1193 1930 1347 1970 studia
1385 1941 1477 1969 non
1516 1929 1794 1980 referamus,
1832 1929 1953 1982 quod

325 1998 460 2037 facile
482 1998 731 2038 advertunt
754 1999 862 2038 dum
883 2000 1160 2040 munuscula
1181 2012 1274 2040 non
1303 2000 1590 2040 admittimus
1612 2000 1668 2039 ab
1689 2000 1764 2050 iis,
1790 2001 1955 2052 quibus

326 2073 485 2107 nostra
516 2069 925 2119 communicamus,
956 2070 1063 2110 licet
1093 2083 1168 2121 ea,
1203 2083 1326 2110 nunc
1357 2071 1558 2122 quadam
1587 2071 1954 2122 importunitate,

324 2150 446 2178 nunc
467 2144 622 2178 autem
642 2140 716 2179 vel
738 2151 796 2179 ex
818 2140 1020 2190 insidiis,
1053 2141 1287 2181 mittitent.
1320 2141 1450 2181 Illam
1478 2146 1634 2181 autem
1655 2153 1816 2181 curam
1836 2141 1956 2193 ipso-

327 2220 428 2248 rum
450 2221 505 2248 ac
525 2210 849 2250 liberalitatem
871 2222 984 2261 erga
1005 2223 1090 2251 nos
1112 2212 1231 2251 inter
1258 2211 1346 2251 Dei
1376 2211 1601 2251 beneficia
1623 2223 1717 2251 non
1739 2213 1955 2263 vulgaria

327 2280 641 2330 reponendam
681 2287 911 2331 putamus.
956 2282 1071 2332 Qua,
1110 2283 1156 2322 in
1194 2282 1356 2333 primis
1396 2288 1551 2322 tamen.
1590 2282 1677 2322 Dei
1715 2283 1954 2333 beneficio,

330 2351 552 2390 hactenus
574 2357 617 2391 et
638 2352 841 2392 vivimus
863 2358 905 2392 et
927 2353 1158 2403 valemus,
1183 2353 1630 2404 suppeditanturque
1653 2365 1728 2405 ea,
1760 2365 1878 2404 quae
1899 2354 1958 2393 ad

329 2421 658 2471 supellectilem
680 2422 845 2462 domus
867 2428 973 2462 sunt
1000 2424 1283 2463 necessaria.
1315 2423 1609 2475 Quamquam
1641 2424 1770 2466 initio
1798 2435 1960 2464 omnes

329 2492 423 2531 fere
444 2504 528 2531 nos
549 2492 785 2532 febriculis
808 2494 1083 2544 quibusdam
1105 2494 1314 2534 exercuit
1342 2494 1594 2545 Dominus;
1623 2495 1705 2535 sed
1726 2507 1781 2535 ea
1802 2496 1953 2546 provi-

331 2562 483 2601 dentia
519 2563 701 2603 aliunde
739 2564 972 2604 sarciebat
1004 2571 1052 2604 ut
1087 2565 1143 2604 ab
1173 2564 1303 2604 hisce
1340 2566 1490 2605 servis
1524 2565 1622 2617 ejus
1655 2566 1769 2606 nihil
1799 2577 1959 2605 eorum

332 2633 516 2672 omnino
540 2635 850 2686 omitteretur,
885 2647 1003 2686 quae
1032 2636 1090 2675 ad
1121 2636 1488 2676 consolationem
1508 2642 1718 2676 nostram
1738 2648 1875 2687 posse
1894 2636 1957 2676 fa-

332 2714 436 2742 cere
454 2702 651 2753 judicari
674 2706 945 2754 potuissent.
966 2705 1097 2745 Adeo
1116 2706 1323 2757 impense
1344 2707 1573 2746 curabant
1594 2707 1658 2746 illi
1679 2718 1735 2746 ne
1757 2707 1866 2758 quid
1887 2706 1959 2747 de·
1980 2698 1984 2700 ’

333 2773 584 2813 sideratum
615 2782 755 2825 essct,
787 2782 833 2815 ut
855 2782 900 2815 et
921 2776 1009 2827 ipsi
1037 2777 1390 2827 diligentissime
1418 2789 1501 2817 nos
1528 2777 1794 2828 visitarent,
1820 2777 1959 2818 addu-

335 2843 419 2882 ctis
461 2854 640 2895 quoque
680 2851 722 2884 et
762 2846 951 2885 medicis
987 2854 1029 2886 et
1069 2847 1461 2898 pharmacopolis.
1504 2847 1638 2887 Hanc
1680 2848 1964 2899 opinionem,

334 2925 473 2964 quam
495 2914 549 2953 de
571 2913 800 2954 Societate
821 2923 982 2955 nostra
1004 2923 1318 2968 conceperunt
1345 2918 1555 2957 homines
1575 2918 1641 2968 hi,
1667 2930 1962 2970 summopere

334 2983 393 3023 ad
427 2984 614 3024 Domini
648 2985 830 3026 laudem
864 2987 1156 3037 profuturam
1194 2987 1491 3039 confidimus,
1529 2988 1574 3028 in
1602 2989 1742 3029 rebus
1777 2989 1964 3040 potissi—
