<?xml version="1.0" encoding="UTF-8"?>
<!DOCTYPE html PUBLIC "-//W3C//DTD XHTML 1.0 Transitional//EN"
    "http://www.w3.org/TR/xhtml1/DTD/xhtml1-transitional.dtd">
<html xmlns="http://www.w3.org/1999/xhtml" xml:lang="en" lang="en">
 <head>
  <title>
</title>
<meta http-equiv="Content-Type" content="text/html;charset=utf-8" />
  <meta name='ocr-system' content='tesseract 3.04.00' />
  <meta name='ocr-capabilities' content='ocr_page ocr_carea ocr_par ocr_line ocrx_word'/>
</head>
<body>
  <div class='ocr_page' id='page_1' title='image "./litteraequadrime14lain_0343.png"; bbox 0 0 2080 3392; ppageno 0'>
   <div class='ocr_carea' id='block_1_1' title="bbox 796 212 1722 253">
    <p class='ocr_par' dir='ltr' id='par_1_1' title="bbox 796 212 1722 253">
     <span class='ocr_line' id='line_1_1' title="bbox 796 212 1722 253; baseline -0.005 -1"><span class='ocrx_word' id='word_1_1' title='bbox 796 217 879 252; x_wconf 81' lang='lat' dir='ltr'>AN.</span> <span class='ocrx_word' id='word_1_2' title='bbox 911 216 1002 253; x_wconf 78' lang='lat'>1553</span> <span class='ocrx_word' id='word_1_3' title='bbox 1652 212 1722 248; x_wconf 74' lang='lat'>339</span> 
     </span>
    </p>
   </div>
   <div class='ocr_carea' id='block_1_2' title="bbox 84 309 1743 2575">
    <p class='ocr_par' dir='ltr' id='par_1_2' title="bbox 84 309 1743 2575">
     <span class='ocr_line' id='line_1_2' title="bbox 84 309 1720 366; baseline -0.004 -11"><span class='ocrx_word' id='word_1_4' title='bbox 84 317 233 364; x_wconf 91' lang='lat' dir='ltr'>leant,</span> <span class='ocrx_word' id='word_1_5' title='bbox 275 326 415 366; x_wconf 87' lang='lat' dir='ltr'>quarn</span> <span class='ocrx_word' id='word_1_6' title='bbox 454 314 633 354; x_wconf 89' lang='lat' dir='ltr'>meritis</span> <span class='ocrx_word' id='word_1_7' title='bbox 671 311 963 354; x_wconf 76' lang='lat' dir='ltr'>reducendos</span> <span class='ocrx_word' id='word_1_8' title='bbox 999 318 1138 364; x_wconf 89' lang='lat' dir='ltr'>atque</span> <span class='ocrx_word' id='word_1_9' title='bbox 1172 311 1408 362; x_wconf 87' lang='lat' dir='ltr'>legitimos</span> <span class='ocrx_word' id='word_1_10' title='bbox 1443 309 1720 350; x_wconf 89' lang='lat' dir='ltr'>reddendos.</span> 
     </span>
     <span class='ocr_line' id='line_1_3' title="bbox 86 381 1724 436; baseline -0.003 -10"><span class='ocrx_word' id='word_1_11' title='bbox 86 386 291 427; x_wconf 86' lang='lat' dir='ltr'>Castella</span> <span class='ocrx_word' id='word_1_12' title='bbox 321 391 428 425; x_wconf 89' lang='lat' dir='ltr'>sunt</span> <span class='ocrx_word' id='word_1_13' title='bbox 456 385 633 436; x_wconf 77' lang='lat' dir='ltr'>aliquot</span> <span class='ocrx_word' id='word_1_14' title='bbox 660 385 745 424; x_wconf 91' lang='lat' dir='ltr'>sub</span> <span class='ocrx_word' id='word_1_15' title='bbox 782 384 918 424; x_wconf 90' lang='lat' dir='ltr'>huius</span> <span class='ocrx_word' id='word_1_16' title='bbox 946 383 1073 423; x_wconf 88' lang='lat' dir='ltr'>urbis</span> <span class='ocrx_word' id='word_1_17' title='bbox 1103 383 1297 433; x_wconf 76' lang='lat' dir='ltr'>ditione,</span> <span class='ocrx_word' id='word_1_18' title='bbox 1328 394 1446 434; x_wconf 85' lang='lat' dir='ltr'>quae</span> <span class='ocrx_word' id='word_1_19' title='bbox 1473 381 1724 422; x_wconf 84' lang='lat' dir='ltr'>Societatis</span> 
     </span>
     <span class='ocr_line' id='line_1_4' title="bbox 88 453 1724 509; baseline -0.003 -12"><span class='ocrx_word' id='word_1_20' title='bbox 88 469 224 509; x_wconf 88' lang='lat' dir='ltr'>opem</span> <span class='ocrx_word' id='word_1_21' title='bbox 246 456 416 508; x_wconf 90' lang='lat' dir='ltr'>oppido</span> <span class='ocrx_word' id='word_1_22' title='bbox 440 455 722 496; x_wconf 89' lang='lat' dir='ltr'>desiderant.</span> <span class='ocrx_word' id='word_1_23' title='bbox 745 455 884 495; x_wconf 80' lang='lat' dir='ltr'>Faxit</span> <span class='ocrx_word' id='word_1_24' title='bbox 906 454 1143 503; x_wconf 87' lang='lat' dir='ltr'>Christus,</span> <span class='ocrx_word' id='word_1_25' title='bbox 1167 460 1215 493; x_wconf 91' lang='lat' dir='ltr'>ut</span> <span class='ocrx_word' id='word_1_26' title='bbox 1237 460 1281 493; x_wconf 92' lang='lat' dir='ltr'>et</span> <span class='ocrx_word' id='word_1_27' title='bbox 1304 465 1384 505; x_wconf 91' lang='lat' dir='ltr'>spe</span> <span class='ocrx_word' id='word_1_28' title='bbox 1410 453 1630 493; x_wconf 84' lang='lat' dir='ltr'>inventur</span> <span class='ocrx_word' id='word_1_29' title='bbox 1660 453 1724 492; x_wconf 90' lang='lat' dir='ltr'>illi</span> 
     </span>
     <span class='ocr_line' id='line_1_5' title="bbox 86 523 1723 579; baseline -0.003 -11"><span class='ocrx_word' id='word_1_30' title='bbox 86 540 191 579; x_wconf 90' lang='lat' dir='ltr'>sua,</span> <span class='ocrx_word' id='word_1_31' title='bbox 215 539 392 579; x_wconf 92' lang='lat' dir='ltr'>nosque</span> <span class='ocrx_word' id='word_1_32' title='bbox 425 527 681 567; x_wconf 78' lang='lat' dir='ltr'>alacriores</span> <span class='ocrx_word' id='word_1_33' title='bbox 711 532 756 565; x_wconf 92' lang='lat' dir='ltr'>et</span> <span class='ocrx_word' id='word_1_34' title='bbox 782 525 1016 565; x_wconf 85' lang='lat' dir='ltr'>fideliores</span> <span class='ocrx_word' id='word_1_35' title='bbox 1047 524 1249 564; x_wconf 86' lang='lat' dir='ltr'>Domino</span> <span class='ocrx_word' id='word_1_36' title='bbox 1278 524 1572 564; x_wconf 76' lang='lat' dir='ltr'>famulemur.</span> <span class='ocrx_word' id='word_1_37' title='bbox 1603 523 1723 564; x_wconf 74' lang='lat' dir='ltr'>Civi-</span> 
     </span>
     <span class='ocr_line' id='line_1_6' title="bbox 87 595 1724 647; baseline -0.003 -8"><span class='ocrx_word' id='word_1_38' title='bbox 87 606 160 639; x_wconf 92' lang='lat' dir='ltr'>tas</span> <span class='ocrx_word' id='word_1_39' title='bbox 187 599 305 639; x_wconf 91' lang='lat' dir='ltr'>haec</span> <span class='ocrx_word' id='word_1_40' title='bbox 342 609 454 638; x_wconf 91' lang='lat' dir='ltr'>sane</span> <span class='ocrx_word' id='word_1_41' title='bbox 499 597 566 638; x_wconf 92' lang='lat' dir='ltr'>sic</span> <span class='ocrx_word' id='word_1_42' title='bbox 599 597 800 636; x_wconf 79' lang='lat' dir='ltr'>fratrum</span> <span class='ocrx_word' id='word_1_43' title='bbox 834 596 1247 647; x_wconf 74' lang='lat' dir='ltr'>aequanimitatem</span> <span class='ocrx_word' id='word_1_44' title='bbox 1290 601 1334 635; x_wconf 92' lang='lat' dir='ltr'>et</span> <span class='ocrx_word' id='word_1_45' title='bbox 1368 595 1642 646; x_wconf 88' lang='lat' dir='ltr'>patientiam</span> <span class='ocrx_word' id='word_1_46' title='bbox 1677 595 1724 635; x_wconf 87' lang='lat' dir='ltr'>in</span> 
     </span>
     <span class='ocr_line' id='line_1_7' title="bbox 86 666 1723 720; baseline -0.003 -10"><span class='ocrx_word' id='word_1_47' title='bbox 86 670 257 719; x_wconf 90' lang='lat' dir='ltr'>multis,</span> <span class='ocrx_word' id='word_1_48' title='bbox 281 680 399 720; x_wconf 86' lang='lat' dir='ltr'>quae</span> <span class='ocrx_word' id='word_1_49' title='bbox 420 668 698 719; x_wconf 86' lang='lat' dir='ltr'>perferenda</span> <span class='ocrx_word' id='word_1_50' title='bbox 719 667 920 715; x_wconf 82' lang='lat' dir='ltr'>fuerunt,</span> <span class='ocrx_word' id='word_1_51' title='bbox 946 666 1178 706; x_wconf 86' lang='lat' dir='ltr'>admirata</span> <span class='ocrx_word' id='word_1_52' title='bbox 1199 674 1284 715; x_wconf 89' lang='lat' dir='ltr'>est,</span> <span class='ocrx_word' id='word_1_53' title='bbox 1308 673 1357 706; x_wconf 93' lang='lat' dir='ltr'>ut</span> <span class='ocrx_word' id='word_1_54' title='bbox 1379 678 1514 706; x_wconf 89' lang='lat' dir='ltr'>nemo</span> <span class='ocrx_word' id='word_1_55' title='bbox 1536 667 1611 717; x_wconf 89' lang='lat' dir='ltr'>sit,</span> <span class='ocrx_word' id='word_1_56' title='bbox 1645 666 1723 716; x_wconf 89' lang='lat' dir='ltr'>qui</span> 
     </span>
     <span class='ocr_line' id='line_1_8' title="bbox 86 736 1727 788; baseline -0.003 -7"><span class='ocrx_word' id='word_1_57' title='bbox 86 753 181 781; x_wconf 91' lang='lat' dir='ltr'>non</span> <span class='ocrx_word' id='word_1_58' title='bbox 208 741 333 781; x_wconf 88' lang='lat' dir='ltr'>dicat</span> <span class='ocrx_word' id='word_1_59' title='bbox 358 740 585 780; x_wconf 89' lang='lat' dir='ltr'>meruisse</span> <span class='ocrx_word' id='word_1_60' title='bbox 612 739 739 778; x_wconf 87' lang='lat' dir='ltr'>illam</span> <span class='ocrx_word' id='word_1_61' title='bbox 767 736 1018 778; x_wconf 84' lang='lat' dir='ltr'>Societatis</span> <span class='ocrx_word' id='word_1_62' title='bbox 1046 737 1328 777; x_wconf 90' lang='lat' dir='ltr'>adminiculo</span> <span class='ocrx_word' id='word_1_63' title='bbox 1363 737 1570 788; x_wconf 86' lang='lat' dir='ltr'>destitui,</span> <span class='ocrx_word' id='word_1_64' title='bbox 1603 736 1727 788; x_wconf 91' lang='lat' dir='ltr'>quod</span> 
     </span>
     <span class='ocr_line' id='line_1_9' title="bbox 87 807 1725 864; baseline -0.003 -11"><span class='ocrx_word' id='word_1_65' title='bbox 87 812 386 864; x_wconf 89' lang='lat' dir='ltr'>postmodum</span> <span class='ocrx_word' id='word_1_66' title='bbox 406 812 604 851; x_wconf 90' lang='lat' dir='ltr'>multum</span> <span class='ocrx_word' id='word_1_67' title='bbox 632 816 732 850; x_wconf 90' lang='lat' dir='ltr'>erat</span> <span class='ocrx_word' id='word_1_68' title='bbox 761 809 1100 849; x_wconf 76' lang='lat' dir='ltr'>desideratura.</span> <span class='ocrx_word' id='word_1_69' title='bbox 1129 807 1363 859; x_wconf 74' lang='lat' dir='ltr'>Novitque</span> <span class='ocrx_word' id='word_1_70' title='bbox 1391 809 1484 848; x_wconf 91' lang='lat' dir='ltr'>iam</span> <span class='ocrx_word' id='word_1_71' title='bbox 1506 809 1725 860; x_wconf 87' lang='lat' dir='ltr'>aliquate—</span> 
     </span>
     <span class='ocr_line' id='line_1_10' title="bbox 88 878 1728 934; baseline -0.004 -10"><span class='ocrx_word' id='word_1_72' title='bbox 88 895 177 924; x_wconf 85' lang='lat' dir='ltr'>nus</span> <span class='ocrx_word' id='word_1_73' title='bbox 199 882 310 934; x_wconf 87' lang='lat' dir='ltr'>(Dei</span> <span class='ocrx_word' id='word_1_74' title='bbox 331 889 423 934; x_wconf 92' lang='lat' dir='ltr'>opt.</span> <span class='ocrx_word' id='word_1_75' title='bbox 447 881 626 933; x_wconf 86' lang='lat' dir='ltr'>gratia)</span> <span class='ocrx_word' id='word_1_76' title='bbox 650 881 857 921; x_wconf 76' lang='lat' dir='ltr'>maxima</span> <span class='ocrx_word' id='word_1_77' title='bbox 878 880 1052 920; x_wconf 81' lang='lat' dir='ltr'>civium</span> <span class='ocrx_word' id='word_1_78' title='bbox 1078 891 1189 931; x_wconf 88' lang='lat' dir='ltr'>pars</span> <span class='ocrx_word' id='word_1_79' title='bbox 1220 878 1505 920; x_wconf 78' lang='lat' dir='ltr'>Societatem</span> <span class='ocrx_word' id='word_1_80' title='bbox 1533 891 1626 919; x_wconf 90' lang='lat' dir='ltr'>non</span> <span class='ocrx_word' id='word_1_81' title='bbox 1654 879 1728 919; x_wconf 89' lang='lat' dir='ltr'>hic</span> 
     </span>
     <span class='ocr_line' id='line_1_11' title="bbox 89 950 1730 1006; baseline -0.003 -11"><span class='ocrx_word' id='word_1_82' title='bbox 89 967 188 1005; x_wconf 82' lang='lat' dir='ltr'>sua,</span> <span class='ocrx_word' id='word_1_83' title='bbox 212 954 293 994; x_wconf 91' lang='lat' dir='ltr'>sed</span> <span class='ocrx_word' id='word_1_84' title='bbox 315 966 434 1006; x_wconf 88' lang='lat' dir='ltr'>quae</span> <span class='ocrx_word' id='word_1_85' title='bbox 451 953 626 994; x_wconf 78' lang='lat' dir='ltr'>Christi</span> <span class='ocrx_word' id='word_1_86' title='bbox 647 959 753 993; x_wconf 90' lang='lat' dir='ltr'>sunt</span> <span class='ocrx_word' id='word_1_87' title='bbox 775 963 1017 1004; x_wconf 89' lang='lat' dir='ltr'>quaerere.</span> <span class='ocrx_word' id='word_1_88' title='bbox 1043 950 1145 1002; x_wconf 83' lang='lat' dir='ltr'>Quo</span> <span class='ocrx_word' id='word_1_89' title='bbox 1168 951 1230 1001; x_wconf 85' lang='lat' dir='ltr'>fit,</span> <span class='ocrx_word' id='word_1_90' title='bbox 1251 957 1301 990; x_wconf 88' lang='lat' dir='ltr'>ut</span> <span class='ocrx_word' id='word_1_91' title='bbox 1322 950 1475 1001; x_wconf 87' lang='lat' dir='ltr'>magis</span> <span class='ocrx_word' id='word_1_92' title='bbox 1498 962 1554 990; x_wconf 90' lang='lat' dir='ltr'>ac</span> <span class='ocrx_word' id='word_1_93' title='bbox 1576 951 1730 1001; x_wconf 85' lang='lat' dir='ltr'>magis</span> 
     </span>
     <span class='ocr_line' id='line_1_12' title="bbox 90 1021 1731 1077; baseline -0.004 -11"><span class='ocrx_word' id='word_1_94' title='bbox 90 1028 242 1077; x_wconf 82' lang='lat' dir='ltr'>ipsam</span> <span class='ocrx_word' id='word_1_95' title='bbox 273 1026 647 1077; x_wconf 75' lang='lat' dir='ltr'>complectantur</span> <span class='ocrx_word' id='word_1_96' title='bbox 680 1035 862 1070; x_wconf 86' lang='lat' dir='ltr'>omnes,</span> <span class='ocrx_word' id='word_1_97' title='bbox 902 1023 1202 1074; x_wconf 82' lang='lat' dir='ltr'>futurumque</span> <span class='ocrx_word' id='word_1_98' title='bbox 1239 1028 1307 1061; x_wconf 90' lang='lat' dir='ltr'>est</span> <span class='ocrx_word' id='word_1_99' title='bbox 1341 1021 1495 1071; x_wconf 75' lang='lat' dir='ltr'>brevi,</span> <span class='ocrx_word' id='word_1_100' title='bbox 1533 1027 1582 1061; x_wconf 91' lang='lat' dir='ltr'>ut</span> <span class='ocrx_word' id='word_1_101' title='bbox 1616 1022 1731 1061; x_wconf 87' lang='lat' dir='ltr'>nihil</span> 
     </span>
     <span class='ocr_line' id='line_1_13' title="bbox 92 1093 1731 1149; baseline -0.004 -11"><span class='ocrx_word' id='word_1_102' title='bbox 92 1109 275 1147; x_wconf 86' lang='lat' dir='ltr'>eorum,</span> <span class='ocrx_word' id='word_1_103' title='bbox 307 1108 426 1149; x_wconf 87' lang='lat' dir='ltr'>quae</span> <span class='ocrx_word' id='word_1_104' title='bbox 455 1097 514 1136; x_wconf 89' lang='lat' dir='ltr'>ad</span> <span class='ocrx_word' id='word_1_105' title='bbox 549 1095 638 1136; x_wconf 92' lang='lat' dir='ltr'>Dei</span> <span class='ocrx_word' id='word_1_106' title='bbox 673 1096 901 1135; x_wconf 81' lang='lat' dir='ltr'>honorem</span> <span class='ocrx_word' id='word_1_107' title='bbox 936 1101 979 1134; x_wconf 89' lang='lat' dir='ltr'>et</span> <span class='ocrx_word' id='word_1_108' title='bbox 1013 1094 1215 1146; x_wconf 81' lang='lat' dir='ltr'>proximi</span> <span class='ocrx_word' id='word_1_109' title='bbox 1250 1094 1448 1133; x_wconf 88' lang='lat' dir='ltr'>salutem</span> <span class='ocrx_word' id='word_1_110' title='bbox 1482 1093 1637 1144; x_wconf 86' lang='lat' dir='ltr'>aliqua</span> <span class='ocrx_word' id='word_1_111' title='bbox 1672 1105 1731 1132; x_wconf 79' lang='lat' dir='ltr'>ex</span> 
     </span>
     <span class='ocr_line' id='line_1_14' title="bbox 91 1165 1733 1221; baseline -0.004 -12"><span class='ocrx_word' id='word_1_112' title='bbox 91 1176 225 1221; x_wconf 88' lang='lat' dir='ltr'>parte</span> <span class='ocrx_word' id='word_1_113' title='bbox 260 1168 459 1219; x_wconf 87' lang='lat' dir='ltr'>faciunt,</span> <span class='ocrx_word' id='word_1_114' title='bbox 492 1167 667 1219; x_wconf 88' lang='lat' dir='ltr'>requiri</span> <span class='ocrx_word' id='word_1_115' title='bbox 699 1167 863 1218; x_wconf 89' lang='lat' dir='ltr'>possit.</span> <span class='ocrx_word' id='word_1_116' title='bbox 902 1166 1076 1206; x_wconf 91' lang='lat' dir='ltr'>Omnes</span> <span class='ocrx_word' id='word_1_117' title='bbox 1105 1177 1242 1217; x_wconf 92' lang='lat' dir='ltr'>opem</span> <span class='ocrx_word' id='word_1_118' title='bbox 1268 1165 1560 1216; x_wconf 78' lang='lat' dir='ltr'>pollicentur,</span> <span class='ocrx_word' id='word_1_119' title='bbox 1590 1175 1733 1215; x_wconf 85' lang='lat' dir='ltr'>reque</span> 
     </span>
     <span class='ocr_line' id='line_1_15' title="bbox 91 1235 1732 1292; baseline -0.004 -12"><span class='ocrx_word' id='word_1_120' title='bbox 91 1241 208 1292; x_wconf 89' lang='lat' dir='ltr'>ipsa,</span> <span class='ocrx_word' id='word_1_121' title='bbox 228 1240 352 1291; x_wconf 92' lang='lat' dir='ltr'>quod</span> <span class='ocrx_word' id='word_1_122' title='bbox 366 1246 577 1291; x_wconf 88' lang='lat' dir='ltr'>possunt,</span> <span class='ocrx_word' id='word_1_123' title='bbox 597 1244 855 1290; x_wconf 87' lang='lat' dir='ltr'>praestant.</span> <span class='ocrx_word' id='word_1_124' title='bbox 874 1237 1068 1278; x_wconf 83' lang='lat' dir='ltr'>Plurimi</span> <span class='ocrx_word' id='word_1_125' title='bbox 1083 1243 1206 1286; x_wconf 91' lang='lat' dir='ltr'>sunt,</span> <span class='ocrx_word' id='word_1_126' title='bbox 1226 1237 1304 1288; x_wconf 90' lang='lat' dir='ltr'>qui</span> <span class='ocrx_word' id='word_1_127' title='bbox 1325 1236 1454 1286; x_wconf 88' lang='lat' dir='ltr'>nihil,</span> <span class='ocrx_word' id='word_1_128' title='bbox 1474 1235 1562 1275; x_wconf 90' lang='lat' dir='ltr'>nisi</span> <span class='ocrx_word' id='word_1_129' title='bbox 1578 1236 1732 1286; x_wconf 82' lang='lat' dir='ltr'>quoad</span> 
     </span>
     <span class='ocr_line' id='line_1_16' title="bbox 92 1307 1734 1364; baseline -0.004 -12"><span class='ocrx_word' id='word_1_130' title='bbox 92 1324 176 1364; x_wconf 89' lang='lat' dir='ltr'>per</span> <span class='ocrx_word' id='word_1_131' title='bbox 196 1311 350 1351; x_wconf 87' lang='lat' dir='ltr'>Patris</span> <span class='ocrx_word' id='word_1_132' title='bbox 370 1311 519 1350; x_wconf 88' lang='lat' dir='ltr'>nostri</span> <span class='ocrx_word' id='word_1_133' title='bbox 549 1309 645 1350; x_wconf 85' lang='lat' dir='ltr'>D.ni</span> <span class='ocrx_word' id='word_1_134' title='bbox 672 1308 903 1349; x_wconf 85' lang='lat' dir='ltr'>Everardi</span> <span class='ocrx_word' id='word_1_135' title='bbox 930 1309 1177 1349; x_wconf 90' lang='lat' dir='ltr'>consilium</span> <span class='ocrx_word' id='word_1_136' title='bbox 1203 1308 1361 1358; x_wconf 91' lang='lat' dir='ltr'>liceat,</span> <span class='ocrx_word' id='word_1_137' title='bbox 1394 1307 1734 1358; x_wconf 81' lang='lat' dir='ltr'>aggrediantur</span> 
     </span>
     <span class='ocr_line' id='line_1_17' title="bbox 91 1378 1732 1434; baseline -0.004 -11"><span class='ocrx_word' id='word_1_138' title='bbox 91 1390 419 1434; x_wconf 83' lang='lat' dir='ltr'>moveantque.</span> <span class='ocrx_word' id='word_1_139' title='bbox 444 1381 636 1432; x_wconf 82' lang='lat' dir='ltr'>Aliquot</span> <span class='ocrx_word' id='word_1_140' title='bbox 656 1381 751 1421; x_wconf 88' lang='lat' dir='ltr'>iam</span> <span class='ocrx_word' id='word_1_141' title='bbox 773 1381 901 1421; x_wconf 84' lang='lat' dir='ltr'>cives</span> <span class='ocrx_word' id='word_1_142' title='bbox 921 1380 968 1420; x_wconf 87' lang='lat' dir='ltr'>in</span> <span class='ocrx_word' id='word_1_143' title='bbox 996 1380 1109 1419; x_wconf 90' lang='lat' dir='ltr'>urbe</span> <span class='ocrx_word' id='word_1_144' title='bbox 1136 1379 1387 1431; x_wconf 88' lang='lat' dir='ltr'>potissimi,</span> <span class='ocrx_word' id='word_1_145' title='bbox 1421 1379 1469 1419; x_wconf 91' lang='lat' dir='ltr'>in</span> <span class='ocrx_word' id='word_1_146' title='bbox 1496 1378 1663 1429; x_wconf 90' lang='lat' dir='ltr'>quibus</span> <span class='ocrx_word' id='word_1_147' title='bbox 1689 1385 1732 1418; x_wconf 87' lang='lat' dir='ltr'>et</span> 
     </span>
     <span class='ocr_line' id='line_1_18' title="bbox 92 1449 1732 1505; baseline -0.004 -10"><span class='ocrx_word' id='word_1_148' title='bbox 92 1454 150 1495; x_wconf 91' lang='lat' dir='ltr'>D.</span> <span class='ocrx_word' id='word_1_149' title='bbox 173 1453 536 1505; x_wconf 89' lang='lat' dir='ltr'>Proepiscopus,</span> <span class='ocrx_word' id='word_1_150' title='bbox 570 1459 614 1492; x_wconf 91' lang='lat' dir='ltr'>et</span> <span class='ocrx_word' id='word_1_151' title='bbox 640 1452 873 1492; x_wconf 90' lang='lat' dir='ltr'>Doctores</span> <span class='ocrx_word' id='word_1_152' title='bbox 901 1452 1098 1502; x_wconf 88' lang='lat' dir='ltr'>aliquot,</span> <span class='ocrx_word' id='word_1_153' title='bbox 1132 1462 1296 1490; x_wconf 89' lang='lat' dir='ltr'>curam</span> <span class='ocrx_word' id='word_1_154' title='bbox 1323 1450 1394 1490; x_wconf 89' lang='lat' dir='ltr'>sui</span> <span class='ocrx_word' id='word_1_155' title='bbox 1422 1449 1574 1489; x_wconf 91' lang='lat' dir='ltr'>eidem</span> <span class='ocrx_word' id='word_1_156' title='bbox 1602 1449 1732 1489; x_wconf 84' lang='lat' dir='ltr'>Patri</span> 
     </span>
     <span class='ocr_line' id='line_1_19' title="bbox 93 1521 1730 1576; baseline -0.004 -10"><span class='ocrx_word' id='word_1_157' title='bbox 93 1526 445 1576; x_wconf 91' lang='lat' dir='ltr'>commiserunt,</span> <span class='ocrx_word' id='word_1_158' title='bbox 466 1531 510 1565; x_wconf 88' lang='lat' dir='ltr'>et</span> <span class='ocrx_word' id='word_1_159' title='bbox 532 1525 579 1564; x_wconf 91' lang='lat' dir='ltr'>in</span> <span class='ocrx_word' id='word_1_160' title='bbox 602 1524 801 1576; x_wconf 89' lang='lat' dir='ltr'>singulis</span> <span class='ocrx_word' id='word_1_161' title='bbox 818 1523 979 1563; x_wconf 91' lang='lat' dir='ltr'>diebus</span> <span class='ocrx_word' id='word_1_162' title='bbox 995 1522 1198 1563; x_wconf 91' lang='lat' dir='ltr'>Veneris</span> <span class='ocrx_word' id='word_1_163' title='bbox 1215 1521 1446 1572; x_wconf 86' lang='lat' dir='ltr'>Decalogi</span> <span class='ocrx_word' id='word_1_164' title='bbox 1462 1527 1730 1573; x_wconf 87' lang='lat' dir='ltr'>praecepta,</span> 
     </span>
     <span class='ocr_line' id='line_1_20' title="bbox 91 1593 1734 1646; baseline -0.004 -8"><span class='ocrx_word' id='word_1_165' title='bbox 91 1597 201 1638; x_wconf 90' lang='lat' dir='ltr'>hinc</span> <span class='ocrx_word' id='word_1_166' title='bbox 223 1597 345 1637; x_wconf 89' lang='lat' dir='ltr'>enim</span> <span class='ocrx_word' id='word_1_167' title='bbox 374 1608 572 1637; x_wconf 77' lang='lat' dir='ltr'>exorsus</span> <span class='ocrx_word' id='word_1_168' title='bbox 602 1602 686 1646; x_wconf 91' lang='lat' dir='ltr'>est,</span> <span class='ocrx_word' id='word_1_169' title='bbox 716 1595 762 1635; x_wconf 93' lang='lat' dir='ltr'>in</span> <span class='ocrx_word' id='word_1_170' title='bbox 790 1607 935 1635; x_wconf 90' lang='lat' dir='ltr'>unum</span> <span class='ocrx_word' id='word_1_171' title='bbox 961 1594 1268 1645; x_wconf 84' lang='lat' dir='ltr'>eumdemque</span> <span class='ocrx_word' id='word_1_172' title='bbox 1290 1594 1444 1633; x_wconf 90' lang='lat' dir='ltr'>locum</span> <span class='ocrx_word' id='word_1_173' title='bbox 1466 1593 1644 1632; x_wconf 90' lang='lat' dir='ltr'>coactis</span> <span class='ocrx_word' id='word_1_174' title='bbox 1671 1593 1734 1632; x_wconf 91' lang='lat' dir='ltr'>in—</span> 
     </span>
     <span class='ocr_line' id='line_1_21' title="bbox 92 1664 1734 1721; baseline -0.003 -12"><span class='ocrx_word' id='word_1_175' title='bbox 92 1675 392 1721; x_wconf 90' lang='lat' dir='ltr'>terpretatur,</span> <span class='ocrx_word' id='word_1_176' title='bbox 416 1668 624 1708; x_wconf 82' lang='lat' dir='ltr'>maxima</span> <span class='ocrx_word' id='word_1_177' title='bbox 647 1679 809 1708; x_wconf 92' lang='lat' dir='ltr'>eorum</span> <span class='ocrx_word' id='word_1_178' title='bbox 829 1667 1055 1716; x_wconf 89' lang='lat' dir='ltr'>utilitate,</span> <span class='ocrx_word' id='word_1_179' title='bbox 1085 1672 1129 1706; x_wconf 93' lang='lat' dir='ltr'>et</span> <span class='ocrx_word' id='word_1_180' title='bbox 1158 1665 1307 1705; x_wconf 89' lang='lat' dir='ltr'>nostri</span> <span class='ocrx_word' id='word_1_181' title='bbox 1334 1665 1582 1705; x_wconf 90' lang='lat' dir='ltr'>desiderio.</span> <span class='ocrx_word' id='word_1_182' title='bbox 1612 1664 1734 1717; x_wconf 90' lang='lat' dir='ltr'>Jam-</span> 
     </span>
     <span class='ocr_line' id='line_1_22' title="bbox 93 1736 1734 1793; baseline -0.004 -12"><span class='ocrx_word' id='word_1_183' title='bbox 93 1753 182 1793; x_wconf 92' lang='lat' dir='ltr'>que</span> <span class='ocrx_word' id='word_1_184' title='bbox 204 1752 366 1781; x_wconf 89' lang='lat' dir='ltr'>eorum</span> <span class='ocrx_word' id='word_1_185' title='bbox 386 1740 613 1780; x_wconf 89' lang='lat' dir='ltr'>memoria</span> <span class='ocrx_word' id='word_1_186' title='bbox 633 1738 771 1790; x_wconf 89' lang='lat' dir='ltr'>periit</span> <span class='ocrx_word' id='word_1_187' title='bbox 790 1738 909 1788; x_wconf 86' lang='lat' dir='ltr'>fere,</span> <span class='ocrx_word' id='word_1_188' title='bbox 942 1749 1037 1777; x_wconf 93' lang='lat' dir='ltr'>non</span> <span class='ocrx_word' id='word_1_189' title='bbox 1065 1737 1239 1789; x_wconf 89' lang='lat' dir='ltr'>absque</span> <span class='ocrx_word' id='word_1_190' title='bbox 1267 1736 1456 1776; x_wconf 76' lang='lat' dir='ltr'>divinae</span> <span class='ocrx_word' id='word_1_191' title='bbox 1486 1736 1734 1787; x_wconf 85' lang='lat' dir='ltr'>providen-</span> 
     </span>
     <span class='ocr_line' id='line_1_23' title="bbox 93 1807 1738 1863; baseline -0.004 -10"><span class='ocrx_word' id='word_1_192' title='bbox 93 1813 185 1853; x_wconf 90' lang='lat' dir='ltr'>tiae</span> <span class='ocrx_word' id='word_1_193' title='bbox 205 1819 334 1863; x_wconf 90' lang='lat' dir='ltr'>nutu,</span> <span class='ocrx_word' id='word_1_194' title='bbox 359 1811 436 1863; x_wconf 90' lang='lat' dir='ltr'>qui</span> <span class='ocrx_word' id='word_1_195' title='bbox 458 1811 522 1862; x_wconf 91' lang='lat' dir='ltr'>(ut</span> <span class='ocrx_word' id='word_1_196' title='bbox 543 1810 834 1862; x_wconf 90' lang='lat' dir='ltr'>scripsimus)</span> <span class='ocrx_word' id='word_1_197' title='bbox 857 1810 1147 1850; x_wconf 84' lang='lat' dir='ltr'>umbraticae</span> <span class='ocrx_word' id='word_1_198' title='bbox 1169 1809 1413 1849; x_wconf 89' lang='lat' dir='ltr'>cuiusdam</span> <span class='ocrx_word' id='word_1_199' title='bbox 1434 1807 1738 1859; x_wconf 85' lang='lat' dir='ltr'>perfectionis</span> 
     </span>
     <span class='ocr_line' id='line_1_24' title="bbox 94 1879 1735 1935; baseline -0.004 -11"><span class='ocrx_word' id='word_1_200' title='bbox 94 1884 249 1935; x_wconf 86' lang='lat' dir='ltr'>specie</span> <span class='ocrx_word' id='word_1_201' title='bbox 269 1885 464 1935; x_wconf 79' lang='lat' dir='ltr'>vulguS,</span> <span class='ocrx_word' id='word_1_202' title='bbox 488 1883 580 1923; x_wconf 91' lang='lat' dir='ltr'>imo</span> <span class='ocrx_word' id='word_1_203' title='bbox 604 1889 647 1922; x_wconf 94' lang='lat' dir='ltr'>et</span> <span class='ocrx_word' id='word_1_204' title='bbox 670 1882 873 1934; x_wconf 89' lang='lat' dir='ltr'>optimae</span> <span class='ocrx_word' id='word_1_205' title='bbox 895 1881 994 1933; x_wconf 89' lang='lat' dir='ltr'>spei</span> <span class='ocrx_word' id='word_1_206' title='bbox 1010 1882 1141 1921; x_wconf 86' lang='lat' dir='ltr'>viros</span> <span class='ocrx_word' id='word_1_207' title='bbox 1162 1887 1206 1921; x_wconf 89' lang='lat' dir='ltr'>et</span> <span class='ocrx_word' id='word_1_208' title='bbox 1222 1881 1455 1930; x_wconf 89' lang='lat' dir='ltr'>mulieres,</span> <span class='ocrx_word' id='word_1_209' title='bbox 1476 1880 1644 1919; x_wconf 87' lang='lat' dir='ltr'>misere</span> <span class='ocrx_word' id='word_1_210' title='bbox 1665 1879 1735 1919; x_wconf 92' lang='lat' dir='ltr'>de-</span> 
     </span>
     <span class='ocr_line' id='line_1_25' title="bbox 95 1951 1740 2007; baseline -0.004 -11"><span class='ocrx_word' id='word_1_211' title='bbox 95 1961 331 2007; x_wconf 88' lang='lat' dir='ltr'>ceperant.</span> <span class='ocrx_word' id='word_1_212' title='bbox 347 1955 579 1995; x_wconf 89' lang='lat' dir='ltr'>Mirantur</span> <span class='ocrx_word' id='word_1_213' title='bbox 595 1965 757 1994; x_wconf 86' lang='lat' dir='ltr'>omnes</span> <span class='ocrx_word' id='word_1_214' title='bbox 770 1952 1053 1994; x_wconf 83' lang='lat' dir='ltr'>Societatem</span> <span class='ocrx_word' id='word_1_215' title='bbox 1065 1953 1243 1993; x_wconf 91' lang='lat' dir='ltr'>nullum</span> <span class='ocrx_word' id='word_1_216' title='bbox 1255 1952 1468 1991; x_wconf 90' lang='lat' dir='ltr'>laborum</span> <span class='ocrx_word' id='word_1_217' title='bbox 1479 1951 1740 2002; x_wconf 89' lang='lat' dir='ltr'>praemium</span> 
     </span>
     <span class='ocr_line' id='line_1_26' title="bbox 96 2023 1739 2078; baseline -0.004 -11"><span class='ocrx_word' id='word_1_218' title='bbox 96 2027 361 2077; x_wconf 89' lang='lat' dir='ltr'>admittere,</span> <span class='ocrx_word' id='word_1_219' title='bbox 384 2027 603 2078; x_wconf 89' lang='lat' dir='ltr'>nullaque</span> <span class='ocrx_word' id='word_1_220' title='bbox 624 2037 783 2066; x_wconf 91' lang='lat' dir='ltr'>rerum</span> <span class='ocrx_word' id='word_1_221' title='bbox 803 2031 1108 2065; x_wconf 80' lang='lat' dir='ltr'>externarum</span> <span class='ocrx_word' id='word_1_222' title='bbox 1128 2035 1211 2075; x_wconf 87' lang='lat' dir='ltr'>spe</span> <span class='ocrx_word' id='word_1_223' title='bbox 1240 2023 1371 2074; x_wconf 87' lang='lat' dir='ltr'>duci,</span> <span class='ocrx_word' id='word_1_224' title='bbox 1404 2023 1651 2074; x_wconf 81' lang='lat' dir='ltr'>magisque</span> <span class='ocrx_word' id='word_1_225' title='bbox 1682 2023 1739 2061; x_wconf 93' lang='lat' dir='ltr'>ob</span> 
     </span>
     <span class='ocr_line' id='line_1_27' title="bbox 96 2094 1740 2150; baseline -0.004 -11"><span class='ocrx_word' id='word_1_226' title='bbox 96 2098 143 2139; x_wconf 90' lang='lat' dir='ltr'>id</span> <span class='ocrx_word' id='word_1_227' title='bbox 162 2098 251 2150; x_wconf 91' lang='lat' dir='ltr'>ipsi</span> <span class='ocrx_word' id='word_1_228' title='bbox 271 2098 409 2138; x_wconf 91' lang='lat' dir='ltr'>fidem</span> <span class='ocrx_word' id='word_1_229' title='bbox 430 2097 667 2137; x_wconf 86' lang='lat' dir='ltr'>adhibent:</span> <span class='ocrx_word' id='word_1_230' title='bbox 691 2107 938 2148; x_wconf 90' lang='lat' dir='ltr'>speramus</span> <span class='ocrx_word' id='word_1_231' title='bbox 958 2095 1162 2148; x_wconf 90' lang='lat' dir='ltr'>quotidie</span> <span class='ocrx_word' id='word_1_232' title='bbox 1184 2095 1230 2135; x_wconf 90' lang='lat' dir='ltr'>in</span> <span class='ocrx_word' id='word_1_233' title='bbox 1252 2094 1455 2134; x_wconf 89' lang='lat' dir='ltr'>Domino</span> <span class='ocrx_word' id='word_1_234' title='bbox 1478 2094 1675 2142; x_wconf 90' lang='lat' dir='ltr'>maiora,</span> <span class='ocrx_word' id='word_1_235' title='bbox 1701 2094 1740 2132; x_wconf 87' lang='lat' dir='ltr'>si</span> 
     </span>
     <span class='ocr_line' id='line_1_28' title="bbox 98 2165 1741 2221; baseline -0.003 -12"><span class='ocrx_word' id='word_1_236' title='bbox 98 2169 241 2209; x_wconf 89' lang='lat' dir='ltr'>semel</span> <span class='ocrx_word' id='word_1_237' title='bbox 261 2169 594 2220; x_wconf 83' lang='lat' dir='ltr'>intellexerint,</span> <span class='ocrx_word' id='word_1_238' title='bbox 618 2180 842 2221; x_wconf 90' lang='lat' dir='ltr'>quorsum</span> <span class='ocrx_word' id='word_1_239' title='bbox 863 2179 948 2208; x_wconf 94' lang='lat' dir='ltr'>nos</span> <span class='ocrx_word' id='word_1_240' title='bbox 969 2168 1060 2207; x_wconf 88' lang='lat' dir='ltr'>huc</span> <span class='ocrx_word' id='word_1_241' title='bbox 1082 2167 1157 2207; x_wconf 89' lang='lat' dir='ltr'>ille</span> <span class='ocrx_word' id='word_1_242' title='bbox 1179 2167 1376 2206; x_wconf 79' lang='lat' dir='ltr'>vocarit.</span> <span class='ocrx_word' id='word_1_243' title='bbox 1401 2167 1459 2206; x_wconf 86' lang='lat' dir='ltr'>Et</span> <span class='ocrx_word' id='word_1_244' title='bbox 1485 2178 1542 2206; x_wconf 88' lang='lat' dir='ltr'>ne</span> <span class='ocrx_word' id='word_1_245' title='bbox 1572 2165 1741 2205; x_wconf 89' lang='lat' dir='ltr'>inertia</span> 
     </span>
     <span class='ocr_line' id='line_1_29' title="bbox 98 2237 1739 2292; baseline -0.003 -11"><span class='ocrx_word' id='word_1_246' title='bbox 98 2247 259 2281; x_wconf 90' lang='lat' dir='ltr'>nostra</span> <span class='ocrx_word' id='word_1_247' title='bbox 280 2240 666 2292; x_wconf 86' lang='lat' dir='ltr'>praepediantur,</span> <span class='ocrx_word' id='word_1_248' title='bbox 691 2252 777 2280; x_wconf 93' lang='lat' dir='ltr'>nos</span> <span class='ocrx_word' id='word_1_249' title='bbox 799 2251 961 2280; x_wconf 91' lang='lat' dir='ltr'>omnes</span> <span class='ocrx_word' id='word_1_250' title='bbox 988 2238 1089 2279; x_wconf 67' lang='lat' dir='ltr'>Rae</span> <span class='ocrx_word' id='word_1_251' title='bbox 1119 2239 1172 2279; x_wconf 89' lang='lat' dir='ltr'>T.</span> <span class='ocrx_word' id='word_1_252' title='bbox 1201 2238 1301 2278; x_wconf 48' lang='lat' dir='ltr'>Pstis</span> <span class='ocrx_word' id='word_1_253' title='bbox 1329 2238 1629 2289; x_wconf 88' lang='lat' dir='ltr'>omniumque</span> <span class='ocrx_word' id='word_1_254' title='bbox 1657 2237 1739 2276; x_wconf 94' lang='lat' dir='ltr'>Pa-</span> 
     </span>
     <span class='ocr_line' id='line_1_30' title="bbox 99 2308 1743 2362; baseline -0.003 -10"><span class='ocrx_word' id='word_1_255' title='bbox 99 2319 223 2352; x_wconf 89' lang='lat' dir='ltr'>trum</span> <span class='ocrx_word' id='word_1_256' title='bbox 239 2312 427 2352; x_wconf 80' lang='lat' dir='ltr'>Divinis</span> <span class='ocrx_word' id='word_1_257' title='bbox 449 2311 709 2362; x_wconf 89' lang='lat' dir='ltr'>sacrificiis,</span> <span class='ocrx_word' id='word_1_258' title='bbox 727 2311 1022 2362; x_wconf 85' lang='lat' dir='ltr'>fratrumque</span> <span class='ocrx_word' id='word_1_259' title='bbox 1043 2310 1215 2350; x_wconf 88' lang='lat' dir='ltr'>ibidem</span> <span class='ocrx_word' id='word_1_260' title='bbox 1232 2310 1504 2361; x_wconf 90' lang='lat' dir='ltr'>degentium</span> <span class='ocrx_word' id='word_1_261' title='bbox 1524 2308 1743 2360; x_wconf 91' lang='lat' dir='ltr'>precibus</span> 
     </span>
     <span class='ocr_line' id='line_1_31' title="bbox 103 2380 1556 2433; baseline -0.003 -9"><span class='ocrx_word' id='word_1_262' title='bbox 103 2384 273 2424; x_wconf 84' lang='lat' dir='ltr'>obnixe</span> <span class='ocrx_word' id='word_1_263' title='bbox 296 2383 692 2423; x_wconf 89' lang='lat' dir='ltr'>commendamus.</span> <span class='ocrx_word' id='word_1_264' title='bbox 716 2382 852 2423; x_wconf 83' lang='lat' dir='ltr'>Vale.</span> <span class='ocrx_word' id='word_1_265' title='bbox 875 2381 1099 2422; x_wconf 86' lang='lat' dir='ltr'>Perusiae</span> <span class='ocrx_word' id='word_1_266' title='bbox 1118 2382 1144 2421; x_wconf 80' lang='lat'>2</span> <span class='ocrx_word' id='word_1_267' title='bbox 1164 2381 1271 2422; x_wconf 85' lang='lat' dir='ltr'>ldus</span> <span class='ocrx_word' id='word_1_268' title='bbox 1292 2381 1417 2433; x_wconf 89' lang='lat' dir='ltr'>Junii</span> <span class='ocrx_word' id='word_1_269' title='bbox 1442 2380 1556 2419; x_wconf 74' lang='lat'>1553.</span> 
     </span>
     <span class='ocr_line' id='line_1_32' title="bbox 182 2453 980 2505; baseline -0.001 -11"><span class='ocrx_word' id='word_1_270' title='bbox 182 2455 281 2495; x_wconf 56' lang='lat' dir='ltr'>Tsse</span> <span class='ocrx_word' id='word_1_271' title='bbox 310 2454 434 2494; x_wconf 46' lang='grc' dir='ltr'>ΗΜΘ</span> <span class='ocrx_word' id='word_1_272' title='bbox 470 2453 571 2493; x_wconf 51' lang='lat' dir='ltr'>Pstis</span> <span class='ocrx_word' id='word_1_273' title='bbox 604 2454 823 2505; x_wconf 89' lang='lat' dir='ltr'>indignus</span> <span class='ocrx_word' id='word_1_274' title='bbox 844 2453 980 2501; x_wconf 89' lang='lat' dir='ltr'>filius,</span> 
     </span>
     <span class='ocr_line' id='line_1_33' title="bbox 183 2524 1348 2575; baseline -0.003 -8"><span class='ocrx_word' id='word_1_275' title='bbox 183 2526 254 2567; x_wconf 88' lang='lat' dir='ltr'>De</span> <span class='ocrx_word' id='word_1_276' title='bbox 277 2525 499 2567; x_wconf 85' lang='lat' dir='ltr'>mandato</span> <span class='ocrx_word' id='word_1_277' title='bbox 520 2524 612 2565; x_wconf 60' lang='lat' dir='ltr'>Rfli</span> <span class='ocrx_word' id='word_1_278' title='bbox 635 2524 683 2565; x_wconf 90' lang='lat' dir='ltr'>P.</span> <span class='ocrx_word' id='word_1_279' title='bbox 709 2524 767 2565; x_wconf 91' lang='lat' dir='ltr'>D.</span> <span class='ocrx_word' id='word_1_280' title='bbox 792 2524 1024 2565; x_wconf 81' lang='lat' dir='ltr'>Everardi</span> <span class='ocrx_word' id='word_1_281' title='bbox 1044 2524 1348 2575; x_wconf 86' lang='lat' dir='ltr'>Marcuriani,</span> 
     </span>
    </p>
   </div>
   <div class='ocr_carea' id='block_1_3' title="bbox 1012 2668 1521 2710">
    <p class='ocr_par' dir='ltr' id='par_1_3' title="bbox 1012 2668 1521 2710">
     <span class='ocr_line' id='line_1_34' title="bbox 1012 2668 1521 2710; baseline -0.006 0"><span class='ocrx_word' id='word_1_282' title='bbox 1012 2669 1235 2710; x_wconf 76' lang='lat' dir='ltr'>EMoNDUs</span> <span class='ocrx_word' id='word_1_283' title='bbox 1265 2668 1521 2709; x_wconf 79' lang='lat' dir='ltr'>AUGERIUS.</span> 
     </span>
    </p>
   </div>
  </div>
 </body>
</html>
