2080 3392
856 180 938 217 ΑΝ.
971 178 1062 216 1553
1713 175 1780 212 1⁴23

142 292 282 334 quam
303 279 580 331 quibusdam
603 278 880 318 monialibus
896 288 1009 329 prae
1032 277 1241 328 ipsarum
1257 274 1548 325 flagitatione
1570 273 1779 313 auditum

143 353 377 402 denegare
399 361 494 390 non
515 360 778 401 possumus.

220 422 393 462 Vocati
412 433 552 472 saepe
575 420 867 460 accurrimus
890 418 1155 459 animandis
1182 415 1572 466 consolandisque
1604 414 1676 454 his
1702 414 1780 466 qui

140 496 189 534 in
224 492 447 533 extremis
473 498 580 532 sunt
611 490 872 539 constituti,
911 501 1001 541 qua
1029 500 1079 528 re
1107 487 1292 528 videtur
1321 487 1524 527 maxime
1552 485 1781 526 concitari

140 565 300 617 populi
321 563 522 604 devotio.
717 556 719 559 ’
1771 564 1773 566 ·

224 635 520 677 Conveniunt
543 635 734 686 insuper
762 633 823 673 ad
841 644 929 672 nos
957 631 1090 671 multi
1120 637 1311 682 propter
1340 630 1630 681 spiritualem
1657 639 1780 669 com-

142 707 525 749 municationem.

221 778 362 819 Pater
387 778 586 818 Ioannes
613 777 819 817 Alvarez
855 780 899 815 et
930 773 1118 826 quidam
1153 779 1315 813 noster
1349 772 1508 821 frater,
1547 772 1624 823 qui
1659 783 1782 811 anno

139 851 356 903 proximo
377 849 563 890 fuerunt
585 849 846 896 Granatae,
879 847 974 886 iam
1001 845 1061 885 ad
1090 856 1175 885 nos
1206 843 1387 885 reversi
1416 850 1546 893 sunt,
1570 856 1594 882 a
1617 843 1782 894 quibus

140 921 452 973 cognovimus
492 931 634 972 quam
673 919 893 959 ardenter
932 917 1123 968 cupiant
1167 921 1479 966 granatenses
1518 921 1567 954 ut
1609 914 1783 965 degant

141 992 266 1044 apud
294 1004 342 1032 se
372 992 515 1043 aliqui
541 1004 599 1031 ex
621 990 809 1030 nostris,
840 989 943 1029 Hoc
970 987 1100 1039 petiit
1130 986 1457 1027 ardentissime
1478 986 1780 1037 gubernator,

142 1063 501 1115 Archiepiscopi
539 1062 841 1114 granatensis
882 1061 1035 1100 locum
1070 1065 1248 1107 tenenS‚
1287 1065 1331 1098 et
1367 1058 1446 1098 alii
1481 1069 1702 1109 proceres
1740 1063 1784 1097 et

140 1136 294 1185 cives,
330 1135 571 1187 proposita
603 1145 685 1185 spe
720 1132 913 1173 maximi
946 1131 1147 1181 fructus3
1184 1142 1335 1181 neque
1367 1129 1413 1169 id
1447 1130 1597 1169 solum
1625 1129 1784 1168 verbis

143 1206 223 1247 sed
244 1207 385 1247 rebus
406 1206 546 1246 etiam
567 1210 748 1257 petunt3
773 1203 1011 1243 donavere
1033 1202 1156 1242 enim
1178 1201 1272 1241 iam
1293 1200 1485 1252 quidam
1505 1207 1549 1240 et
1575 1200 1784 1240 obtulere

144 1279 222 1318 alii
251 1284 476 1330 quantum
503 1276 562 1316 ad
591 1275 890 1316 sustinendos
917 1275 1075 1325 plures
1097 1284 1239 1324 quam
1265 1284 1350 1311 sex
1371 1271 1543 1311 fratres
1570 1270 1782 1311 sufficiet.

142 1349 263 1391 Nam
296 1355 430 1401 pater
455 1347 628 1388 Sancta
658 1346 799 1395 Cruz,
829 1346 907 1397 qui
935 1352 1004 1385 est
1031 1343 1350 1392 Conimbriae,
1390 1349 1434 1382 et
1468 1341 1659 1394 quidam
1687 1340 1786 1392 ejus

143 1420 332 1470 fratrer,
356 1420 435 1472 qui
456 1419 697 1460 Granatae
719 1417 867 1467 degit,
892 1416 1188 1456 donaverunt
1216 1415 1309 1454 iam
1337 1414 1397 1454 ad
1419 1414 1510 1454 hoc
1537 1425 1619 1465 per
1645 1413 1787 1465 publi-

144 1504 249 1533 cam
283 1499 328 1532 et
365 1491 687 1532 authenticam
721 1489 1027 1540 scripturam,
1062 1498 1202 1539 quam
1230 1486 1290 1528 ad
1318 1497 1404 1526 nos
1435 1485 1676 1534 miserunt,
1710 1484 1786 1523 do-

139 1575 266 1604 mum
287 1562 559 1615 quamdam,
585 1573 703 1614 quae
724 1561 904 1601 duobus
926 1561 1050 1600 mille
1072 1560 1255 1616 ducatis
1278 1558 1572 1607 aestimatur,
1607 1563 1651 1596 et
1684 1567 1786 1595 cen-

140 1646 220 1675 sus
252 1634 481 1686 quosdam
506 1639 776 1686 perpetuos3
810 1633 890 1672 alii
922 1643 1035 1672 vero
1068 1632 1158 1671 alia
1188 1630 1449 1683 promisere
1476 1629 1566 1669 hac
1602 1633 1787 1668 tantum

138 1708 243 1759 lege
263 1712 314 1747 ut
334 1707 427 1747 sint
448 1706 690 1747 Granatae
707 1705 849 1756 aliqui
870 1717 929 1744 ex
949 1703 1161 1756 patribus
1183 1701 1446 1743 Societatis
1469 1698 1689 1740 Nondum
1710 1710 1786 1750 po-

139 1779 313 1819 tuimus
335 1777 393 1818 ad
415 1778 504 1817 hoc
526 1777 778 1829 quicquam
799 1775 915 1816 certi
935 1773 1221 1826 respondere
1238 1780 1430 1825 propter
1452 1770 1790 1812 mittendorum

139 1850 341 1890 fratrum
361 1849 629 1901 penuriam3
652 1848 791 1900 pauci
812 1847 937 1887 enim
958 1847 1034 1886 hic
1056 1857 1240 1896 summ,
1264 1851 1313 1885 ut
1340 1845 1435 1884 iarn
1456 1842 1616 1893 retuli,
1648 1840 1791 1881 futuri

144 1922 243 1961 sine
278 1920 418 1961 dubio
452 1921 610 1970 plures
645 1919 684 1959 si
725 1929 883 1959 rerum
924 1922 1194 1969 suppeteret
1228 1927 1355 1956 usus.
1398 1914 1513 1956 Sunt
1552 1914 1677 1954 enim
1716 1912 1791 1952 hic

145 1994 290 2033 multa
312 1998 356 2032 et
382 1991 529 2032 literis
561 1996 605 2031 et
634 1991 768 2030 bonis
800 1990 1010 2030 moribus
1036 1989 1154 2029 satis
1181 1994 1293 2040 apta
1320 1986 1531 2038 ingenia,
1565 1996 1685 2036 quae
1713 1995 1790 2023 no-

149 2069 296 2104 stram
325 2063 609 2104 Societatem
632 2062 870 2102 anhelant.
902 2060 1127 2112 Suppleat
1158 2059 1389 2100 Dominus
1415 2057 1620 2108 benigna
1655 2055 1794 2106 largi-

148 2141 244 2176 tate
266 2147 350 2175 sua
373 2135 544 2185 omnia,
568 2145 687 2185 quae
710 2133 891 2184 desunt,
917 2144 972 2173 eo
990 2138 1130 2184 pacto
1150 2143 1242 2183 quo
1259 2130 1412 2182 magis
1430 2128 1488 2170 ad
1505 2128 1707 2180 gloriam
1725 2127 1795 2167 sui

149 2206 436 2247 sanctissimi
456 2206 660 2246 nominis
682 2205 815 2245 novit
834 2204 1086 2256 pertinere.

229 2278 568 2328 Salmanticae,
599 2277 824 2329 postridie
851 2288 1002 2316 nonas
1031 2274 1238 2316 Ianuarii
1266 2286 1389 2314 anno
1412 2272 1604 2314 Domini
1625 2272 1796 2311 mill.1no

150 2350 527 2402 quingentesimo
550 2348 942 2400 quinquagesimo
964 2347 1118 2386 tertio.

230 2420 534 2461 Paternitatis
556 2427 664 2460 tuae

234 2491 409 2533 Servus
431 2491 627 2541 inutilis,

1304 2597 1330 2642 †
1358 2594 1507 2634 HRRZ.
1539 2595 1567 2641 †

237 2779 591 2830 Superscmptso
614 2778 664 2818 iu
686 2781 860 2829 quarta
876 2777 1090 2828 pagina:
1119 2775 1388 2816 Admodum
1415 2773 1517 2814 R.d0
1542 2773 1588 2812 in
1618 2772 1701 2812 X.⁰
1723 2783 1800 2823 pa-

157 2850 219 2890 tri
238 2850 300 2890 M.
323 2851 506 2901 Ignatio
528 2849 803 2901 Praeposito
825 2848 1036 2900 generali
1057 2846 1296 2887 societatis
1327 2845 1445 2896 Iesu,
1469 2844 1663 2885 Romae.

238 2921 350 2961 Alia
372 2933 541 2961 manu:
566 2920 680 2960 1553.
705 2919 910 2961 Salman.
936 2918 1128 2970 Quadri.
1152 2917 1281 2957 Ianu.
1306 2922 1350 2956 et
1375 2915 1433 2956 A.
1457 2916 1510 2967 Q.
1536 2916 1594 2956 V.

242 2992 413 3043 Sz'gz‘llz'
425 2996 468 3032 et
490 3003 622 3032 cerae
642 2991 918 3042 vestigium.
