2080 3392
774 205 857 243 AN.
889 204 980 242 1554
1645 203 1716 240 513

74 306 169 346 iam
189 305 313 345 idem
332 311 400 357 pf
420 305 584 344 melius
606 315 655 344 se
676 303 878 354 habeat),
904 303 1119 343 eumdem
1139 303 1273 342 nobis
1293 313 1461 343 sanum
1486 300 1714 342 restituet:

76 383 126 418 ut
146 377 398 417 Velocitate
420 388 578 416 moras
599 382 857 427 copensare
878 375 1040 426 possit.

157 447 260 488 Hoc
281 446 612 499 quadrimestri
631 446 902 498 praeterito,
927 445 1028 485 Rde
1048 444 1202 496 Pater,
1222 457 1315 485 non
1333 445 1432 485 sine
1448 455 1622 496 magna
1641 442 1716 484 ad-

78 519 341 560 mirationis
363 529 506 558 causa
528 529 632 558 sese
649 517 782 557 dnus.
804 517 1028 557 Societati
1045 523 1237 556 nostrae
1255 523 1300 556 et
1316 516 1423 556 huic
1440 515 1598 556 domui
1614 526 1717 567 pro-

78 590 195 642 pitii]
216 589 447 639 exhibuit,
479 588 858 640 quandoquidem
884 588 1072 628 detento
1102 594 1236 640 patre
1265 588 1311 627 in
1339 599 1425 627 sua
1452 586 1720 627 infirmitate

79 661 145 712 (ut
165 661 343 702 dictum
364 660 465 711 est),
490 666 620 700 tanta
641 660 727 700 fuit
748 659 1012 711 frequentia
1034 664 1078 699 et
1100 665 1324 699 cocursus
1351 659 1641 699 venientium
1662 657 1721 698 ad

79 732 313 773 cofitendu
334 737 529 783 peccata
551 743 650 781 sua,
675 730 945 782 refragante
967 730 1218 782 praecipue
1241 730 1515 770 austeritate
1546 736 1722 784 ternpo-

78 804 159 854 ris,
184 809 233 843 ut
255 803 333 854 qui
353 803 470 842 bene
492 802 609 842 haec
631 802 838 852 sentiret,
864 807 987 841 esset
1008 801 1130 841 unde
1152 807 1480 853 prorumperet
1497 801 1544 841 in
1561 801 1722 841 laudes

80 875 271 926 domini,
295 886 349 914 eo
373 874 560 926 quidem
581 885 729 925 usque
750 879 800 913 ut
820 873 937 913 bene
965 873 1040 912 ille
1072 884 1231 912 secum
1261 878 1418 912 actum
1444 884 1547 913 esse
1577 878 1720 925 putet,

80 946 161 998 qui
180 946 328 997 possit
351 957 431 997 per
454 944 642 997 aliquod
662 945 817 996 spatii]
839 944 1045 996 aliquem
1066 951 1250 995 patrem
1283 944 1421 984 huius
1452 943 1619 984 domus
1646 944 1724 984 ha-

80 1018 204 1068 bere,
229 1017 531 1068 grauioribus
547 1028 639 1057 non
657 1016 896 1057 detentum
914 1015 1319 1066 occupationibus
1343 1027 1545 1066 quocum
1562 1015 1722 1066 possit,

81 1100 201 1141 quae
230 1089 289 1128 ad
319 1088 703 1128 reformationem
732 1087 859 1128 vitae
888 1098 1001 1126 suae
1032 1086 1287 1138 pertinent,
1323 1086 1557 1134 conferre3
1589 1086 1727 1137 idque

83 1172 177 1201 non
197 1161 348 1200 solum
368 1171 451 1211 per
473 1165 619 1199 totam
642 1159 778 1209 diem,
804 1158 888 1198 sed
908 1158 1052 1197 etiam
1073 1157 1226 1197 noctis
1247 1164 1431 1209 tepore,
1456 1164 1505 1197 ut
1535 1157 1618 1198 vix
1648 1157 1726 1197 ali-

83 1232 269 1283 quando
291 1231 493 1283 supersit
514 1237 696 1282 tempus
718 1230 777 1270 ad
799 1229 1093 1270 recitandum
1114 1229 1258 1269 horas
1279 1230 1552 1270 canonicas.

163 1304 380 1353 Fructus,
405 1303 563 1354 quiex
589 1308 722 1342 tanta
751 1301 1014 1353 frequentia
1044 1307 1451 1341 sacramentorum
1481 1306 1728 1353 expectan-

86 1376 173 1416 dus
200 1381 319 1424 erat,
347 1375 440 1414 iam
469 1374 684 1414 omnibus
714 1380 784 1413 est
814 1372 1107 1413 manifestus:
1145 1372 1288 1424 aliqui
1316 1373 1525 1425 ipsorum
1561 1379 1605 1413 et
1636 1385 1728 1413 non

84 1447 223 1499 pauci
252 1447 361 1497 (non
383 1446 506 1486 enim
527 1456 774 1485 numerum
794 1444 946 1494 teneo)
970 1444 1182 1484 fecerunt
1205 1443 1516 1484 cofessionem
1536 1455 1729 1496 genera-

84 1519 189 1569 lem,
213 1519 444 1558 rationem
465 1517 715 1558 reddentes
736 1516 880 1557 totius
902 1523 1098 1556 exactae
1121 1516 1263 1567 vitae3
1287 1516 1351 1556 ita
1374 1522 1438 1567 ut,
1458 1528 1574 1567 quos
1593 1522 1730 1557 antea

85 1596 262 1642 tanqua
283 1589 467 1630 feroces
487 1590 646 1629 leones
668 1594 918 1639 metueras,
952 1600 1075 1627 nunc
1105 1594 1280 1639 tanqua
1313 1599 1464 1638 agnos
1495 1594 1732 1628 masuetos

87 1668 384 1703 contrectare
406 1662 573 1712 possis.
598 1661 655 1701 Et
676 1661 786 1713 quia
808 1661 952 1701 semel
982 1666 1235 1711 gustarunt
1261 1672 1317 1700 ac
1345 1660 1564 1700 viderunt
1591 1672 1732 1711 quam

89 1734 238 1774 dulcis
259 1734 318 1774 sit
340 1733 571 1784 dominus,
596 1733 690 1772 iam
711 1744 804 1772 non
826 1731 1143 1772 cofunduntur
1166 1743 1327 1771 eorum
1348 1731 1509 1782 facies,
1533 1744 1620 1772 nec
1640 1738 1731 1772 tur-

88 1805 259 1845 bantur
281 1805 328 1845 in
344 1804 578 1856 frequenti
594 1815 790 1844 accessu
806 1803 865 1843 ad
881 1815 1000 1843 eum:
1024 1809 1163 1854 atque
1180 1803 1246 1843 ita
1264 1815 1449 1855 semper
1468 1803 1637 1843 crescit
1654 1816 1731 1843 nu-

90 1889 247 1917 merus
269 1876 557 1917 cofitentium
583 1876 782 1926 singulis
803 1874 1050 1915 dominicis
1072 1875 1255 1925 diebus,
1288 1882 1339 1915 ut
1370 1875 1622 1927 aliquando
1653 1876 1734 1915 vix

92 1948 290 1988 sufficiat
312 1954 494 1999 tempus
517 1947 576 1987 ad
598 1947 874 1987 coficiedum
896 1958 1099 1997 sacrum,
1124 1954 1168 1986 et
1188 1947 1422 1986 multoties
1449 1959 1544 1987 non
1573 1953 1644 1987 est
1672 1948 1734 1986 lo-

95 2032 177 2060 cus
198 2018 470 2071 perficiendi
498 2030 660 2058 omnes
690 2018 999 2068 cofessioneS‚
1025 2030 1146 2069 quae
1175 2030 1278 2058 sese
1307 2017 1529 2068 offerunt,
1557 2024 1601 2059 et
1630 2019 1733 2058 ideo

96 2098 201 2132 sunt
223 2091 531 2131 remittendae
553 2096 633 2130 aut
654 2091 700 2130 in
722 2090 1099 2142 pomeridianum
1120 2097 1256 2141 tepus
1279 2097 1358 2130 aut
1384 2090 1432 2130 in
1460 2090 1733 2140 crastinum;

96 2164 275 2203 malunt
301 2163 425 2202 enim
455 2162 696 2202 cofitentes
721 2162 809 2214 ipsi
844 2161 1095 2202 comodum
1122 2168 1256 2213 tepus
1291 2168 1565 2214 expectare,
1597 2174 1736 2214 quam

98 2234 197 2275 sine
225 2234 484 2274 cofessione
520 2245 786 2284 remanere,
819 2245 874 2273 ac
905 2233 1100 2284 proinde
1131 2233 1328 2285 singulis
1366 2233 1527 2273 diebus
1556 2240 1738 2285 oportet

98 2306 342 2346 audiendis
363 2305 702 2345 cofessionibus
730 2316 926 2355 vacare,
958 2311 1193 2357 quamqua
1225 2305 1474 2346 dominicis
1501 2305 1663 2345 diebus
1694 2313 1739 2345 et

96 2377 278 2418 festiuis
299 2377 448 2417 maior
469 2382 539 2416 est
560 2383 797 2423 cocursus3
824 2376 887 2416 ita
904 2383 953 2416 ut
971 2383 1185 2427 oporteat
1203 2389 1347 2417 unum
1369 2389 1428 2417 ex
1444 2378 1579 2417 nobis
1596 2377 1740 2417 ferme

98 2455 195 2490 toto
219 2460 354 2488 mane
376 2453 511 2488 tantu
531 2448 927 2488 administrationi
948 2449 1235 2488 sanctissimi
1252 2449 1566 2488 eucharistiae
1586 2460 1739 2488 sacra-

99 2520 243 2560 menti
264 2519 519 2570 intendere3
544 2526 682 2571 atque
704 2519 768 2559 ita
789 2519 988 2559 innotuit
1007 2519 1091 2559 toti
1110 2520 1284 2571 populo
1302 2527 1460 2560 noster
1478 2520 1644 2560 modus
1661 2519 1741 2559 mi-

101 2591 333 2632 nistrandi
354 2597 668 2639 sacramenta,
693 2597 742 2630 ut
763 2591 856 2630 iam
878 2591 1055 2642 passim
1078 2591 1276 2631 dicatur:
1301 2592 1378 2643 qui
1399 2592 1512 2631 velit
1533 2591 1742 2631 confiteri

102 2669 147 2703 et
164 2663 479 2713 comunicare,
501 2662 639 2702 adeat
657 2661 769 2702 divi]
787 2663 982 2702 antonin
1002 2661 1027 2713 ¹3
1045 2663 1137 2703 illic
1156 2663 1280 2703 enim
1297 2663 1396 2702 sine
1417 2663 1632 2703 molestia
1650 2663 1742 2703 cito

104 2734 393 2786 expedietur.

184 2805 307 2846 Inter
329 2806 446 2845 haec
468 2805 614 2855 multi,
639 2806 716 2856 qui
743 2817 792 2845 se
820 2805 925 2845 odio
956 2805 1382 2857 prosequebantur,
1414 2806 1460 2845 in
1489 2806 1743 2846 amicitiam

106 2883 212 2917 sunt
230 2877 425 2927 redacti3
449 2877 527 2916 alii
550 2888 662 2916 vero
685 2877 732 2916 in
755 2876 1010 2916 miserabili
1032 2883 1158 2917 statu
1181 2876 1495 2917 damnationis
1515 2877 1742 2927 viventes,

162 3047 172 3067 ¹
210 3047 386 3082 Templum
403 3047 563 3074 Patribus
579 3046 760 3074 Societatis
776 3047 972 3074 vallisoleti
990 3048 1208 3074 attributum.

253 3107 300 3142 T.
334 3119 375 3142 ιι.
1513 3117 1554 3152 33
