2080 3392
288 181 359 219 522
799 179 1027 217 LITTERAE
1053 189 1410 222 QUADRIMESTRES

290 275 567 317 necessariis
588 276 714 315 vitae
736 275 783 315 in
807 275 1100 315 xenodochio
1127 275 1489 315 subministratis
1517 281 1749 326 cotentus,
1780 288 1914 327 pecu-

288 347 386 396 nia,
427 357 622 385 munera
657 351 700 385 et
728 351 1003 385 ornamenta
1033 351 1302 386 constanter
1330 346 1567 386 recusauit
1597 357 1793 398 semper,
1824 347 1917 387 etia

288 421 382 468 quu
408 415 554 466 ipsius
582 416 774 455 arbitrio
804 416 1157 467 relinqueretur,
1183 422 1248 465 ut,
1278 416 1316 456 si
1347 416 1433 456 sibi
1464 416 1730 467 impendere
1757 417 1914 468 nollet,

288 492 508 537 erogaret
527 486 825 537 pauperibus:
851 486 1184 538 responditque
1205 492 1255 527 ut
1286 487 1373 538 ipsi
1401 487 1497 526 suis
1523 487 1735 527 manibus
1767 487 1915 527 distri-

286 557 480 597 buerent
507 557 682 607 egenis,
715 557 754 596 si
782 557 892 608 quid
919 557 1203 609 pauperibus
1229 557 1392 608 largiri
1422 557 1754 598 decreuissent.
1789 557 1918 608 Quae

288 638 366 668 res
386 628 502 667 mire
522 626 661 667 RstfiSS·
684 627 805 668 Dno.
826 627 1171 668 Clarmontensi
1191 628 1379 679 placuit,
1401 628 1465 667 ita
1485 634 1534 668 ut
1554 629 1731 679 palam,
1755 640 1916 669 coram

284 699 389 738 aliis
409 704 519 738 tunc
539 699 879 750 praesentibus,
902 699 990 739 hoc
1013 700 1277 751 exemplum
1298 699 1355 739 ab
1374 700 1499 739 omni
1517 700 1745 740 auaritiae
1763 700 1917 750 specie

286 769 439 810 alienu
461 770 825 810 comendauerit.
856 769 1070 811 Secundo
1102 769 1252 810 dnico.
1285 770 1358 810 die
1388 769 1632 810 Aduentus
1660 770 1916 821 praeteriti,

285 851 421 880 sacro
444 847 487 880 et
515 840 706 880 cocione
734 842 936 892 peractis
966 841 1013 881 in
1042 840 1357 891 xenodochio,
1392 841 1661 881 missionem
1690 840 1921 891 flagitauit

224 948 226 950 ,
285 910 343 950 ab
378 911 572 951 infirmis
607 918 651 950 et
686 912 1003 961 auditoribus,
1042 911 1334 951 obedientiae
1370 912 1702 952 authoritatem
1741 911 1919 952 reditus

283 992 477 1021 causam
498 988 791 1033 praetexens.
823 982 1039 1033 Dumque
1067 982 1133 1022 eis
1161 981 1467 1031 valediceret,
1498 983 1756 1034 plurimoru
1787 981 1918 1022 lacri-

285 1063 408 1102 mae,
433 1053 635 1103 suspiria
662 1059 707 1093 et
737 1053 1081 1104 deploratoriae
1109 1052 1475 1092 exclamationes
1502 1053 1637 1093 huius
1667 1053 1756 1092 viri
1784 1059 1911 1093 coce-

282 1127 411 1174 ptam
432 1123 727 1163 dilectionem
749 1124 1020 1175 prodebant.
1048 1122 1110 1163 At
1132 1123 1205 1162 ille
1227 1135 1308 1174 spe
1334 1123 1511 1163 reditus
1541 1124 1633 1174 sui,
1665 1123 1918 1164 accedente

284 1192 467 1233 Maioru
490 1194 731 1245 suffragio,
756 1194 953 1234 afflictos
975 1194 1231 1234 solabatur.
1263 1193 1300 1233 O
1328 1194 1454 1245 pium
1484 1201 1664 1245 patrem
1692 1195 1917 1246 pauperu!

363 1264 482 1304 Tum
501 1265 689 1305 Nobiles
710 1272 952 1305 matronae
975 1276 1108 1304 suam
1130 1276 1265 1315 opem
1291 1263 1420 1304 Patri
1448 1271 1663 1316 prompto
1693 1265 1920 1306 studioso-

281 1346 369 1386 que
390 1335 560 1375 affectu
580 1336 827 1387 obtulerut,
852 1336 970 1376 aliae
991 1335 1203 1387 pecunia,
1224 1335 1342 1375 aliae
1359 1335 1485 1376 vitae
1499 1337 1766 1376 necessaria
1788 1336 1916 1376 obtu-

282 1406 419 1455 lerut3
445 1418 562 1458 quae
583 1407 802 1447 uniuersa
823 1407 897 1446 ille
918 1406 1154 1447 recusauit
1182 1412 1240 1446 cu
1273 1406 1365 1447 oiu.
1392 1407 1698 1447 admiratione
1721 1418 1915 1447 summa.

369 1477 486 1517 R.d¹1⁵
498 1477 645 1517 Dnus.
672 1478 993 1518 Cancellarius
1016 1478 1110 1528 (qui
1126 1479 1378 1529 postremis
1396 1478 1625 1518 sacrificio
1644 1484 1687 1517 et
1704 1477 1917 1518 concioni

281 1548 433 1589 Patris
455 1548 596 1588 etiam
617 1548 839 1598 interfuit)
862 1548 1027 1588 eodem
1048 1549 1120 1588 die
1142 1550 1322 1589 celebre
1344 1549 1563 1589 instruxit
1581 1549 1830 1598 couiuium‚
1853 1548 1912 1588 ad

282 1619 407 1670 quod
426 1619 644 1659 inuitauit
666 1626 760 1659 tres
781 1619 1225 1659 Ludimoderatores
1255 1627 1299 1659 et
1330 1620 1446 1659 alios
1473 1619 1671 1669 nobileS,
1700 1631 1789 1670 quo
1818 1630 1910 1659 ma-

283 1689 450 1740 gnifice
471 1690 713 1740 instructo,
737 1689 888 1730 Prem.
911 1690 1146 1730 honorare
1162 1691 1322 1740 voluit3
1344 1702 1433 1741 quo
1451 1696 1658 1740 peracto,
1683 1689 1833 1730 Prem.
1855 1689 1913 1729 ad

283 1760 458 1801 Arcem
479 1760 618 1800 Rdiss·
643 1761 879 1812 Episcopi,
898 1761 1131 1801 Lutetiam
1152 1761 1413 1801 adornandi
1434 1760 1609 1801 reditus
1630 1766 1737 1811 gra,
1763 1772 1789 1800 a
1807 1760 1909 1800 Pre.

281 1838 443 1871 nostro
465 1830 587 1871 Dno.
613 1831 868 1871 Paschasio
894 1838 1134 1882 reuocatu,
1164 1838 1298 1872 extra
1325 1832 1564 1872 ciuitatem
1594 1832 1824 1871 deducere
1853 1831 1915 1871 di-

281 1909 455 1953 gnatus
477 1909 559 1942 est.
585 1902 821 1943 Conuiuae
844 1904 1033 1953 caeteri,
1058 1904 1178 1944 clam
1200 1903 1367 1954 quibus
1388 1910 1582 1954 uterque
1605 1914 1653 1942 se
1684 1902 1913 1942 subduxe-

280 1979 367 2024 rat,
391 1985 449 2013 ne
470 1973 678 2014 discessu
700 1980 1064 2025 remorarentur,
1089 1975 1148 2015 ad
1169 1974 1391 2015 suburbia
1413 1980 1734 2023 cocurrentes,
1758 1973 1910 2013 Prem.

280 2044 496 2084 comitari
514 2045 820 2097 aliquousque
835 2046 1067 2085 VOluel‘slt.
1087 2045 1131 2086 A
1147 2045 1354 2097 pluribus
1371 2045 1499 2085 Patri
1513 2044 1747 2084 recusanti
1765 2055 1912 2095 equus

281 2115 464 2154 oblatus
485 2121 569 2165 est,
592 2127 702 2155 nam
723 2116 925 2167 quinque
946 2121 1081 2156 tantu
1102 2115 1378 2156 milliaribus
1407 2115 1548 2155 distat
1576 2115 1755 2155 Ciuitas
1785 2114 1911 2155 Clar-

286 2186 544 2225 montensis
559 2186 616 2225 ab
631 2186 755 2226 Arce
768 2186 876 2226 Dni.
895 2187 1115 2238 Episcopi
1132 2186 1412 2237 BelligardO.
1434 2186 1615 2226 Interea
1629 2184 1750 2226 Κέω
1761 2185 1909 2225 Dnus.

283 2255 473 2307 Cantor,
499 2256 726 2307 dignitate
747 2256 847 2307 Epo
868 2257 1125 2308 proximus,
1155 2262 1385 2307 cognatus
1412 2267 1666 2307 germanus
1690 2255 1909 2303 eiusdem,

280 2326 328 2366 in
349 2327 581 2366 suburbiis
605 2327 733 2366 Patri
755 2327 1070 2378 proficiscenti
1091 2327 1295 2367 occurrit
1324 2327 1418 2379 <qui
1446 2332 1584 2367 antea
1616 2338 1728 2366 suae
1755 2325 1913 2365 biblio-

280 2397 445 2437 thecae
467 2398 601 2449 copia
624 2398 686 2437 illi
715 2398 968 2448 obtulerat)
990 2399 1190 2449 benigne
1213 2398 1254 2437 ei
1274 2398 1499 2438 valedixit
1530 2404 1586 2438 cu
1615 2397 1913 2448 impositione

280 2475 453 2508 manui-1
467 2468 817 2508 benedictionis.
832 2468 1043 2509 Tandem
1060 2468 1207 2508 Dnus.
1229 2468 1548 2509 Cancellarius
1566 2480 1722 2508 comes
1740 2467 1912 2507 disces-

280 2549 373 2589 sus,
399 2539 544 2590 ipsius
566 2539 794 2590 ablegatis
816 2545 858 2579 et
886 2539 1127 2580 discedere
1156 2539 1336 2590 rogatis
1364 2539 1525 2587 sociis,
1556 2539 1753 2589 genibus
1781 2538 1914 2578 flexis

281 2607 429 2649 Prem.
456 2611 742 2661 complexus
768 2616 826 2651 cu
850 2611 1006 2650 multis
1028 2611 1251 2662 lacrymis
1276 2609 1496 2650 valedixit
1518 2609 1573 2657 ei,
1598 2610 1814 2660 precibus
1833 2609 1912 2649 hu-

280 2678 482 2719 millimis
503 2680 653 2720 Prem.
679 2682 912 2732 copellens
934 2687 983 2721 ut
1004 2687 1122 2721 auru
1146 2682 1304 2724 oblatu
1326 2680 1568 2731 reciperet.
1591 2679 1735 2719 Reuss.
1760 2680 1909 2719 Dnus.

282 2749 423 2800 Epus.
446 2751 631 2802 utrique
652 2759 695 2791 et
719 2751 846 2792 Patri
867 2752 1157 2804 Hieronymo
1180 2758 1223 2792 et
1243 2752 1316 2792 fri.
1341 2757 1502 2791 nostro
1522 2750 1697 2803 Jacobo
1727 2750 1912 2790 benedi-

280 2820 434 2860 ctione
468 2821 689 2872 spiritali,
727 2828 771 2862 et
805 2823 959 2863 itineri
988 2822 1267 2863 necessariis
1298 2822 1510 2872 donatis,
1543 2821 1760 2861 affectum
1797 2831 1911 2872 erga

281 2890 431 2931 Prem.
455 2891 746 2943 Hieronymu
766 2892 1021 2944 professus,
1041 2900 1287 2944 utrumque
1305 2891 1479 2932 dimisit
1496 2903 1601 2932 curn
1617 2891 1739 2932 bona
1756 2891 1911 2942 gratia

283 2966 329 3001 et
351 2973 480 3012 pace.
