2080 3392
242 187 315 224 700
756 181 985 218 LITTERAE
1011 188 1368 223 QUADRIMESTRES

239 282 442 329 dixerat,
466 283 628 330 postea
657 277 890 327 exigebat.
926 276 1062 316 Hanc
1093 287 1217 315 nunc
1248 286 1302 314 ea
1333 274 1388 314 de
1419 284 1562 314 causa
1596 284 1689 312 non
1718 272 1875 322 habet,

239 351 362 403 quod
384 351 482 401 ipsa
505 359 612 388 cum
632 347 724 388 filia
747 347 1008 399 spiritualia
1029 347 1256 386 exercitia
1283 346 1440 386 facere
1460 344 1620 392 velint,
1646 343 1692 382 in
1714 343 1879 394 quibus

239 423 280 462 ei
301 420 530 461 Dominus
553 419 668 459 satis
690 420 834 458 multa
857 418 1051 458 confert.
1078 417 1207 468 Quae
1234 422 1366 457 tanta
1387 421 1456 455 est
1484 415 1531 455 in
1557 420 1769 454 nostram
1799 411 1877 452 So-

239 494 455 533 cietatem
477 490 620 530 animi
638 490 970 542 propensione,
994 494 1064 538 ut,
1096 500 1202 528 cum
1222 488 1281 528 ad
1308 499 1411 527 eam
1437 486 1560 526 idern
1588 485 1726 524 Pater
1748 494 1877 523 exer—

239 563 349 603 citia
369 562 630 602 traditurus
651 561 867 610 accedat,
900 559 1055 600 Patris
1085 570 1252 599 manus
1280 558 1399 598 filios
1420 555 1809 606 oscularijubeat,
1832 560 1882 594 ut

238 633 326 685 ipsi
347 633 509 673 eodem
530 632 799 672 imbuantur
821 631 1087 671 devotionis
1108 629 1521 680 venerationisque
1549 626 1733 666 affectu.
1757 624 1883 664 Satis

239 705 380 744 etiam
402 714 627 754 magnum
650 708 694 742 et
713 702 922 753 Reginae
945 708 989 741 et
1013 712 1198 750 earum,
1223 711 1341 752 quae
1363 699 1405 739 ei
1426 697 1705 747 inserviunt,
1730 696 1777 735 in
1796 707 1882 735 nos

241 786 448 814 amorem
483 773 528 813 id
561 773 846 823 declaravit,
876 771 1024 824 quod,
1057 783 1163 812 curn
1189 770 1392 822 quodam
1421 769 1493 809 die
1523 767 1710 808 veneris
1745 765 1883 806 Pater

241 845 525 886 Gondizalus
556 844 660 884 Vaz
683 844 925 884 doctrinae
953 843 1240 883 christianae
1266 841 1515 881 lectionem
1541 850 1654 879 casu
1681 837 1883 889 quodam

240 929 333 956 non
353 916 615 966 habuisset,
648 922 814 967 postea
841 922 1000 954 tamen
1032 926 1059 953 a
1088 913 1270 964 Regina
1297 918 1513 963 rogatus,
1543 911 1661 950 hora
1685 909 1801 960 jam,
1834 913 1883 947 ut

242 987 395 1037 credo,
422 987 606 1039 quinta,
631 998 737 1026 cum
759 996 934 1035 magna
956 984 1166 1025 omnium
1186 983 1364 1023 laetitia
1386 981 1630 1033 praelegit.
1655 979 1729 1020 Ad
1746 989 1885 1030 quam

241 1060 341 1110 ipsa
363 1058 545 1109 Regina
569 1069 624 1097 ac
645 1057 806 1097 Infans
827 1056 910 1096 D?
932 1055 1106 1106 Maria,
1133 1066 1239 1095 cum
1255 1053 1352 1106 jam
1369 1054 1415 1093 in
1441 1052 1594 1093 medio
1611 1051 1707 1091 fere
1728 1062 1883 1090 versa-

243 1136 385 1179 retur,
413 1128 697 1168 audiendum
719 1128 863 1167 venit.

321 1200 485 1240 Patres
507 1210 668 1240 omnes
692 1199 756 1239 ita
785 1197 1160 1239 confessionibus
1188 1195 1431 1236 audiendis
1459 1200 1567 1234 sunt
1596 1192 1804 1244 impediti
1834 1198 1884 1231 ut

242 1272 323 1311 vix
345 1271 448 1311 aliis
469 1271 557 1322 piis
579 1270 785 1310 externis
807 1269 1024 1321 operibus
1051 1279 1226 1308 vacare
1246 1266 1442 1318 possint.
1474 1264 1603 1316 Quae
1633 1271 1813 1313 tamen,
1847 1263 1884 1302 si

243 1343 428 1395 quando
464 1342 571 1382 licet
608 1342 731 1391 (licet
767 1347 924 1381 autem
957 1340 1193 1392 perraro),
1231 1350 1325 1378 non
1360 1336 1591 1377 omittunt.
1633 1335 1728 1375 Vix
1763 1333 1886 1373 enim

243 1419 469 1466 quotquot
499 1413 623 1453 dorni
655 1412 898 1461 adsumus,
940 1411 1175 1460 omnibus,
1213 1410 1292 1460 qui
1326 1408 1386 1448 ad
1414 1413 1626 1447 nostrum
1661 1405 1884 1456 templum

243 1490 437 1536 peccata
460 1484 633 1524 fassuri
655 1483 909 1532 accedunt,
934 1481 1208 1523 satisfacere
1234 1489 1502 1532 possumus;
1528 1489 1645 1529 quae
1668 1475 1884 1516 confiten-

243 1556 359 1596 tium
379 1555 624 1595 multitudo
647 1555 711 1594 ita
732 1554 1010 1605 praesertim
1032 1559 1232 1604 quatuor
1259 1551 1331 1590 his
1360 1549 1596 1590 mensibus
1628 1553 1765 1588 aucta
1798 1552 1882 1596 est,

244 1638 350 1667 cum
377 1633 564 1678 praeter
588 1625 843 1678 jubilaeum
874 1625 931 1665 ob
966 1623 1166 1674 Angliae
1202 1621 1560 1662 conversionem
1594 1619 1809 1668 missum,
1841 1623 1885 1657 et

244 1698 677 1750 quadragesimam,
718 1697 968 1736 nonnullas
1004 1695 1144 1735 etiam
1179 1692 1493 1743 indulgentias
1528 1690 1686 1731 Infans
1725 1688 1881 1729 Cardi-

243 1769 362 1808 nalis
384 1768 689 1818 concesserit;
722 1773 769 1808 ut
796 1772 926 1807 tanta
953 1766 1049 1805 fere
1079 1774 1414 1815 nonnunquam
1444 1762 1686 1802 hominurn
1715 1760 1774 1799 ad
1796 1770 1882 1799 nos

244 1839 489 1880 multitudo
526 1839 585 1879 ad
618 1844 812 1891 peccata
839 1836 1029 1878 fatenda
1061 1835 1304 1877 accederet
1335 1839 1511 1885 quanta
1538 1832 1597 1872 ad
1630 1831 1882 1871 conciones

245 1910 500 1951 audiendas
522 1910 756 1950 confluere
785 1909 922 1949 solita
954 1913 1075 1958 erat;
1106 1913 1150 1948 et
1177 1913 1365 1959 praeter
1386 1903 1782 1956 quamplurimos,
1808 1902 1885 1952 qui

245 1983 371 2022 hisce
399 1981 688 2032 temporibus
718 1979 1044 2020 Eucharistiae
1073 1978 1431 2019 Sacramentum
1458 1974 1772 2026 accipiebant,
1807 1972 1883 2012 du-

245 2053 381 2103 centi,
405 2063 745 2104 nonnunquam
765 2051 906 2091 etiam
926 2050 1143 2099 trecenti,
1169 2049 1330 2089 diebus
1352 2046 1597 2087 dominicis
1625 2057 1680 2084 ac
1702 2043 1884 2083 festivis

246 2125 368 2164 idern
387 2124 635 2164 faciebant.
669 2123 847 2174 Quibus
868 2122 1050 2171 diebus,
1083 2120 1328 2161 dominicis
1349 2118 1550 2167 scilicet,
1576 2122 1761 2156 centum
1787 2115 1883 2154 fere

246 2207 428 2247 semper
450 2202 493 2235 et
515 2195 829 2246 quadraginta
853 2192 1213 2234 communicant.
1237 2191 1298 2231 Ut
1315 2189 1413 2241 jam
1441 2190 1542 2229 aliis
1564 2186 1884 2228 hebdomadae

246 2266 406 2306 diebus
428 2272 625 2318 peccata
645 2265 920 2306 confitentes
941 2263 1172 2312 omittam,
1199 2262 1278 2314 qui
1298 2260 1675 2302 trecentesimum
1692 2257 1788 2298 fere
1806 2258 1885 2297 im-

246 2338 371 2388 plent
392 2348 650 2377 numerum.
676 2335 951 2377 Ardentiori
971 2340 1128 2374 tamen
1149 2333 1352 2385 quodam
1371 2332 1559 2372 fervore
1589 2336 1758 2370 octava
1780 2328 1885 2368 festi

246 2408 545 2448 Pentecostes
566 2414 805 2459 postrema
828 2418 988 2447 omnes
1009 2405 1188 2445 incensi
1216 2411 1355 2456 atque
1385 2401 1661 2443 inflammati
1689 2406 1809 2439 sunt.
1834 2399 1883 2439 In
1914 2433 1918 2439 .

247 2492 336 2531 qua
368 2478 416 2520 P.
445 2479 732 2520 Gondizalus
760 2478 1023 2518 doctrinam
1049 2475 1366 2517 Christianam
1394 2484 1566 2524 magno
1595 2483 1700 2512 cum
1730 2471 1887 2522 populi

248 2562 479 2591 concursu
502 2563 556 2590 ac
584 2556 713 2590 tanto
744 2549 974 2600 praelegit
1000 2548 1207 2597 fervore,
1236 2552 1286 2585 ut
1318 2545 1449 2585 multi
1479 2543 1816 2594 indulgentias,
1841 2541 1887 2580 in

248 2622 366 2662 festo
399 2621 621 2672 Corporis
649 2620 825 2661 Christi
852 2630 1126 2666 concessaS,
1159 2623 1355 2669 peccata
1381 2616 1584 2656 fatentes
1609 2622 1653 2654 et
1683 2624 1886 2653 commu-

250 2693 484 2743 nicantes,
514 2698 601 2732 etc.
636 2691 860 2743 consequi
893 2695 1167 2730 statuerent.
1206 2687 1290 2727 His
1322 2687 1498 2738 itaque,
1529 2685 1582 2725 R„
1617 2685 1664 2724 in
1699 2683 1885 2724 Christo

250 2763 403 2814 Pater,
436 2763 844 2814 occupationibus,
883 2760 1033 2801 nostri
1066 2759 1224 2810 templi
1244 2764 1526 2808 nostraeque
1560 2755 1783 2796 Societati
1812 2755 1888 2795 vel

251 2834 453 2874 maxime
474 2834 698 2885 propriis,
722 2839 850 2873 tanto
874 2843 979 2872 curn
1000 2831 1263 2870 animarum
1292 2829 1446 2869 fructu
1472 2837 1698 2867 vacamus
1728 2836 1888 2865 omnes

252 2911 476 2956 quantum
496 2904 633 2944 facile
664 2916 722 2943 ex
752 2902 1123 2944 confessionibus
1154 2900 1421 2951 perspicere
1452 2898 1637 2938 cuilibet
1667 2897 1788 2936 licet.
1818 2896 1886 2936 Ita

251 2981 408 3015 tamen
430 2976 501 3015 his
523 2975 845 3026 distringimur
867 2980 917 3014 ut
938 2973 1014 3025 pia
1037 2972 1127 3012 alia
1145 2983 1287 3023 opera
1305 2980 1540 3020 exercere,
1559 2968 1647 3008 etsi
1663 2967 1710 3007 id
1727 2978 1887 3007 omnes
