2080 3392
320 190 389 227 692
831 187 1057 224 LITTERAE
1085 197 1441 229 QUADRIMEsTREs

321 288 472 327 minus
500 296 622 324 anno
652 284 742 323 illis
773 284 819 323 in
848 283 1092 323 dialectica
1126 284 1304 323 versati
1331 284 1443 334 sint,
1475 289 1656 323 tantum
1686 289 1842 323 tamen
1873 296 1952 324 eos

322 356 534 396 doctrina
568 360 791 406 superant
818 360 866 394 ut
895 360 1174 405 praeceptor
1203 354 1403 405 plurima
1426 365 1480 394 ac
1510 353 1713 393 difficilia
1742 366 1952 406 quaeque

321 427 492 466 tuenda
515 426 580 465 eis
603 425 877 465 committat.
912 424 1042 475 Quae
1063 425 1127 464 illi
1149 436 1254 464 cum
1276 436 1447 475 magno
1469 424 1515 464 in
1536 436 1586 464 re
1607 424 1818 464 literaria
1850 437 1952 476 pro-

321 497 445 537 fectu
466 503 510 536 et
533 508 639 536 cum
667 496 874 536 omnium
900 495 1224 536 aedificatione
1257 496 1337 544 (ob
1368 495 1492 547 quod
1519 495 1619 535 Deo
1651 496 1833 546 gratias
1860 496 1953 547 agi-

323 567 446 617 mus)
483 572 789 618 exequuntur.
830 566 1166 607 Conclusiones
1200 566 1270 606 bis
1304 566 1501 616 singulis
1536 565 1842 606 hebdomadis
1876 577 1954 618 pu-

322 639 439 678 blice
478 641 679 678 tuentur.
722 637 900 677 Diebus
938 637 1139 688 primum
1173 637 1432 677 sabbatinis
1467 637 1514 676 in
1554 636 1761 687 Collegio
1796 636 1953 688 Regis,

322 709 568 750 dominicis
605 720 720 748 vero
759 709 1079 759 pomeridiano
1120 714 1328 760 tempore
1367 707 1414 747 in
1453 713 1642 747 nostro:
1689 707 1761 747 his
1801 713 1956 747 autem

322 780 699 820 conclusionibus
739 779 1113 831 quotidianisque
1152 784 1397 830 praeterea
1436 778 1829 830 disputationibus
1867 778 1955 818 fra-

322 857 392 891 ter
413 851 617 902 quidam,
640 850 893 890 Alfonseca
915 851 1115 900 nomine,
1136 850 1214 901 qui
1235 850 1358 890 idem
1379 850 1445 889 eis
1467 849 1690 900 Logicem
1712 849 1955 901 praelegit,

323 934 429 962 cum
454 933 628 972 magno
655 921 898 961 doctrinae
933 922 1243 971 incremento,
1281 926 1481 972 praeest.
1515 920 1590 960 Ad
1627 931 1743 972 quas
1773 919 1958 971 quidem

323 993 648 1033 conclusiones
669 992 801 1032 multi
823 1004 880 1032 ex
907 992 1113 1032 externis
1142 991 1456 1042 scholasticis,
1488 991 1567 1043 qui
1594 997 1639 1031 et
1666 991 1712 1030 in
1739 991 1884 1030 literis
1914 997 1958 1030 et

323 1065 369 1104 in
389 1075 571 1104 morum
593 1064 902 1104 sanctimonia
926 1062 1127 1114 majores
1149 1069 1311 1115 optant
1333 1074 1613 1114 progressus
1634 1062 1804 1113 facere,
1829 1074 1958 1102 acce-

324 1135 456 1185 dunt;
481 1135 645 1186 quibus
672 1135 916 1186 absolutis,
942 1141 1102 1175 nostro
1130 1134 1176 1174 in
1204 1135 1376 1174 sacello
1400 1133 1686 1174 christianae
1718 1133 1959 1173 doctrinae

324 1206 570 1246 lectionem
592 1206 801 1246 audiunt.

402 1277 473 1317 Ex
496 1277 670 1317 nostris
692 1276 948 1316 dialecticis
970 1275 1185 1316 undecim
1202 1276 1310 1326 (alio
1333 1275 1501 1326 adhuc,
1527 1275 1650 1327 quod
1672 1279 1955 1325 aegrotaret,

324 1348 448 1387 domi
482 1347 773 1397 remanente)
802 1347 985 1398 publice
1020 1347 1066 1386 in
1097 1347 1415 1387 Universitate
1443 1345 1502 1385 ad
1529 1345 1959 1386 Bacchalaureatus

322 1419 523 1470 gradum
558 1418 907 1470 suscipiendum
941 1418 1198 1458 examinati
1227 1423 1347 1457 sunt.
1379 1417 1467 1468 Qui
1497 1429 1602 1457 cum
1632 1416 1958 1456 examinatori·

323 1490 409 1530 bus
436 1502 531 1529 non
565 1501 732 1541 parum
758 1490 1066 1541 placuissent,
1100 1489 1285 1540 iamque
1320 1488 1409 1528 illis
1435 1488 1612 1539 gradus
1644 1494 1765 1527 esset
1797 1498 1958 1527 conce-

323 1561 520 1610 dendus,
552 1560 850 1611 venissetque
880 1560 939 1600 ad
966 1560 1068 1600 illos
1096 1560 1251 1599 scriba
1286 1565 1335 1599 ut
1364 1559 1551 1599 solitum
1577 1559 1706 1610 prius
1733 1558 1956 1598 iusiuran-

323 1632 432 1672 dum
454 1632 736 1681 emitterent,
761 1631 930 1682 gradui
953 1630 1263 1670 obedientiam
1284 1629 1626 1682 praeferentes,
1660 1629 1705 1669 id
1726 1629 1862 1669 facile
1891 1641 1958 1668 re-

324 1708 567 1753 cusarunt,
598 1713 863 1753 magnaque
892 1713 996 1741 cum
1026 1702 1232 1741 omnium
1259 1700 1583 1740 aedificatione
1613 1711 1683 1748 se,
1713 1699 1802 1739 nisi
1828 1699 1958 1751 prius

323 1773 509 1813 Patrem
544 1785 599 1812 ea
635 1772 689 1813 de
723 1784 773 1813 re
809 1773 1126 1823 consulerent,
1165 1772 1403 1812 iuraturos
1437 1778 1684 1822 negarunt.
1728 1770 1957 1811 Postridie

322 1856 435 1884 vero
464 1844 562 1895 ejus
593 1844 703 1891 diei,
737 1850 835 1883 tum
869 1843 1203 1883 Universitatis
1238 1842 1424 1891 Rector,
1463 1849 1561 1882 tum
1593 1842 1954 1890 examinatores,

322 1921 419 1955 tum
445 1915 542 1965 alii,
568 1915 644 1966 qui
667 1913 763 1965 ejus
786 1914 851 1954 rei
873 1926 1035 1954 curam
1054 1914 1302 1965 gerebant,
1325 1913 1546 1964 gradum,
1571 1913 1610 1952 si
1628 1912 1842 1963 accipere
1863 1913 1956 1951 vel-

321 1988 437 2035 lent,
463 1986 685 2037 privatim
706 1997 755 2025 se
777 1997 1083 2025 concessuros
1104 1996 1187 2036 per
1212 1985 1424 2024 nuntium
1447 1984 1639 2036 polliciti
1661 1989 1782 2023 sunt.

401 2058 532 2098 Unus
554 2070 610 2097 ex
633 2057 726 2108 his,
750 2057 830 2108 qui
851 2057 997 2096 literis
1018 2062 1189 2096 vacant
1217 2055 1592 2105 humanioribus,
1625 2055 1846 2095 Nicolaus
1878 2066 1956 2094 no-

323 2128 463 2175 mine,
490 2129 535 2167 in
563 2127 771 2178 Collegio
799 2127 942 2178 Regis
972 2127 1153 2178 publice
1183 2138 1263 2178 per
1292 2126 1436 2166 horae
1471 2126 1695 2176 spatium,
1730 2125 1954 2165 intermis-

321 2200 385 2239 sis
419 2200 478 2239 ad
518 2199 563 2239 id
601 2199 900 2249 lectionibus,
943 2209 1115 2249 magno
1157 2198 1421 2237 auditorum
1461 2209 1655 2237 numero
1690 2208 1956 2248 magnaque

323 2271 529 2310 omnium
546 2270 883 2321 approbatione
907 2269 1167 2309 orationem
1190 2269 1364 2309 habuit.

401 2340 530 2391 Quae
560 2342 644 2391 ita,
678 2340 954 2391 praesertim
991 2339 1386 2391 gymnasiarchae
1422 2340 1615 2391 aliisque
1643 2338 1955 2390 praeceptori-

321 2412 406 2451 bus
426 2412 622 2463 placuit,
646 2418 695 2451 ut
719 2423 881 2451 eorum
911 2422 1030 2450 unus
1061 2411 1122 2450 ibi
1149 2411 1331 2461 publice
1362 2412 1456 2450 alta
1486 2423 1603 2450 voce
1634 2422 1752 2462 quae
1782 2410 1829 2449 in
1860 2421 1954 2449 ma-

317 2493 459 2532 gnam
490 2483 635 2533 ipsius
666 2482 851 2521 laudem
883 2487 1134 2532 vergerent
1166 2481 1350 2521 dixerit.
1385 2480 1552 2521 Postea
1587 2487 1630 2521 et
1660 2480 1953 2532 gymnasiar-

318 2552 405 2592 cha
442 2560 484 2592 et
520 2559 876 2604 praeceptoreS,
915 2552 1123 2591 nonnulli
1155 2552 1294 2591 etiam
1327 2552 1597 2592 scholastici
1633 2563 1687 2591 ac
1720 2551 1950 2601 monachi,

317 2624 543 2663 orationis
565 2624 651 2663 sibi
673 2624 915 2674 exemplar
937 2622 1283 2662 accommodari
1305 2623 1419 2662 satis
1443 2623 1797 2662 contenderunt.

393 2693 466 2733 Ad
490 2695 760 2744 conciones,
793 2706 910 2745 quae
940 2694 985 2733 in
1016 2700 1177 2733 nostro
1209 2695 1380 2733 sacello
1413 2694 1574 2733 diebus
1607 2705 1790 2744 semper
1812 2691 1952 2732 domi-

314 2765 429 2804 nicis
451 2776 505 2804 ac
527 2765 708 2805 festivis
730 2766 981 2814 habentur,
1006 2764 1065 2803 ad
1087 2764 1371 2804 christianae
1403 2765 1544 2804 etiam
1572 2763 1837 2814 doctrinae,
1862 2763 1951 2802 die-

313 2835 397 2874 bus
424 2836 533 2874 item
564 2835 830 2885 dominicis,
865 2835 1184 2886 pomeridiano
1217 2840 1447 2886 tempore,
1479 2834 1845 2885 praelectionem
1874 2845 1950 2873 au-

311 2904 534 2945 dientium
555 2917 797 2956 numerus,
822 2912 1046 2957 quantum
1073 2912 1283 2945 nostrum
1313 2906 1536 2945 sacellum
1563 2905 1710 2956 capit,
1744 2904 1948 2944 confiuit.

312 2975 535 3027 Multique
558 2983 664 3016 sunt
686 2977 763 3028 qui
786 2977 831 3016 id
854 2977 900 3016 in
922 2976 1042 3016 votis
1066 2976 1267 3015 habeant
1289 2983 1337 3015 ut
1360 2976 1484 3016 aliud
1515 2976 1665 3016 denuo
1687 2976 1775 3015 hoc
1797 2973 1946 3025 majus
