2080 3392
833 197 915 234 AN.
945 197 1039 235 1553
1694 201 1759 237 179

113 295 322 332 caeteros
342 303 504 331 omnes
524 292 772 342 modestia,
793 296 836 332 et
857 294 1048 332 tandem
1065 293 1343 334 deliberavit
1365 294 1414 333 ln
1436 295 1641 345 quodam
1664 308 1757 335 neo-

115 361 324 402 nasterc'o
347 361 394 401 in
417 362 512 402 Dei
527 363 656 403 cultu
679 364 829 403 vl'tcnn
850 376 1010 414 agere.
1042 364 1171 404 Haec
1200 366 1311 405 urbs
1338 373 1528 417 stupore
1558 366 1758 407 afficitur

117 445 223 474 cum
245 433 361 473 haec
384 433 605 483 intuetur,
626 441 670 474 et
687 435 914 486 imprimis
933 448 1038 475 cum
1056 439 1204 476 cernit
1224 436 1499 477 modestiam
1516 438 1760 478 scholasti-

120 515 296 552 corum,
330 505 551 554 qnoniam
580 512 878 557 summopere
907 507 982 546 ln's
1002 507 1228 557 partibus
1255 508 1572 549 desideratur.
1599 509 1759 549 Homi-

120 587 204 615 nes
224 575 410 626 qm‘n'em
431 576 622 616 honesti
639 584 826 617 nostros
849 590 1003 618 mores
1026 586 1069 617 et
1087 579 1297 618 instituta
1316 579 1662 632 commendant3
1681 581 1761 621 im-

118 646 390 699 probissimi
411 651 568 687 autem
586 648 856 699 vituperant
873 653 915 688 et
933 649 982 688 ln
1004 649 1235 688 l'nw'dz'mn
1253 654 1424 689 vocant
1447 662 1501 690 ac
1518 663 1605 691 nos
1623 659 1666 691 et
1684 664 1762 703 pa-

119 718 232 757 riter
254 717 509 769 discipulos
531 719 903 759 dissimulatores
924 720 1150 760 vocitant.
1173 721 1276 760 Nos
1303 725 1459 763 antem
1480 723 1634 774 par-vi
1649 729 1761 774 pen-

118 788 276 828 dimus
298 790 444 828 verba
465 801 627 829 eornm
649 802 704 829 ac
723 790 990 830 maledicta.

197 858 367 899 Habita
390 867 459 900 est
481 861 527 900 in
549 868 712 901 nostro
736 863 907 913 templo
931 863 1082 902 oratio
1110 864 1277 914 latina,
1309 876 1402 915 qua
1430 872 1528 905 tum
1557 866 1761 917 explica·

117 932 312 970 cabatur
334 943 465 971 mens
487 938 531 971 et
554 932 737 972 animus
759 931 951 973 Patrum
971 934 1018 973 in
1041 933 1263 985 Collegiis
1284 937 1642 987 construendis,
1664 944 1763 977 tum

115 1002 235 1042 ratio
257 1000 506 1042 Societatis
529 1003 574 1042 in
596 1003 884 1044 instituenda
906 1005 1163 1056 iuventute,
1188 1012 1286 1046 tum
1316 1007 1470 1047 studia
1499 1008 1763 1048 humanita-

117 1073 175 1113 tis
201 1079 245 1113 et
277 1073 592 1124 ingenuarum
624 1075 794 1115 artium
823 1076 1137 1117 laudabantur
1165 1085 1210 1117 et
1238 1078 1297 1118 ad
1325 1089 1404 1118 eas
1431 1080 1763 1131 percipiendas

118 1144 400 1184 incitabatur
423 1146 655 1196 iuventus,
682 1147 755 1186 cui
777 1147 983 1187 interfuit
1012 1148 1272 1200 Episcopus
1303 1148 1310 1167 ¹
1341 1157 1385 1190 et
1413 1151 1601 1202 plurimi
1629 1163 1764 1192 cano-

118 1216 225 1266 nici,
257 1218 438 1267 equites
468 1225 511 1257 et
541 1218 684 1258 cives.
715 1217 893 1258 Verum
921 1220 1143 1270 quoniam
1171 1221 1217 1260 in
1248 1221 1386 1261 huius
1414 1222 1766 1273 vigilantissimi

117 1288 322 1339 pastoris
345 1299 610 1329 sermonem
631 1289 788 1337 incidi,
813 1302 906 1330 non
928 1292 1222 1331 committam
1239 1293 1350 1344 quin
1366 1305 1556 1334 narrem
1575 1306 1665 1346 quo
1685 1306 1763 1347 pa-

120 1363 218 1409 cto,
250 1364 300 1398 ut
326 1359 529 1411 primum
558 1361 605 1400 in
632 1360 755 1401 hanc
790 1361 953 1401 urbem
980 1362 1183 1413 ingressi
1218 1375 1392 1415 sumus,
1425 1377 1512 1405 nos
1539 1371 1767 1417 tanquam

120 1429 237 1470 filios
257 1431 464 1471 maximo
487 1443 648 1472 amore
672 1434 960 1484 complexus,
985 1435 1120 1474 nobis
1143 1446 1191 1474 se
1212 1441 1362 1476 totum
1379 1448 1438 1476 ex
1459 1437 1616 1478 animo
1639 1438 1765 1477 obtu-

119 1501 169 1541 lit
197 1508 242 1542 et
271 1502 476 1542 studium
511 1515 647 1543 suum
682 1505 917 1555 pollicitus
947 1512 1031 1557 est;
1070 1507 1195 1557 quod
1224 1507 1410 1558 quidem
1438 1513 1600 1559 aperte
1628 1510 1765 1549 modo

48 1570 53 1575 ’
113 1572 409 1624 perspicitur
435 1574 482 1613 in
504 1586 617 1615 cura
640 1583 685 1615 et
707 1576 1035 1627 sollicitudine,
1056 1589 1198 1628 quam
1219 1578 1266 1618 in
1283 1579 1421 1619 rebus
1439 1580 1612 1620 nostris
1629 1592 1766 1631 agen-

120 1643 189 1684 dis
211 1645 419 1697 suscipit.
454 1644 551 1686 Iam
573 1647 644 1686 bis
665 1653 797 1687 terve
818 1648 979 1688 invisit
1001 1649 1227 1699 scholam,
1251 1661 1307 1690 ac
1328 1662 1501 1702 magno
1530 1652 1765 1703 perfundi-

119 1722 192 1755 tur
211 1717 385 1767 gaudio
408 1729 515 1757 cum
538 1730 713 1769 pueros
735 1725 868 1760 tanta
895 1720 1158 1761 humilitate
1186 1728 1230 1761 et
1257 1722 1431 1773 pietate
1462 1732 1654 1765 ornatos
1682 1725 1767 1765 cir-

120 1788 398 1839 cumspiciat
419 1801 505 1829 nec
524 1801 618 1829 non
635 1790 761 1831 haud
779 1803 980 1842 parvum
998 1804 1057 1832 ex
1077 1793 1225 1833 literis
1242 1806 1322 1834 eos
1344 1794 1541 1835 naurire
1562 1796 1766 1837 fructum

116 1858 360 1911 intelligat.
383 1859 510 1901 Solet
530 1873 882 1914 nonnumquam
904 1864 1060 1904 dicere
1081 1866 1269 1906 nomine
1291 1866 1534 1908 doctrinae
1557 1870 1759 1909 virtutes

119 1942 219 1971 esse
240 1931 530 1972 inserendas.
553 1932 596 1973 Is
617 1934 776 1985 itaque
798 1934 845 1974 in
868 1936 1050 1975 cunctis
1072 1936 1210 1976 rebus
1238 1938 1372 1977 nobis
1401 1950 1537 1990 opem
1565 1944 1611 1979 et
1637 1940 1765 1979 saln-

118 2006 208 2042 tem
229 2003 332 2051 fert,
358 2016 413 2044 ac
434 2005 510 2044 ille
532 2005 734 2056 quidem,
759 2007 799 2046 si
821 2007 996 2047 divitiis
1019 2015 1063 2047 et
1081 2008 1239 2049 mundi
1258 2010 1424 2060 opibus
1442 2011 1667 2063 afflueret,
1686 2024 1765 2052 no-

118 2074 186 2114 bis
206 2086 399 2126 prorsus
426 2076 693 2117 consuleret
722 2081 766 2117 et
796 2090 873 2118 res
900 2080 1196 2120 necessarias
1220 2082 1516 2132 elargiretur.
1554 2083 1619 2123 At
1650 2096 1764 2123 vero

117 2157 201 2196 pro
222 2147 317 2186 suis
338 2147 538 2188 fortunis
559 2149 609 2190 in
631 2161 718 2189 nos
740 2150 944 2190 maxima
968 2151 1148 2191 confert
1171 2152 1409 2193 beneficia.
1436 2153 1616 2194 Verum
1639 2162 1687 2194 ut
1705 2155 1764 2194 ad

118 2216 178 2267 id,
202 2218 322 2258 unde
343 2218 551 2270 discessi,
575 2228 805 2271 revertar,
832 2222 983 2262 oratio
1007 2223 1169 2263 habita
1197 2225 1316 2264 adeo
1343 2226 1541 2276 placuit,
1572 2230 1625 2265 nt
1653 2227 1764 2277 Epi-

118 2294 289 2340 scopus
309 2290 498 2332 diceret:
523 2291 571 2332 Si
595 2294 929 2344 cognovissem
950 2306 1049 2334 rem
1072 2301 1168 2334 tam
1191 2302 1297 2347 apte
1319 2303 1363 2336 et
1386 2304 1549 2337 ornate
1568 2297 1763 2338 efficien-

121 2359 242 2409 dam,
267 2373 606 2404 convocassem
629 2365 808 2416 (inquit)
832 2365 1105 2406 universum
1126 2368 1365 2418 populum.
1397 2367 1559 2408 Oratio
1583 2370 1763 2409 satisfe-

121 2431 182 2471 cit
202 2433 341 2473 etiam
363 2435 559 2486 civibus,
585 2436 669 2487 qni
686 2448 788 2476 eam
811 2437 1122 2478 audiverunt.
1146 2438 1366 2479 Nonnulli
1383 2451 1494 2479 vero
1513 2441 1590 2491 qui
1607 2441 1763 2481 hacte-

121 2514 206 2544 nus
237 2505 342 2545 odio
369 2517 454 2546 nos
482 2508 906 2559 prosequebantur,
941 2520 1067 2548 nnnc
1097 2522 1209 2550 vero
1239 2518 1346 2550 sunt
1376 2511 1509 2551 nobis
1538 2512 1677 2551 amici
1708 2524 1763 2552 ac

122 2575 284 2616 studiis
305 2577 479 2617 nostris
500 2578 676 2618 favent.
703 2579 927 2620 Oratione
949 2581 1094 2632 igitur
1116 2588 1351 2633 perorata,
1377 2582 1566 2633 quidam
1587 2583 1666 2622 *vir
1686 2583 1763 2622 leo-

123 2651 325 2687 noratus
346 2648 463 2688 adeo
484 2649 569 2689 fuit
590 2658 854 2691 commotus
875 2659 925 2692 ut
946 2653 1009 2691 ad
1027 2653 1195 2702 fletum.
1223 2664 1336 2704 prae
1364 2653 1537 2703 gaudio
1565 2655 1763 2694 adduce-

122 2721 257 2757 retur
276 2730 331 2758 (ιε
355 2721 512 2771 palam
539 2721 805 2772 predicaret
832 2722 1062 2763 Mutinam
1089 2723 1214 2764 haud
1247 2724 1438 2775 dignam
1468 2737 1570 2766 esse
1599 2734 1762 2766 nostra

123 2791 458 2831 consuetudine
479 2798 523 2831 et
545 2793 726 2843 studiis,
753 2794 923 2845 quippe
954 2807 1059 2835 cum
1090 2796 1245 2835 locum
1274 2797 1640 2837 commodiorem
1671 2810 1763 2838 non

123 2861 381 2910 praeberet.
415 2862 667 2904 Praeterea
698 2875 800 2904 sese
833 2871 980 2905 totum
1011 2878 1184 2917 magna
1219 2868 1392 2907 amoris
1420 2868 1764 2920 significatione

178 3023 188 3042 ¹
227 3023 394 3058 Aegidius
409 3024 604 3057 Foscarari‚
623 3024 659 3052 O.
677 3025 712 3052 P.
