2080 3392
866 166 948 203 Ax.
981 165 1071 202 1553
1713 165 1786 202 399

145 265 410 315 baptizatae
431 269 552 303 sunt.
576 262 627 302 In
648 274 829 303 summa
860 263 924 302 ita
954 261 1002 301 fit
1029 268 1077 302 ut
1105 268 1201 302 tota
1230 262 1344 302 urbe
1374 262 1490 302 bene
1518 261 1677 301 audiat
1708 261 1783 301 hic

145 337 295 385 locus,
320 340 369 374 ut
391 334 531 374 etiam
551 334 701 374 exteri
722 345 771 374 se
793 334 929 374 malle
951 333 1198 374 Messanae
1219 333 1433 373 habitare
1454 339 1499 373 et
1528 332 1787 372 familiares

145 407 270 446 alere
292 416 433 457 quam
454 416 559 445 cum
590 405 686 445 suis
713 405 894 445 civibus
924 410 1172 455 testentur,
1206 404 1329 456 quod
1356 405 1449 444 illic
1478 415 1527 444 se
1554 404 1785 444 hactenus

146 484 368 525 mortuos,
392 477 467 517 hic
488 476 676 516 tandem
697 487 1002 527 recuperasse
1022 476 1169 516 vitam
1192 476 1469 527 intelligant.

227 548 288 588 Hi
316 552 596 599 proventus,
627 547 666 586 si
699 546 774 586 cui
800 546 920 586 forte
951 546 1126 597 aliquid
1153 558 1255 586 esse
1282 547 1583 594 videbuntur,
1614 546 1785 586 habeat

153 620 228 660 ille
268 618 452 671 quidem
488 618 690 658 fortasse
727 617 849 668 quod
879 622 1119 666 causetur,
1162 617 1249 657 soli
1295 623 1540 668 naturam;
1584 616 1666 657 sed
1706 617 1787 668 qui

147 691 324 731 cultum
358 689 599 741 inspiciat,
633 688 829 728 miretur
862 687 1018 739 potius
1045 694 1141 727 tam
1168 699 1270 727 esse
1304 688 1638 739 poenitendum
1661 689 1786 740 quic-

146 761 256 814 quid
291 761 366 801 1110
400 760 464 800 fit.
501 759 655 800 Festis
690 759 852 799 diebus
883 764 927 799 et
957 758 1206 799 dominicis
1236 760 1506 807 conciones;
1540 766 1604 810 et,
1635 772 1662 800 a
1694 772 1784 799 me-

144 833 282 882 ridie,
307 832 437 872 Pauli
458 831 673 883 Apostoli
694 830 942 881 lectiones;
965 830 1129 870 diebus
1158 831 1368 880 veneriS,
1399 831 1615 881 decalogi
1643 843 1785 883 expo-

143 904 271 954 sitio;
296 909 465 955 quarta
487 914 671 954 quoque
697 901 839 952 feria,
869 912 1065 941 casuum
1089 901 1406 941 conscientiae
1436 902 1483 941 in
1514 903 1686 953 templo
1709 903 1782 942 de-

143 974 338 1014 claratio
356 986 363 1014 :
388 973 506 1014 adde
528 979 572 1013 et
592 973 860 1024 frequentes
882 972 1006 1023 apud
1027 971 1286 1012 monachas
1307 973 1681 1023 cohortationes,
1706 987 1784 1014 va-

141 1046 212 1085 ria
251 1045 503 1097 colloquia,
547 1044 798 1084 multorum
840 1043 1209 1093 admonitiones3
1247 1054 1309 1083 an
1345 1055 1439 1083 non
1474 1044 1564 1083 ista
1604 1044 1788 1084 efficere

142 1117 357 1157 debuisse
378 1116 660 1156 videbuntur
682 1121 731 1155 ut
752 1115 911 1155 divino
934 1126 1094 1155 amore
1125 1115 1295 1155 civitas
1324 1115 1512 1155 arderet
1540 1116 1786 1156 universa?

141 1188 211 1228 Tu
232 1194 410 1237 tamen,
432 1187 572 1228 Pater
593 1187 787 1238 optime,
819 1187 957 1236 haec,
987 1193 1242 1238 utcumque
1265 1193 1393 1237 sunt,
1423 1186 1575 1227 facilis
1604 1188 1781 1239 accipe,

142 1260 329 1311 quando
350 1260 485 1310 plura
507 1258 674 1299 offerre
696 1270 789 1298 non
811 1268 1084 1309 possumus;
1109 1263 1154 1297 et
1175 1264 1288 1309 quot
1318 1264 1554 1309 superest,
1583 1259 1787 1309 benigne

146 1331 355 1371 adverte.

222 1402 273 1442 In
307 1401 480 1442 scholis
503 1402 660 1441 omnia
688 1413 773 1452 pro
802 1412 931 1441 more
958 1406 1080 1441 sunt.
1116 1399 1276 1452 Neque
1304 1401 1359 1441 de
1388 1401 1545 1453 priore
1572 1402 1786 1442 instituto

143 1479 282 1524 atque
318 1472 566 1523 disciplina
601 1472 853 1523 quicquam
883 1477 953 1511 est
988 1472 1034 1511 in
1058 1471 1267 1523 Collegio
1305 1472 1622 1522 immutatum,
1661 1473 1784 1524 quod

143 1544 304 1596 magni
338 1543 527 1584 referat.
561 1543 760 1583 Factum
794 1548 972 1593 tamen,
1006 1543 1132 1594 quod
1162 1543 1455 1594 experientia
1486 1544 1784 1584 utilissimum

142 1627 244 1656 esse
266 1615 600 1666 comperimus,
624 1620 674 1654 ut
696 1614 893 1665 singulis
910 1614 1122 1665 patribus
1144 1625 1200 1654 ac
1221 1614 1445 1654 fratribus
1464 1626 1576 1655 suus
1593 1615 1786 1656 daretur

140 1698 329 1737 censor,
355 1685 485 1737 cujus
507 1691 631 1725 esset
651 1696 766 1725 cura
786 1690 832 1724 et
853 1696 879 1724 a
901 1684 1093 1736 reliquis
1114 1685 1328 1725 omnibus
1359 1686 1599 1736 sigillatim
1621 1693 1780 1738 petere

141 1758 250 1809 quid
282 1758 329 1798 in
361 1757 438 1797 illo
466 1762 654 1809 putaret
680 1767 782 1796 esse
812 1756 1271 1807 reprehendendum,
1310 1763 1375 1806 et,
1414 1757 1636 1809 quicquid
1671 1758 1783 1798 illud

140 1835 284 1873 esset.
323 1827 564 1880 Superiori
591 1827 818 1878 scriptum
847 1826 1047 1867 offerret.
1078 1827 1167 1867 Hic
1196 1827 1363 1867 deinde
1392 1828 1453 1878 ei,
1484 1828 1561 1879 qui
1594 1835 1786 1869 notatus

140 1900 312 1950 fuerat,
346 1899 583 1949 tradebat,
612 1894 779 1949 jubens
805 1898 993 1938 interim
1020 1904 1070 1938 ut
1098 1898 1306 1938 remedia
1339 1899 1568 1939 adversus
1599 1911 1787 1940 errores

140 1971 243 2011 illos
276 1976 538 2023 quaereret.
574 1969 776 2023 Jubebat
806 1974 1053 2020 praeterea
1083 1969 1296 2020 singulos
1327 1982 1381 2010 eo
1412 1970 1468 2010 de
1495 1971 1611 2011 vitio
1641 1973 1783 2011 semel

142 2042 418 2083 concionari
461 2053 623 2082 coram
664 2041 900 2091 omnibUS,
938 2041 1014 2080 cui
1051 2041 1254 2081 maxime
1289 2043 1498 2082 novisset
1536 2043 1781 2106 obnoxio&

139 2121 209 2165 ut,
231 2114 364 2154 Verbi
384 2113 561 2164 gratia,
586 2112 869 2152 Annibalem
894 2110 903 2129 ¹
926 2112 982 2152 de
1003 2111 1227 2163 fugienda
1250 2112 1472 2153 indecora
1494 2114 1784 2154 verecundia

141 2191 186 2225 ct
208 2186 372 2236 spiritu
393 2184 622 2225 libertatis
649 2183 993 2235 comparando;
1017 2183 1160 2223 alium
1190 2184 1246 2223 de
1274 2184 1455 2224 ratione
1485 2185 1601 2225 bene
1631 2186 1784 2226 distri-

139 2256 311 2296 buendi
331 2256 581 2307 temporis3
605 2255 748 2295 alium
769 2254 824 2294 de
846 2253 1100 2305 modestia3
1127 2254 1275 2306 deque
1293 2256 1395 2295 aliis
1419 2256 1555 2306 alios,
1581 2268 1701 2307 quae
1724 2257 1783 2297 ad

142 2338 298 2367 mores
319 2333 445 2367 recte
463 2325 735 2366 formandos
756 2325 1044 2377 pertinerent
1066 2324 1095 2362 ‘·‘.

218 2398 335 2438 Tres
370 2397 541 2437 fratres
575 2396 892 2437 Panhormum
926 2396 1193 2436 transmissi
1220 2403 1328 2437 sunt
1355 2409 1515 2438 mense
1545 2399 1780 2450 Augusto,

138 2475 182 2509 et
204 2480 311 2509 cum
331 2469 403 2508 his
423 2467 636 2519 profecti,
654 2467 839 2507 visendi
853 2467 1009 2518 gratia
1031 2466 1128 2518 ejus
1146 2467 1362 2519 Collegii,
1386 2468 1441 2508 R.
1466 2469 1514 2509 P.
1537 2469 1785 2510 Cornelius

139 2540 393 2580 Wiscaven
415 2538 428 2557 ³
450 2545 495 2579 et
515 2539 599 2579 M.f
619 2538 832 2590 Raphae'l
852 2538 1008 2579 Riera.
1033 2537 1194 2590 Neque
1226 2539 1272 2579 id
1304 2540 1403 2579 sine
1429 2540 1607 2587 fructu,
1631 2548 1681 2581 ut
1703 2554 1780 2582 au—

137 2611 305 2652 dimus.
330 2610 451 2651 Nam
470 2616 659 2662 praeter
679 2609 747 2660 id,
771 2609 895 2661 quod
917 2608 1133 2649 conferre
1159 2610 1308 2661 potuit
1329 2611 1448 2650 tanti
1476 2610 1628 2652 Patris
1649 2624 1782 2664 prae-

192 2796 200 2814 1
245 2795 358 2830 Ipsum
373 2795 496 2822 harum
511 2794 706 2821 litterarum
722 2793 939 2827 scriptorem.

191 2843 204 2861 ‘2
242 2842 420 2869 Didicerat
436 2841 522 2868 haec
538 2840 574 2868 P.
592 2839 820 2875 Hieronymus
842 2839 1038 2866 Domenech
1053 2847 1073 2866 a
1089 2839 1214 2867 Sancto
1235 2839 1380 2873 Ignatio,
1397 2846 1432 2868 ut
1448 2842 1565 2869 videre
1582 2847 1633 2870 est
1654 2844 1687 2870 in
1703 2852 1781 2878 opu—

137 2890 230 2916 sculo
247 2889 359 2916 Patris
374 2889 466 2916 Petri
484 2889 523 2915 de
540 2887 782 2920 Rivadeneira,
801 2887 866 2913 Del
884 2888 983 2914 modo
1006 2887 1049 2914 de
1070 2887 1249 2920 gohierno,
1271 2894 1335 2921 que
1356 2888 1510 2916 Nuestro
1532 2890 1640 2918 Santo
1662 2892 1782 2919 Padre

139 2936 284 2970 Ignacio
299 2938 408 2968 tenta,
423 2944 498 2970 cap.
516 2944 562 2963 IV.

194 2985 208 3003 5
245 2984 450 3011 XVishaven.
