2080 3392
850 196 933 233 AN.
964 195 1057 233 1553
1700 194 1767 232 221

130 294 356 347 plurimos
395 293 494 332 eius
524 304 667 343 opera
704 292 873 333 civitas
908 292 1026 332 haec
1060 291 1231 332 habeat
1265 291 1470 343 opifices,
1512 291 1769 342 permultos

136 367 275 406 etiam
295 364 490 415 nobiles,
515 364 594 415 qui
616 363 818 404 orationi
836 370 881 403 et
902 363 1064 415 pietati
1084 368 1128 403 et
1149 363 1321 403 divinis
1342 363 1480 403 rebus
1503 374 1551 402 se
1577 362 1674 402 fere
1705 368 1770 402 to—

130 444 202 477 tos
232 435 507 476 dedicarint.
545 435 613 475 Eo
644 435 733 486 die,
763 446 854 487 quo
876 440 976 474 erat
1007 433 1315 484 discessurus,
1340 445 1539 484 magnus
1562 433 1768 473 omnium

131 518 386 548 concursus
407 505 559 546 factus
587 512 671 556 est,
702 511 953 556 tantusque
980 505 1027 544 in
1059 510 1220 544 nostro
1251 505 1423 555 templo
1451 504 1536 544 fuit
1564 504 1697 544 fletus
1717 512 1767 544 ut

132 590 204 619 me
226 583 351 618 certe
373 589 429 617 ea
451 589 525 617 res
542 577 847 617 vehementer
869 575 1091 616 affecerit.
1116 575 1290 616 Omnes
1313 576 1560 615 abeuntem
1582 576 1640 615 ab
1664 587 1766 627 por-

129 656 241 700 tum,
265 649 312 688 in
334 660 424 700 quo
448 654 582 688 erant
602 660 765 698 naves,
791 647 850 687 ad
872 647 1061 687 tertium
1083 646 1142 686 ab
1168 646 1282 686 urbe
1308 646 1507 697 lapidem
1538 653 1645 686 sunt
1665 658 1768 698 pro—

131 720 292 770 secuti,
317 727 361 760 et
383 719 430 759 in
451 731 506 759 eo
522 730 647 771 pago
669 724 941 770 sequentem
962 717 1099 767 diem,
1124 728 1214 768 quo
1235 729 1382 757 naves
1405 718 1666 767 solvebant,
1690 729 1768 757 ex-

131 797 393 844 pectarunt.
431 790 558 830 Inter
592 790 684 830 alia
711 801 804 830 non
835 789 1052 829 existimo
1084 788 1197 828 illud
1228 799 1330 828 esse
1360 787 1542 828 silentio
1565 795 1770 840 praeter-

133 862 357 912 eundum,
388 862 513 912 quod
540 861 717 910 omnia,
749 871 868 912 quae
896 860 953 900 ab
982 859 1054 899 his
1082 859 1465 909 obtrudebantur,
1501 872 1594 899 non
1621 861 1772 900 solum

133 934 271 974 Pater
292 933 577 973 Franciscus
598 932 880 984 repudiavit,
904 931 987 971 sed
1014 931 1155 971 etiam
1182 931 1238 970 de
1260 931 1400 970 rebus
1422 931 1525 970 aliis
1554 936 1649 971 tam
1676 933 1772 972 lon-

131 1016 220 1056 gae
247 1004 541 1055 navigationi
561 1003 842 1043 necessariis
869 1002 1114 1042 minimum
1140 1001 1225 1041 fuit
1247 1002 1487 1042 sollicitus.
1521 1002 1675 1042 Audio
1706 1009 1771 1043 ta-

131 1087 251 1126 men,
276 1087 330 1115 eo
359 1075 602 1125 insciente,
636 1074 779 1114 fuisse
808 1073 1040 1125 quaedam
1067 1084 1150 1124 per
1176 1073 1304 1124 piam
1334 1072 1549 1113 fraudem
1575 1074 1704 1114 illata
1726 1075 1770 1114 in

133 1146 307 1187 navim.
331 1146 624 1186 Adolescens
645 1145 835 1197 quidam
857 1145 984 1184 nulla
1005 1145 1188 1184 ratione
1208 1145 1356 1195 potuit
1374 1157 1399 1184 a
1418 1145 1513 1184 suis
1534 1145 1772 1196 prohiberi

133 1218 379 1270 quominus
407 1218 493 1258 iret
515 1229 622 1257 cum
643 1228 719 1257 eo:
753 1223 953 1268 quatuor
981 1216 1058 1256 alii
1086 1216 1134 1256 in
1160 1217 1432 1268 sequentem
1468 1228 1641 1256 annum
1668 1228 1772 1269 pro-

131 1289 380 1330 fectionem
415 1289 667 1329 adornant:
704 1299 823 1340 quae
858 1299 935 1328 res
961 1299 1057 1327 non
1084 1288 1223 1327 modo
1256 1287 1303 1327 in
1331 1299 1554 1338 magnam
1582 1288 1772 1329 Domini

131 1361 277 1401 nostri
300 1360 411 1412 Jesu
442 1360 618 1400 Christi
645 1359 831 1400 laudem
862 1359 1115 1409 redundat,
1147 1359 1225 1410 qui
1253 1359 1324 1399 sui
1347 1359 1520 1399 amoris
1542 1359 1651 1410 igne
1676 1366 1773 1400 tam

131 1432 339 1472 suaviter
361 1432 602 1472 hominum
622 1443 709 1471 nec
731 1431 1061 1481 religiosorum
1078 1442 1164 1470 nec
1185 1430 1479 1470 literatorum
1507 1431 1688 1471 animos
1709 1432 1774 1471 in-

130 1503 351 1553 flammat,
382 1509 447 1553 ut,
477 1502 751 1555 postpositis
780 1502 994 1542 omnibus
1025 1501 1289 1553 praesentis
1323 1502 1449 1541 vitae
1478 1502 1770 1552 utilitatibus,

130 1575 279 1615 solum
306 1575 466 1628 Jesum
490 1573 729 1614 Christum
751 1579 980 1625 quaerant
1003 1579 1046 1613 et
1074 1573 1197 1613 hunc
1228 1572 1526 1623 crucifixum,
1559 1574 1640 1613 sed
1661 1575 1775 1614 mul-

129 1647 188 1687 tis
209 1647 350 1686 etiam
371 1646 624 1697 relligiosis
649 1645 656 1664 ¹
681 1645 895 1685 stimulos
917 1645 1089 1685 addere
1117 1650 1272 1696 potest
1293 1650 1343 1684 ut
1364 1645 1590 1696 incipiant
1607 1645 1663 1686 de
1679 1646 1774 1685 infi-

130 1718 297 1758 dorum
319 1717 558 1757 hominum
580 1718 729 1756 salute
748 1717 975 1767 cogitare,
996 1727 1103 1756 cum
1119 1715 1311 1755 videant
1328 1715 1555 1766 homines,
1576 1717 1653 1768 qui
1679 1717 1776 1757 suis

130 1789 344 1829 manibus
371 1789 549 1829 victum
577 1794 769 1840 parant,
801 1788 964 1827 eadem
996 1787 1153 1827 animo
1182 1787 1380 1838 agitare.
1411 1788 1460 1827 Ρ.
1490 1788 1774 1828 Franciscus

131 1861 309 1901 socium
330 1860 490 1900 habuit
512 1859 772 1900 Antonium
789 1859 1009 1909 Alvare2‚
1031 1865 1170 1910 atque
1189 1859 1253 1898 ita
1275 1870 1436 1899 omnes
1458 1859 1776 1900 discesserunt

131 1939 263 1972 sexto
286 1931 506 1972 calendas
528 1931 719 1983 Aprilis.

161 2018 163 2020 ¹
209 2003 285 2044 Ad
301 2003 550 2043 Brasiliam
577 2003 708 2042 missi
737 2007 844 2042 sunt
871 2001 925 2042 R.
959 2001 1124 2041 Patres
1152 2000 1432 2041 Ambrosius
1466 2001 1612 2053 Pires,
1646 2003 1774 2043 Tuae

131 2074 407 2114 Paternitati
429 2074 484 2114 de
501 2074 620 2114 facie
642 2079 780 2113 notus
801 2072 830 2122 ²,
857 2079 901 2112 et
923 2072 1197 2112 Ludovicus
1219 2072 1274 2112 de
1293 2072 1468 2123 Grana,
1493 2074 1584 2125 qui,
1605 2073 1678 2114 die
1695 2073 1773 2115 Sa-

131 2152 380 2186 crosantae
412 2145 600 2196 Virgini
627 2144 763 2194 festo,
803 2144 1082 2184 concionem
1115 2144 1278 2183 habuit
1312 2144 1358 2183 in
1386 2151 1548 2184 nostro
1583 2147 1771 2197 tempIO,

133 2229 252 2269 quae
274 2229 367 2256 non
390 2217 543 2267 magis
562 2216 699 2256 nobis
721 2227 862 2267 quam
880 2215 1096 2255 omnibus
1113 2215 1403 2254 auditoribus
1422 2215 1597 2265 (habuit
1620 2222 1775 2256 autem

132 2288 413 2340 frequentes)
437 2287 632 2328 mirifice
653 2287 843 2338 placuit.
867 2286 1053 2326 Tertius
1075 2292 1145 2326 est
1167 2286 1349 2327 Elasius
1366 2287 1647 2327 Laurentius
1670 2299 1774 2328 cum

133 2365 329 2410 quatuor
352 2359 590 2399 fratribus.
1188 2371 1204 2390 ο

212 2430 345 2470 Nunc
362 2436 575 2482 superest
591 2436 639 2469 ut
657 2429 712 2469 de
729 2428 872 2480 Regis
889 2429 1038 2469 nostri
1055 2429 1417 2469 clementissima
1436 2430 1482 2469 in
1503 2442 1588 2469 nos
1610 2430 1773 2470 libera-

133 2502 260 2542 litate
281 2502 450 2552 dicam,
475 2502 552 2554 qui
573 2513 668 2541 non
687 2500 828 2541 modo
849 2501 1026 2541 viatico
1047 2507 1235 2540 nostros
1255 2502 1569 2553 prosequitur,
1593 2502 1674 2542 sed
1696 2502 1775 2542 dat

133 2573 321 2624 insuper
342 2573 668 2612 liberalissime
695 2572 961 2624 pecuniam,
989 2583 1080 2621 qua
1108 2571 1416 2612 bibliothecae
1444 2573 1686 2613 mittantur
1715 2574 1774 2613 ad

133 2650 320 2684 nostros
343 2644 542 2695 aliaque,
572 2644 739 2695 quibus
759 2643 978 2694 regiones
1004 2643 1110 2682 illae
1132 2643 1285 2682 minus
1306 2643 1533 2683 hactenus
1562 2643 1775 2696 frequen-

132 2720 258 2755 tatae
274 2720 451 2755 carent.
472 2714 574 2755 Hoc
597 2715 699 2766 ipso
719 2726 841 2754 anno
866 2726 961 2754 non
983 2714 1135 2754 minus
1153 2725 1294 2765 quam
1315 2714 1598 2765 octingentis
1618 2717 1773 2756 aureis

134 2792 399 2826 nostrorum
421 2785 463 2825 ei
479 2785 722 2836 navigatio
740 2785 947 2825 constitit
966 2791 1024 2833 et,
1051 2796 1158 2824 cum
1179 2783 1339 2824 decem
1358 2784 1450 2824 iam
1468 2797 1618 2826 annos
1636 2787 1774 2827 simili

191 2920 201 2939 ¹
243 2921 435 2954 relligiosis
451 2921 592 2947 inseruit
610 2920 788 2947 Polancus.

188 2968 201 2987 2
240 2968 440 2995 Ambrosius
465 2968 561 2995 Pires
582 2974 786 3002 procurator
808 2967 935 2995 Romae
957 2968 1071 2995 fuerat
1092 2974 1168 2994 cum
1190 2966 1291 2994 Petro
1314 2965 1397 2994 Diaz
1414 2975 1500 2995 anno
1517 2969 1594 2996 1551.
1611 2969 1697 2997 Vide
1715 2970 1775 2997 Po-

135 3021 253 3048 LANCO,
271 3015 657 3049 Clwom'con‚t.11‚pag.
674 3015 734 3049 194,
752 3023 783 3042 n.
798 3015 842 3042 66.
