2080 3392
837 161 920 198 AN.
952 161 1045 199 1553
1691 162 1760 199 301

813 614 1066 669 CCXXV

187 844 228 880 Ρ.
252 843 480 881 Arnoldus
501 843 678 881 Hezeus

234 910 355 946 Patri
374 910 542 957 Ignatio
562 909 615 946 de
635 909 821 956 Loyola.

282 975 495 1021 Lovanio,
518 975 560 1012 17
581 974 792 1023 MaJ'11553
814 975 838 1010 ¹.

878 1201 977 1279 Isis

193 1468 358 1509 Gratia
383 1475 427 1509 et
449 1469 656 1510 charitas
677 1470 786 1510 Dni.
809 1469 906 1510 Nri.
939 1470 1051 1523 Jesu
1072 1469 1146 1511 X.i
1175 1470 1233 1510 sit
1260 1481 1445 1522 semper
1473 1482 1578 1511 cum
1606 1471 1753 1511 omni·

108 1540 195 1580 bus
216 1540 365 1581 nobis.
391 1540 558 1581 Amen.

193 1611 479 1652 Labentibus
500 1612 668 1663 quavis
699 1612 824 1653 unda
855 1613 1066 1653 velocius
1088 1612 1270 1664 diebus,
1303 1612 1404 1653 Rde
1431 1619 1569 1664 atque
1591 1613 1638 1653 in
1668 1613 1757 1654 X.⁰

112 1683 264 1723 obser.
288 1682 444 1734 Pater,
478 1683 614 1724 citius
643 1690 827 1736 tempus
858 1695 999 1736 quam
1031 1695 1227 1736 operum
1261 1696 1346 1724 nos
1380 1696 1756 1736 praeoccupasse

108 1754 289 1795 fructus
311 1755 561 1806 cernimus,
587 1755 711 1807 quod
727 1767 821 1795 non
838 1767 1098 1807 paucorum
1115 1756 1360 1796 dumtaxat
1377 1755 1571 1807 dierum,
1590 1768 1758 1796 Verum

110 1826 316 1866 omnium
340 1826 478 1866 huius
496 1826 607 1866 anni
628 1832 832 1877 actuum,
858 1838 1025 1879 nempe
1053 1833 1254 1878 quatuor
1281 1827 1527 1877 mensium,
1561 1826 1753 1867 redden-

110 1896 217 1937 dam
238 1897 374 1937 nobis
390 1898 537 1949 exigit
553 1898 799 1949 rationem,
819 1910 960 1950 quam
976 1898 1163 1950 quidem
1180 1898 1327 1939 variis
1343 1898 1484 1939 Pater
1504 1898 1757 1950 impeditus

109 1969 324 2020 negotiis,
349 1969 465 2009 meis
492 1970 856 2021 persolvendam
882 1970 1104 2022 imposuit
1133 1970 1356 2010 humeris.
1388 1969 1544 2022 Atque
1573 1970 1754 2010 utinam

108 2040 229 2080 lectu
252 2039 396 2092 digna
419 2039 525 2092 Opt.
552 2039 677 2080 Max.
702 2041 1015 2092 praestitisset
1036 2041 1187 2091 Deus,
1211 2042 1288 2082 vel
1315 2048 1479 2082 nostra
1512 2041 1667 2082 oblata
1689 2041 1757 2081 vi·

106 2111 310 2163 gilanter
331 2117 618 2164 prosequuta
640 2112 804 2153 fuisset
825 2112 1085 2164 diligentia,
1110 2119 1158 2153 ut
1180 2125 1275 2153 non
1296 2113 1434 2153 nudis
1455 2113 1591 2165 quasi
1615 2124 1753 2153 aures

107 2183 280 2234 verbis,
306 2183 387 2224 sed
409 2184 562 2235 magis
579 2183 760 2224 Remum
782 2197 995 2225 meorum
1023 2184 1217 2225 Patrum
1236 2185 1550 2236 Fratrumque
1577 2184 1755 2225 charis-

107 2254 333 2295 simorum
355 2255 499 2295 corda
530 2255 766 2296 fructuum
787 2256 980 2297 daretur
1009 2256 1203 2308 implere
1224 2256 1375 2307 copia.
1399 2255 1476 2297 Sic
1504 2255 1752 2296 delectabi-

106 2326 198 2365 lem
217 2326 356 2377 plane
378 2326 584 2366 oblatam
610 2326 755 2367 fuisse
776 2327 1072 2378 provinciam
1093 2327 1273 2367 inficias
1303 2327 1371 2367 ire
1392 2339 1485 2367 non
1512 2327 1752 2368 auderem.

105 2395 431 2447 Nihilominus,
451 2402 500 2436 ut
521 2397 692 2438 Dnum.
717 2397 877 2438 Nrum.
897 2399 1058 2451 Jesum
1073 2399 1411 2450 pauperculam
1427 2397 1618 2438 Viduam
1635 2398 1755 2440 duos

106 2467 380 2508 offerentem
398 2467 683 2520 quadrantes
699 2469 938 2520 laudasse,
957 2481 1045 2510 nec
1065 2469 1186 2510 V0am
1202 2469 1311 2509 Rem
1333 2470 1525 2510 minima
1539 2482 1752 2522 quaeque

106 2539 371 2592 repudiare,
396 2551 733 2591 cognoveram,
753 2552 780 2580 a
801 2541 936 2581 nobis
957 2541 1098 2581 etiam
1117 2541 1193 2581 vel
1215 2540 1305 2581 duo
1328 2546 1530 2592 tantum,
1550 2541 1598 2581 in
1612 2552 1751 2592 gazo-

104 2611 361 2663 philacium
382 2611 539 2651 oblata
569 2623 699 2652 nrae.
737 2610 1008 2663 Societatis,
1041 2612 1221 2653 minuta
1252 2611 1358 2652 V&
1391 2611 1457 2652 P.i
1483 2618 1621 2663 grata
1650 2613 1753 2654 fore

104 2682 283 2723 firmius
303 2681 538 2723 confidere
561 2682 707 2734 coepi.

161 2844 171 2864 ¹
211 2845 461 2879 Autographae
478 2848 571 2872 totae
587 2852 688 2872 manu
704 2843 817 2872 Patris
831 2844 977 2872 Arnoldi
998 2843 1102 2871 Hezei
1124 2844 1157 2871 in
1173 2843 1386 2878 quadruplici
1402 2844 1492 2877 folio,
1508 2852 1562 2872 nn.
1583 2845 1751 2874 338341.-

105 2891 258 2920 Plurima
271 2893 305 2920 in
320 2893 368 2920 eis
383 2893 590 2920 cancellavit
606 2892 786 2926 Polancus,
802 2896 835 2919 et
850 2892 966 2926 aliqua
979 2892 1188 2925 immutavit;
1202 2899 1306 2926 quare
1322 2891 1370 2919 sic
1386 2892 1637 2927 castigatarum
1653 2895 1747 2922 litte-

104 2947 221 2967 rarum
232 2940 470 2975 apographum
482 2941 684 2974 exemplum,
698 2940 784 2974 quod
796 2943 911 2967 exstat
926 2940 960 2967 in
975 2939 1054 2967 folio
1071 2939 1198 2974 triplici
1213 2947 1268 2966 nn.
1285 2939 1414 2973 326-328‚
1426 2939 1492 2974 hic,
1508 2940 1635 2968 litteris
1647 2948 1750 2976 prout

105 2988 148 3014 ab
164 2988 317 3016 Arnoldo
329 2987 480 3023 scriptae
495 2987 602 3021 fuere,
622 2987 854 3023 subjiciemus„
