2080 3392
827 163 910 200 ΑΝ.
942 162 1035 199 1553
1678 163 1746 200 419

110 274 241 303 scere
264 261 463 313 amplius
483 262 609 301 nullo
630 260 768 301 modo
790 267 969 312 posset,
1001 260 1285 312 poenitentia
1309 261 1496 311 ductus,
1520 260 1747 312 flagitium

111 345 246 374 suum
267 333 504 373 humiliter
525 339 594 374 est
615 332 873 373 consessus.
897 333 955 373 Et
976 345 1033 372 ne
1062 333 1231 372 iterum
1258 332 1305 372 in
1334 332 1458 372 idem
1484 332 1660 372 crimen
1682 333 1745 372 in-

112 404 296 446 cidendi
317 417 343 445 a
367 405 595 445 daemone
624 404 781 455 aliqua
810 404 1248 444 subministraretur
1279 403 1488 453 occasio,
1512 404 1640 443 illam
1662 404 1750 444 sibi

111 476 372 527 legitimam
394 475 645 526 coniugem
666 475 922 526 copulavit.

188 546 369 587 Verum
391 546 635 587 cuiusdam
656 557 848 585 maurae
871 547 1230 586 conversionem
1245 546 1317 587 fas
1333 558 1429 587 non
1449 545 1458 565 ¹
1477 553 1547 587 est
1565 547 1749 587 silentio

111 618 383 669 praeterire.
408 617 538 668 Quae
560 628 666 657 cum
688 617 767 656 diu
787 616 835 656 in
856 616 1128 656 infidelitate
1160 628 1245 657 sua
1275 618 1510 658 obstinata
1536 629 1749 669 perman-

114 689 273 740 sisset,
311 688 555 729 cuiusdam
586 687 742 728 Patris
778 688 986 728 excitata
1020 688 1336 737 sermonibus,
1374 689 1439 729 ita
1473 689 1557 729 fuit
1590 689 1751 729 divina

114 760 414 801 miseratione
429 765 726 810 compuncta,
744 765 793 799 ut
806 759 929 798 intra
945 770 1123 810 paucos
1140 771 1167 798 a
1185 760 1494 800 conversione
1512 760 1611 800 dies
1629 760 1754 800 sacri

114 831 336 883 baptismi
356 830 562 882 gratiam
583 836 872 881 consequuta
893 830 966 870 sit.
995 830 1053 870 Et
1081 841 1200 881 quae
1222 829 1426 871 Satanae
1447 832 1754 883 reliquorum-

116 914 204 955 que
244 902 526 942 daemonum
564 901 717 941 fuerat
752 900 1087 951 diversorium,
1126 901 1292 941 effecta
1329 908 1398 942 est
1435 903 1586 942 sancti
1616 901 1753 954 Spus.

115 974 488 1014 tabernaculum.
525 971 616 1012 Sed
645 984 718 1012 me
748 972 1049 1022 obliviosum,
1084 984 1142 1012 ne
1174 973 1328 1013 dicam
1362 973 1622 1024 ingratum,
1660 974 1754 1025 qui,

115 1045 225 1085 dum
244 1045 349 1096 plus
372 1055 521 1095 aequo
544 1043 590 1083 in
607 1043 816 1083 externis
838 1043 1084 1094 immoror,
1105 1043 1415 1084 domesticum
1429 1044 1540 1084 illud
1559 1045 1757 1084 miracu-

115 1118 210 1156 lum
234 1115 334 1166 (cur
356 1116 479 1155 enim
501 1115 547 1155 in
568 1122 666 1155 tam
681 1114 913 1166 stupendo
930 1114 1019 1155 Dei
1034 1127 1174 1167 opere
1191 1115 1236 1155 id
1252 1116 1471 1156 vocabuli
1488 1115 1757 1167 refugiam?>

119 1198 239 1239 pene
260 1187 615 1239 praeterieram.

199 1258 419 1299 Pervenit
448 1258 620 1308 (credo)
652 1257 711 1298 ad
742 1269 879 1298 aures
907 1257 961 1298 R.
991 1257 1040 1298 P.
1065 1258 1117 1298 T.
1142 1258 1237 1298 iam
1259 1270 1285 1298 a
1312 1259 1470 1298 multis
1498 1260 1636 1309 plane
1667 1259 1758 1299 die-

113 1331 200 1370 bus
220 1330 370 1370 nostri
391 1329 600 1370 Thomae
621 1329 669 1369 in
697 1329 1059 1370 Machometana
1088 1329 1327 1381 impietate
1358 1330 1596 1370 obstinata
1626 1330 1760 1382 perfi-

116 1402 192 1442 dia
212 1401 241 1440 2.
266 1401 396 1453 Quae
418 1401 606 1453 quidem
626 1401 801 1453 quanta
822 1401 960 1441 fuerit
987 1401 1063 1442 vel
1093 1414 1150 1442 ex
1178 1402 1280 1454 ipso
1310 1402 1419 1442 licet
1446 1408 1657 1454 tempore
1684 1414 1758 1442 co-

113 1485 365 1526 gnoscere,
389 1485 480 1524 quo
502 1480 572 1513 est
599 1473 645 1513 in
671 1473 761 1513 hoc
790 1479 954 1513 nostro
984 1473 1195 1525 Collegio
1226 1485 1333 1514 cum
1364 1474 1526 1514 fribus.
1558 1485 1760 1514 commo-

118 1551 264 1586 ratus.
303 1544 423 1585 Nam
458 1556 564 1585 cum
599 1551 721 1585 esset
755 1545 849 1585 iam
882 1545 1135 1585 triennium
1170 1557 1315 1597 prope
1350 1546 1557 1597 lapsum,
1590 1545 1636 1585 in
1670 1557 1762 1597 quo

115 1628 266 1668 neque
306 1616 590 1668 quotidianis
625 1616 890 1657 hortatibus
926 1622 1065 1668 atque
1101 1617 1323 1667 stimulis,
1361 1628 1512 1669 neque
1552 1616 1669 1657 fusis
1703 1617 1764 1657 ad

116 1688 288 1729 Dnum.
317 1688 505 1728 assidue
527 1688 745 1740 precibus
772 1688 871 1728 eius
900 1688 1259 1728 conversionem
1285 1689 1525 1740 postulare
1560 1688 1763 1728 desitum

117 1767 209 1812 est,
245 1760 327 1800 vix
366 1766 524 1800 tamen
564 1759 891 1800 conversionis
926 1759 974 1799 in
1008 1771 1062 1799 eo
1098 1759 1353 1811 vestigium
1392 1765 1494 1800 erat
1534 1759 1762 1800 invenire.

118 1832 274 1883 Quare
295 1843 389 1871 non
412 1831 581 1871 iniuria
601 1831 808 1871 Thomas
826 1831 918 1870 dici
935 1837 1140 1882 poterat,
1160 1830 1250 1870 hoc
1273 1837 1343 1871 est
1361 1831 1581 1882 abyssus,
1602 1831 1764 1883 iniqui—

118 1904 229 1944 tatis
264 1903 485 1944 videlicet
525 1909 664 1955 atque
695 1903 994 1942 miseriarum
1035 1903 1265 1952 omnium,
1307 1902 1449 1943 immo
1489 1903 1766 1943 iucundissi-

119 1987 246 2016 mum
273 1975 446 2016 diaboli
476 1974 762 2015 domicilium
789 1973 818 2012 ³.
848 1973 1189 2014 Verumtamen
1211 1974 1268 2015 ob
1301 1975 1347 2014 id
1373 1986 1614 2027 nunquam
1642 1986 1764 2026 spes,

120 2059 147 2088 a
168 2047 392 2087 fratribus
416 2047 527 2087 olim
547 2057 687 2098 super
709 2047 807 2086 eius
838 2046 1150 2086 conversione
1184 2052 1434 2098 concepta,
1458 2046 1607 2086 valuit
1644 2046 1767 2086 debi-

120 2118 264 2168 litari,
288 2118 460 2159 nedum
481 2118 707 2169 extingui.
732 2117 950 2168 Quinimo
977 2124 1109 2157 tanta
1131 2117 1202 2157 sui
1231 2118 1388 2158 cordis
1417 2117 1590 2158 duritia
1622 2118 1766 2158 maio-

120 2202 195 2230 res
216 2189 417 2229 addebat
438 2190 485 2229 in
506 2189 715 2241 singulos
748 2189 847 2229 dies
874 2189 1087 2229 stimulos
1115 2189 1175 2229 ad
1202 2189 1563 2241 supplicandum
1590 2201 1677 2241 pro
1710 2201 1765 2229 eo

121 2260 552 2302 misericordiarum
598 2260 786 2301 Patrem
825 2273 916 2313 quo
956 2262 1093 2301 solita
1139 2261 1442 2301 miseratione
1486 2260 1770 2301 famulorum

121 2344 313 2373 suorum
336 2331 592 2372 lachrimas
620 2332 870 2372 miseratus
900 2332 1152 2384 aspiceret,
1185 2332 1484 2384 animamque
1507 2333 1659 2383 illam,
1683 2344 1768 2384 pro

122 2415 214 2456 qua
233 2403 624 2455 pretiosissimum
646 2404 925 2454 sanguinem
946 2415 1082 2444 suum
1104 2403 1353 2453 effuderat,
1379 2404 1609 2455 propitius
1636 2403 1696 2443 ad
1717 2416 1768 2444 se

123 2481 435 2516 converteret.
459 2473 620 2525 Neque
642 2486 748 2526 spes
770 2475 848 2515 illa
869 2486 955 2515 nos
975 2474 1150 2515 fefellit.
1176 2474 1409 2515 Paulatim
1436 2487 1639 2526 namque
1669 2487 1769 2515 coe-

123 2547 190 2599 pit
225 2547 323 2587 eius
359 2546 543 2586 animus
579 2545 739 2586 divina
774 2546 947 2586 virtute
980 2546 1169 2597 molliri,
1207 2553 1251 2587 et
1286 2546 1578 2598 profundiori
1610 2557 1771 2586 secum

124 2618 425 2659 meditatione
446 2622 758 2669 pertractare,
791 2629 911 2669 quae
931 2618 1020 2658 sibi
1041 2618 1293 2670 aliquando
1318 2618 1374 2658 de
1396 2617 1655 2657 christiana
1679 2616 1769 2657 fide

125 2690 419 2740 dicebantur,
441 2688 597 2729 Patris
618 2695 756 2740 atque
776 2688 976 2729 fratrum
997 2689 1168 2740 vitam,
1203 2689 1334 2729 cuius
1355 2689 1533 2729 tamdiu
1561 2689 1770 2740 prudens

126 2761 277 2801 fuerat
310 2761 603 2812 explorator,
636 2760 682 2799 in
714 2765 918 2800 mentem
943 2771 1188 2801 revocare.
1228 2759 1407 2811 Quibus
1441 2760 1655 2800 omnibus
1691 2760 1770 2800 mi-

183 2897 195 2917 ¹
237 2904 387 2931 aequum
403 2905 469 2925 non
484 2901 546 2924 est.
564 2896 741 2924 Polancus.

183 2946 196 2965 2
232 2945 321 2972 Vide
338 2953 453 2980 supra,
466 2952 545 2980 pag.
569 2944 630 2971 320.

187 2993 200 3013 ⁵
244 2992 398 3026 Quatuor
411 2993 498 3021 haec
513 2996 687 3028 postrema
702 2994 809 3020 verba
825 2992 1014 3027 suppressit
1030 2992 1208 3021 Polancus.
