2080 3392
280 167 352 204 400
792 164 1016 201 LITTERAE
1043 174 1399 206 QUADmMESTREs

277 263 429 302 sentia
459 261 579 300 illius
609 259 804 310 Collegii
834 259 1078 310 fratribus,
1109 260 1250 299 etiam
1277 261 1395 299 inter
1425 260 1652 311 eundum,
1684 265 1781 300 tota
1816 273 1908 300 una

276 331 455 372 triremi
482 330 656 380 diffusi,
690 341 793 369 eam
813 341 930 381 pene
958 341 1143 370 omnem
1164 329 1223 369 ad
1243 330 1557 382 poenitentiae
1577 330 1780 370 studium
1803 343 1907 371 con-

278 407 545 450 verterunt,
582 400 744 452 suique
780 406 959 439 tantam
987 400 1033 439 in
1061 399 1263 440 Domino
1300 400 1593 440 dilectionem
1629 401 1905 451 excitarunt,

277 480 327 512 ut
348 484 426 512 eos
449 483 474 510 a
497 483 545 510 se
568 470 805 510 discedere
833 482 975 521 aegre
1005 471 1173 510 milites
1205 478 1490 522 paterentur.
1521 470 1717 511 Rediere
1744 471 1790 511 hi
1819 471 1909 511 duo

279 542 447 583 nudius
477 542 642 582 tertius
672 548 721 581 ut
751 541 860 581 hinc
882 541 1152 593 propediem
1181 542 1266 581 iter
1298 553 1433 581 suum
1461 541 1658 581 Romam
1686 542 1906 592 dirigant.

277 614 357 663 Et,
381 612 599 664 quoniam
620 612 683 651 ita
705 618 748 652 te
770 613 888 652 velle
910 612 1230 662 intelligimus,
1255 612 1396 652 etiam
1425 623 1531 652 cum
1559 612 1614 652 iis
1643 612 1909 652 adolescen-

278 691 348 724 tes
385 684 585 735 quinque
613 683 960 733 Messanenses,
996 694 1111 734 quos
1141 681 1239 733 jam
1270 683 1445 734 aliquot
1476 694 1624 722 annos
1654 682 1909 733 Collegium

279 756 369 795 hoc
389 755 521 803 aluit,
547 752 769 794 Societati
784 760 972 793 nostrae
991 753 1192 804 dicatos,
1211 753 1396 804 graecis
1414 765 1468 793 ac
1485 753 1641 793 latinis
1657 753 1803 793 literis
1820 765 1910 793 me>

280 825 498 865 diocriter
520 824 747 874 eruditos,
772 830 838 874 et,
869 824 908 863 si
937 831 1066 864 aetas
1097 830 1355 874 spectetur,
1388 824 1589 864 fortasse
1617 836 1711 864 non
1743 824 1909 864 medio-

278 897 442 947 criter,
466 895 792 935 hebraicarum
814 904 969 934 autem
996 907 1090 935 non
1119 895 1303 946 penitus
1330 895 1541 945 ignaros,
1573 901 1621 935 ut
1650 893 1785 945 hujus
1807 894 1907 935 Col-

284 967 392 1018 legii
414 966 546 1018 quasi
576 965 804 1017 quasdam
833 965 1064 1017 primitias
1094 965 1325 1017 accipias,
1349 965 1408 1005 ad
1436 971 1502 1016 te,
1530 965 1620 1005 nisi
1650 966 1913 1005 oberrantis

281 1037 451 1078 classis
472 1037 730 1088 periculum
751 1036 1000 1085 obstiterit,
1024 1036 1260 1076 mittemus
1285 1035 1309 1076 ¹,

362 1109 516 1160 Atque
551 1109 667 1147 haec
695 1107 792 1147 fere
826 1107 881 1147 de
917 1107 1125 1158 Collegio
1158 1113 1320 1147 nostro
1357 1107 1604 1147 scribenda
1640 1114 1908 1148 occurrunt.

281 1180 367 1220 Cui
399 1179 487 1219 nisi
521 1184 652 1218 tanta
688 1185 810 1218 esset
846 1179 1169 1230 operariorum
1203 1178 1421 1229 penuria,
1457 1179 1618 1218 liceret
1648 1191 1706 1218 ex
1738 1190 1787 1218 se
1823 1178 1911 1218 alia

280 1250 416 1290 facile
436 1261 701 1301 procreare.
725 1249 827 1289 Huc
850 1250 973 1289 enim
994 1261 1020 1289 a
1044 1249 1269 1290 Calatinis
1293 1248 1306 1267 ²
1329 1249 1519 1300 quidam
1540 1249 1710 1289 missus
1732 1255 1815 1296 est,
1836 1250 1914 1300 qui

279 1321 403 1372 apud
423 1320 677 1371 Proregem
699 1326 829 1359 curet
850 1319 1097 1360 Societatis
1118 1319 1254 1371 hujus
1277 1319 1536 1370 Collegium
1554 1320 1599 1359 in
1617 1331 1701 1360 sua
1721 1320 1913 1360 civitate

281 1392 445 1432 extrui.
471 1392 700 1431 Bisbonae
723 1402 902 1442 quoque
926 1391 1065 1442 (quod
1085 1392 1229 1442 vulgo
1258 1391 1439 1430 Bivona
1467 1390 1668 1441 dicitur),
1693 1391 1771 1430 ubi
1792 1402 1914 1430 nunc

282 1464 380 1514 agit
402 1463 454 1502 R.
479 1461 526 1502 P.
552 1462 785 1502 Antonius
806 1461 983 1507 Vinck‚
1009 1461 1177 1502 Comes
1195 1474 1221 1501 a
1243 1462 1376 1502 Luna
1395 1461 1409 1480 ⁵
1427 1468 1632 1501 statuere
1649 1462 1774 1501 aliud
1795 1473 1913 1501 sum-

282 1546 471 1584 mopere
494 1540 639 1573 curat.
665 1533 787 1573 Huic
809 1540 878 1573 est
899 1540 1043 1584 nupta
1064 1533 1287 1584 Proregis
1310 1533 1403 1573 filia
1426 1532 1452 1573 ¹⁴.
1479 1532 1634 1584 Quare
1660 1545 1752 1573 non
1780 1532 1916 1572 facile

284 1606 562 1645 destiturum
584 1611 800 1656 putamus
822 1616 913 1656 quo
935 1604 1088 1644 minus
1109 1611 1271 1644 votum
1290 1610 1623 1655 consequatur.

362 1675 464 1727 Ipse
485 1676 626 1715 etiam
655 1675 833 1715 Prorex
863 1674 1052 1715 Patrem
1080 1687 1223 1715 unum
1256 1676 1343 1715 sibi
1374 1676 1508 1726 petit,
1533 1686 1670 1726 quem
1699 1675 1746 1714 in
1774 1674 1916 1714 Italae

282 1747 555 1795 Abbatiam‚
580 1758 697 1797 quae
720 1746 1072 1797 opulentissima
1094 1752 1163 1786 est
1184 1753 1229 1785 et
1251 1745 1351 1797 ejus
1367 1745 1503 1786 fratri
1525 1746 1710 1795 collata,
1735 1746 1917 1785 concio-

283 1818 427 1858 nandi
447 1817 602 1868 gratia
626 1818 797 1857 mittat.
823 1817 969 1857 Abest
990 1823 1146 1857 autem
1167 1817 1275 1857 hinc
1301 1817 1348 1857 15
1368 1817 1465 1857 fere
1486 1817 1546 1856 M.
1571 1816 1620 1856 Ρ.
1649 1815 1692 1853 ⁵.=

365 1888 452 1928 Hic
475 1889 660 1928 tametsi
682 1888 735 1928 R.
763 1888 809 1928 Ρ.
835 1888 891 1928 D.
918 1888 1235 1939 Hieronymus
1262 1887 1276 1906 ‘⁵
1307 1888 1500 1928 haereat
1530 1888 1576 1927 in
1603 1894 1734 1927 tanta
1754 1887 1918 1927 messis

282 1960 441 2011 copia,
465 1971 558 1998 non
580 1959 787 2009 gaudere
808 1965 966 1998 tamen
987 1965 1030 1998 et
1051 1958 1152 1999 Deo
1173 1959 1353 2009 gratias
1379 1969 1520 2009 agere
1541 1970 1635 1998 non
1652 1969 1914 2009 possumus,

285 2038 383 2070 tum
405 2029 526 2081 quod
548 2036 826 2080 argumento
848 2035 917 2069 est
938 2030 1108 2080 optime
1132 2029 1178 2068 in
1199 2029 1288 2069 hac
1310 2029 1462 2069 insula
1489 2027 1770 2068 Societatem
1792 2028 1915 2068 audi-

287 2112 360 2151 re,
384 2108 482 2140 tum
504 2100 626 2152 quod
655 2100 1053 2140 evidentissimum
1083 2106 1152 2139 est
1179 2099 1401 2139 indicium
1428 2099 1795 2148 benevolentiae,
1825 2110 1916 2150 qua

287 2172 556 2212 universam
577 2171 697 2210 hanc
719 2169 999 2211 Societatem
1026 2170 1314 2210 clarissimus
1334 2170 1408 2210 hic
1436 2171 1652 2222 princeps
1682 2170 1915 2221 prosequi-

290 2250 361 2282 tur
383 2245 408 2279 ⁷.
434 2241 545 2293 Ejus
567 2241 687 2281 enim
708 2241 1000 2292 potissimum
1022 2252 1163 2281 causa
1190 2240 1307 2281 haec
1327 2241 1427 2281 fieri
1453 2241 1586 2281 nobis
1614 2240 1804 2280 dubium
1824 2252 1917 2279 non

290 2320 374 2353 est.
412 2313 499 2363 Qui
543 2312 683 2352 etiam
715 2312 894 2352 litteras
930 2311 989 2351 ad
1032 2311 1285 2362 Proregem
1328 2311 1686 2363 Neapolitanum
1720 2310 1734 2329 ⁸
1776 2311 1915 2360 misit,

287 2396 383 2435 quo
418 2395 580 2423 recens
615 2383 677 2422 ibi
713 2383 898 2422 condito
938 2388 1126 2422 nostrae
1167 2382 1413 2423 Societatis
1449 2382 1656 2433 Collegio
1691 2382 1919 2432 benignus

347 2593 356 2610 ¹
396 2590 482 2617 Vide
498 2589 666 2621 Pomm-co,
682 2589 884 2621 Chronicmz,
899 2593 922 2616 t.
939 2597 988 2623 111,
1004 2597 1071 2624 pag
1101 2589 1160 2616 199.

346 2637 360 2655 2
399 2637 430 2663 A
446 2637 577 2663 civibus
594 2635 872 2670 Calatagironae.

346 2683 360 2702 5
398 2683 518 2710 Petrus
531 2684 570 2710 de
586 2683 692 2715 Luna,
708 2683 828 2710 Comes
843 2683 883 2710 de
898 2682 994 2710 Luna
1011 2688 1043 2710 et
1059 2683 1135 2711 Dux
1151 2684 1189 2711 de
1206 2684 1346 2712 Bibona.

349 2731 362 2750 4
399 2730 579 2757 Elisabeth
595 2731 633 2757 de
650 2730 760 2764 Vega.

347 2778 360 2796 5
398 2777 439 2804 M.
457 2778 503 2811 P.;
520 2777 625 2805 Millia
639 2785 809 2812 passuum.
826 2777 913 2804 Vide
928 2777 1087 2811 PoLANCI,
1105 2779 1307 2810 Clzrom'con.
1322 2785 1346 2807 t.
1363 2787 1411 2813 111,
1428 2787 1504 2814 pag.
1519 2779 1571 2806 202
1585 2782 1617 2805 et
1631 2778 1694 2806 203.

349 2823 364 2843 ὓ
402 2823 437 2851 P.
455 2824 682 2857 Hieronymus
698 2824 902 2857 Domenech,
915 2825 986 2859 jam
1002 2824 1137 2852 Siciliae
1154 2826 1390 2854 Provincialis.

349 2872 361 2890 7
401 2871 483 2898 Cum
497 2872 550 2898 hic
567 2876 599 2898 et
614 2872 768 2906 superius
783 2871 815 2898 in
831 2872 895 2898 hac
912 2871 1055 2906 epistola
1070 2879 1179 2900 sermo
1195 2878 1246 2901 est
1262 2874 1300 2901 de
1313 2875 1491 2908 principe,
1506 2873 1743 2908 intelligendus
1759 2876 1808 2900 est
1820 2872 1919 2905 Joan—

301 2926 361 2945 nes
376 2919 414 2945 de
431 2918 540 2952 Vega,
554 2919 702 2946 Pro—rex.

349 2965 364 2985 8
401 2965 431 2992 Is
445 2966 516 3000 jam
533 2970 602 2992 tum
617 2971 691 2993 erat
709 2965 900 2994 Cardinalis
911 2966 1032 2994 Petrus
1045 2967 1210 3002 Pacheco,
1228 2969 1282 3003 qui
1298 2969 1400 2996 Petro
1416 2969 1455 2996 de
1471 2968 1596 2996 Toledo
1611 2971 1834 2996 successerat.
