2080 3392
281 170 354 207 378
799 169 1024 205 LITTERAE
1051 177 1410 209 QUADRlMESTRES

285 278 504 306 numerus
540 265 878 315 confitentium,
916 271 965 304 ut
999 275 1190 316 prorsus
1228 263 1436 303 nesciam
1474 274 1586 314 prae
1621 245 1917 302 multitudine

285 343 462 375 certum
476 347 719 375 numerum
732 335 1005 386 praefigere.
1025 334 1126 374 Hoc
1143 335 1307 374 saltem
1323 344 1514 384 possum
1532 332 1686 372 dicere
1701 344 1708 383 ;
1728 339 1916 383 propter

286 406 625 446 multitudinem
646 406 1088 445 communicantium
1115 411 1331 456 oportere
1352 415 1495 443 unum
1523 414 1580 442 ex
1607 403 1740 442 nobis
1761 403 1918 453 singu-

286 478 339 517 lis
360 477 521 517 diebus
542 477 786 517 dominicis
807 483 851 516 et
872 477 1052 517 festivis
1072 476 1216 516 ferme
1232 481 1330 515 toto
1354 485 1490 514 mane
1515 479 1696 513 tantum
1727 473 1918 513 admini-

284 549 499 588 strationi
537 547 647 589 Smi.
683 548 1007 588 Eucharistiae
1047 545 1338 587 Sacramenti
1377 556 1572 594 vacare,
1610 555 1694 595 pro
1730 544 1802 584 his
1838 544 1919 595 qui

284 626 455 659 octavo
478 631 661 671 quoque
682 619 755 659 die
778 618 1144 667 communicant;
1168 617 1214 656 in
1234 616 1366 656 festis
1389 622 1544 655 autem
1566 614 1842 665 majoribus,
1867 622 1916 654 ut

284 689 454 729 Beatae
475 690 687 740 Virginis
708 695 752 730 et
773 689 1020 738 similibus,
1046 689 1190 728 multo
1218 688 1374 738 plures
1404 685 1709 734 conveniunt,
1743 685 1821 736 qui
1847 685 1922 724 his

283 768 463 800 tantum
484 761 645 800 diebus
667 760 1035 809 communicant,
1060 769 1258 810 quorum
1286 762 1442 797 tantus
1474 762 1542 795 est
1572 766 1794 795 numerus
1815 762 1864 794 ut
1890 767 1916 794 a

287 832 446 882 vigilia
468 832 613 883 ipsius
632 831 738 871 festi
765 843 912 882 usque
934 831 991 870 ad
1014 831 1166 881 ipsum
1188 836 1409 868 octavum
1444 827 1566 867 diem
1587 832 1800 877 oporteat
1830 837 1920 865 nos

285 903 391 941 huic
412 902 478 942 rei
499 908 680 942 tantum
702 902 962 948 intendere3
989 907 1058 940 est
1078 899 1265 939 tandem
1293 908 1494 948 magnus
1520 908 1741 936 numerus
1772 896 1915 947 quoti-

283 973 355 1012 die
377 973 423 1012 in
444 973 534 1012 hac
555 979 717 1013 nostra
749 972 885 1013 domo
915 970 1232 1011 confitentium
1259 974 1396 1020 prout
1419 967 1516 1019 jam
1543 968 1659 1007 alias
1690 967 1915 1018 scriptum

284 1050 365 1083 est.
390 1042 485 1083 Soli
505 1043 625 1091 Deo,
651 1056 677 1083 a
699 1055 791 1094 quo
814 1042 970 1082 omnia
991 1041 1272 1093 procedunt,
1296 1040 1446 1079 honor
1468 1045 1512 1078 et
1532 1038 1699 1089 gloria.

362 1114 411 1154 In
433 1115 642 1166 epistola,
672 1125 812 1165 quam
833 1114 922 1154 hoc
944 1110 1273 1164 quadrimestri
1293 1109 1505 1161 proxime
1526 1108 1780 1159 praeterito
1803 1108 1917 1147 scri-

283 1185 373 1235 psi,
398 1192 505 1225 tuae
526 1184 649 1225 R.dae
672 1184 736 1225 Ρ.ἰ
763 1190 924 1224 notum
947 1182 1037 1222 feci
1058 1182 1183 1234 quod
1203 1192 1323 1221 unus
1356 1192 1413 1220 ex
1440 1179 1575 1219 nobis
1605 1179 1815 1218 audierat
1837 1179 1915 1218 illo

281 1255 612 1307 quadrimestri
633 1256 878 1295 duodecim
895 1260 973 1294 aut
990 1254 1145 1305 plures
1161 1251 1479 1292 consessiones
1496 1251 1754 1300 genei‘aleS,
1780 1261 1916 1300 quem

282 1338 526 1366 numerum
551 1326 648 1366 fere
676 1326 930 1377 attingunt,
964 1336 1083 1376 quae
1112 1324 1200 1363 hoc
1231 1321 1559 1373 quadrimestri
1582 1321 1766 1360 auditae
1789 1327 1912 1360 sunt.

361 1397 537 1437 Diebus
564 1397 830 1449 praeteritis
859 1396 986 1436 venit
1015 1396 1105 1435 huc
1140 1394 1329 1446 quidam
1360 1392 1409 1432 P.
1447 1398 1637 1431 nostrae
1665 1390 1916 1431 Societatis

282 1467 550 1507 Metinensis
575 1468 598 1517 ¹,
624 1468 701 1518 qui
723 1468 898 1518 aliquot
919 1466 1017 1506 dies
1036 1465 1111 1505 hic
1133 1464 1439 1505 concionatus
1457 1469 1547 1512 est,
1573 1462 1810 1513 nimiaque
1830 1462 1909 1501 hu-

282 1539 504 1579 manitate
528 1550 582 1579 ac
605 1538 928 1578 benevolentia
951 1542 1194 1588 excethS,
1215 1543 1313 1575 turn
1328 1541 1518 1585 propter
1539 1532 1796 1584 proficuam
1818 1531 1919 1583 ejus

282 1609 564 1660 doctrinam,
596 1609 831 1649 fervorem
863 1620 918 1648 ac
951 1607 1140 1648 modum
1174 1604 1380 1654 dicendi,
1418 1611 1516 1643 tum
1551 1603 1692 1643 etiam
1725 1610 1915 1655 propter

279 1680 450 1719 bonam
468 1680 733 1731 opinionem
755 1686 799 1719 et
820 1679 1136 1727 affectionem,
1159 1688 1277 1728 quae
1300 1675 1355 1715 de
1377 1675 1478 1725 ipsa
1500 1680 1662 1713 nostra
1678 1673 1916 1714 Societate

282 1751 327 1790 in
350 1751 599 1790 multorum
631 1751 850 1790 cordibus
881 1761 1046 1801 sparsa
1068 1755 1157 1798 est;
1181 1756 1253 1797 ut,
1278 1747 1316 1786 si
1338 1745 1510 1785 diutius
1532 1745 1606 1784 hic
1634 1745 1916 1796 permansis-

280 1828 372 1871 set,
398 1821 596 1861 aliorum
624 1822 874 1861 conciones
899 1819 1190 1860 auditoribus
1211 1817 1480 1869 spoliasset,
1506 1821 1642 1866 prout
1663 1827 1721 1855 ex
1743 1827 1915 1867 magna

282 1892 575 1932 multitudine
597 1893 749 1943 ipsum
776 1891 1117 1943 insequentium
1144 1888 1376 1939 conjicere
1406 1887 1527 1926 licet.
1563 1886 1737 1926 Habuit
1758 1898 1915 1937 quam-

280 1963 389 2002 dam
428 1964 704 2003 concionem
741 1963 788 2002 in
823 1962 1025 2014 quodam
1063 1959 1347 2001 monasterio
1383 1957 1674 2007 monialium,
1712 1957 1918 1997 instante

279 2034 659 2074 commendatore
689 2034 718 2085 ‘·',
752 2033 1106 2084 consanguineo
1133 2030 1387 2082 priorissae
1416 2034 1460 2067 et
1476 2027 1752 2067 fundatricis
1769 2028 1917 2079 ipsius

280 2104 570 2154 monasterii,
595 2116 686 2156 qua
708 2105 932 2144 concione
954 2103 1103 2152 finita,
1129 2099 1481 2141 commendator
1504 2098 1577 2138 ille
1598 2099 1724 2138 misit
1745 2098 1804 2138 ad
1825 2111 1911 2139 nos

281 2174 398 2213 duos
426 2173 627 2214 famulos
654 2175 851 2226 dapibus
883 2180 1092 2213 onustos.
1126 2172 1174 2211 P.
1208 2182 1322 2210 vero
1355 2169 1614 2219 GonzaleZ,
1639 2169 1805 2220 spiritu
1825 2169 1914 2209 Do-

281 2245 393 2284 mini
415 2245 602 2296 ductus,
626 2246 741 2285 nihil
762 2245 949 2284 omnino
971 2244 1028 2284 ab
1050 2243 1163 2294 ipsis
1183 2241 1334 2281 voluit
1354 2240 1584 2291 recipere;
1611 2239 1733 2290 quod
1754 2240 1800 2279 in
1821 2252 1913 2280 rna-

278 2326 421 2365 gnam
443 2316 671 2366 ipsorum,
696 2316 773 2367 qui
799 2316 888 2355 ista
910 2315 1173 2363 mittebant,
1204 2320 1247 2352 et
1271 2311 1488 2360 aliorum,
1513 2310 1679 2361 quibus
1713 2310 1771 2349 ab
1801 2310 1915 2361 ipsis

279 2387 476 2426 relatum
498 2394 588 2437 est,
614 2387 754 2426 cessit
778 2385 1151 2426 aedificationem
1182 2390 1225 2423 et
1256 2383 1542 2432 exemplum,
1574 2392 1679 2420 cum
1699 2392 1784 2420 nos
1805 2393 1913 2432 pau-

278 2467 412 2505 peres
432 2468 534 2496 esse
555 2457 747 2506 scirent;
772 2463 909 2507 prout
937 2455 1070 2496 nobis
1100 2464 1265 2508 postea
1292 2451 1526 2496 recensuit
1557 2452 1746 2502 quidam
1777 2467 1912 2494 vene-

277 2526 438 2566 rabilis
459 2527 703 2578 sacerdos,
727 2527 805 2578 qui
827 2527 919 2566 illic
949 2525 1174 2577 interfuit,
1209 2526 1318 2567 dum
1346 2527 1507 2568 famuli
1530 2540 1557 2568 a
1579 2529 1717 2568 domo
1748 2534 1912 2567 nostra

276 2603 642 2637 reverterentur.

356 2668 543 2707 Venere
574 2669 665 2708 huc
699 2669 875 2719 aliquot
905 2668 1061 2708 clerici
1088 2675 1131 2708 et
1158 2669 1448 2720 scholastici,
1480 2670 1526 2709 in
1561 2682 1727 2710 manus
1758 2669 1913 2709 Patris

276 2740 423 2778 nostri
445 2738 680 2779 Gonzalez
702 2751 803 2779 sese
826 2739 1148 2791 conjicientes,
1173 2747 1217 2781 et
1239 2742 1415 2792 aliquot
1445 2748 1656 2791 petentes
1683 2742 1912 2781 instanter

332 2921 339 2941 ¹
381 2921 415 2949 P.
432 2922 578 2954 Joannes
594 2923 752 2957 Baptista
768 2922 929 2950 Sanchez.
946 2923 1031 2950 Vide
1049 2923 1215 2958 Pomxco,
1233 2923 1435 2957 Clzronicon,
1451 2928 1473 2950 t.
1490 2931 1538 2958 111,
1555 2931 1632 2958 pag.
1649 2924 1711 2959 315,
1730 2932 1760 2951 n.
1774 2924 1837 2951 705.

331 2968 345 2987 ‘²
383 2968 471 2996 Vide
485 2977 604 3004 supra,
622 2975 645 2997 t.
663 2977 682 3004 1,
699 2978 777 3005 pag.
792 2971 852 3003 295,
867 2974 981 2998 annot.
999 2971 1022 2999 1.
