<?xml version="1.0" encoding="UTF-8"?>
<!DOCTYPE html PUBLIC "-//W3C//DTD XHTML 1.0 Transitional//EN"
    "http://www.w3.org/TR/xhtml1/DTD/xhtml1-transitional.dtd">
<html xmlns="http://www.w3.org/1999/xhtml" xml:lang="en" lang="en">
 <head>
  <title>
</title>
<meta http-equiv="Content-Type" content="text/html;charset=utf-8" />
  <meta name='ocr-system' content='tesseract 3.04.00' />
  <meta name='ocr-capabilities' content='ocr_page ocr_carea ocr_par ocr_line ocrx_word'/>
</head>
<body>
  <div class='ocr_page' id='page_1' title='image "./litteraequadrime14lain_0310.png"; bbox 0 0 2080 3392; ppageno 0'>
   <div class='ocr_carea' id='block_1_1' title="bbox 316 186 1440 230">
    <p class='ocr_par' dir='ltr' id='par_1_1' title="bbox 316 186 1440 230">
     <span class='ocr_line' id='line_1_1' title="bbox 316 186 1440 230; baseline 0.002 -8"><span class='ocrx_word' id='word_1_1' title='bbox 316 186 386 223; x_wconf 78' lang='lat'>306</span> <span class='ocrx_word' id='word_1_2' title='bbox 831 186 1058 223; x_wconf 80' lang='lat' dir='ltr'><strong>LITTERAE</strong></span> <span class='ocrx_word' id='word_1_3' title='bbox 1084 197 1440 230; x_wconf 72' lang='lat' dir='ltr'>QUADfflMEsTREs</span> 
     </span>
    </p>
   </div>
   <div class='ocr_carea' id='block_1_2' title="bbox 299 283 1950 2808">
    <p class='ocr_par' dir='ltr' id='par_1_2' title="bbox 307 283 1950 1029">
     <span class='ocr_line' id='line_1_2' title="bbox 314 283 1945 339; baseline 0.003 -17"><span class='ocrx_word' id='word_1_4' title='bbox 314 289 506 331; x_wconf 76' lang='lat' dir='ltr'>uenata,</span> <span class='ocrx_word' id='word_1_5' title='bbox 531 294 668 333; x_wconf 91' lang='lat' dir='ltr'>poma</span> <span class='ocrx_word' id='word_1_6' title='bbox 692 295 849 323; x_wconf 89' lang='lat' dir='ltr'>secum</span> <span class='ocrx_word' id='word_1_7' title='bbox 871 283 1109 334; x_wconf 86' lang='lat' dir='ltr'>auferens,</span> <span class='ocrx_word' id='word_1_8' title='bbox 1135 284 1345 324; x_wconf 90' lang='lat' dir='ltr'>clanculo</span> <span class='ocrx_word' id='word_1_9' title='bbox 1362 284 1696 335; x_wconf 55' lang='lat' dir='ltr'>manducabam</span> <span class='ocrx_word' id='word_1_10' title='bbox 1720 292 1767 325; x_wconf 86' lang='lat' dir='ltr'>at</span> <span class='ocrx_word' id='word_1_11' title='bbox 1789 287 1945 339; x_wconf 81' lang='lat' dir='ltr'>aliter,</span> 
     </span>
     <span class='ocr_line' id='line_1_3' title="bbox 313 353 1950 408; baseline 0.003 -16"><span class='ocrx_word' id='word_1_12' title='bbox 313 353 472 393; x_wconf 89' lang='lat' dir='ltr'>divina</span> <span class='ocrx_word' id='word_1_13' title='bbox 494 353 806 392; x_wconf 87' lang='lat' dir='ltr'>coadiuvante</span> <span class='ocrx_word' id='word_1_14' title='bbox 826 354 1002 404; x_wconf 80' lang='lat' dir='ltr'>gratia,</span> <span class='ocrx_word' id='word_1_15' title='bbox 1027 353 1086 393; x_wconf 91' lang='lat' dir='ltr'>ad</span> <span class='ocrx_word' id='word_1_16' title='bbox 1112 353 1454 394; x_wconf 85' lang='lat' dir='ltr'>confessionem</span> <span class='ocrx_word' id='word_1_17' title='bbox 1481 355 1631 405; x_wconf 89' lang='lat' dir='ltr'>venit,</span> <span class='ocrx_word' id='word_1_18' title='bbox 1664 367 1782 406; x_wconf 91' lang='lat' dir='ltr'>quae</span> <span class='ocrx_word' id='word_1_19' title='bbox 1807 359 1950 408; x_wconf 89' lang='lat' dir='ltr'>paulo</span> 
     </span>
     <span class='ocr_line' id='line_1_4' title="bbox 313 423 1947 476; baseline 0.003 -14"><span class='ocrx_word' id='word_1_20' title='bbox 313 430 440 475; x_wconf 85' lang='lat' dir='ltr'>post,</span> <span class='ocrx_word' id='word_1_21' title='bbox 465 424 662 475; x_wconf 88' lang='lat' dir='ltr'>pristino</span> <span class='ocrx_word' id='word_1_22' title='bbox 684 424 838 464; x_wconf 88' lang='lat' dir='ltr'>mariti</span> <span class='ocrx_word' id='word_1_23' title='bbox 864 423 1159 475; x_wconf 76' lang='lat' dir='ltr'>familiaeque</span> <span class='ocrx_word' id='word_1_24' title='bbox 1188 425 1399 464; x_wconf 89' lang='lat' dir='ltr'>restituta</span> <span class='ocrx_word' id='word_1_25' title='bbox 1428 426 1597 476; x_wconf 89' lang='lat' dir='ltr'>amori,</span> <span class='ocrx_word' id='word_1_26' title='bbox 1630 426 1676 465; x_wconf 89' lang='lat' dir='ltr'>in</span> <span class='ocrx_word' id='word_1_27' title='bbox 1704 426 1827 466; x_wconf 93' lang='lat' dir='ltr'>bono</span> <span class='ocrx_word' id='word_1_28' title='bbox 1856 427 1947 468; x_wconf 80' lang='lat' dir='ltr'>fer·</span> 
     </span>
     <span class='ocr_line' id='line_1_5' title="bbox 313 494 1945 546; baseline 0.003 -13"><span class='ocrx_word' id='word_1_29' title='bbox 313 495 497 534; x_wconf 88' lang='lat' dir='ltr'>ventius</span> <span class='ocrx_word' id='word_1_30' title='bbox 545 494 753 546; x_wconf 87' lang='lat' dir='ltr'>proficit,</span> <span class='ocrx_word' id='word_1_31' title='bbox 806 495 991 545; x_wconf 88' lang='lat' dir='ltr'>saepius</span> <span class='ocrx_word' id='word_1_32' title='bbox 1040 495 1099 534; x_wconf 90' lang='lat' dir='ltr'>ad</span> <span class='ocrx_word' id='word_1_33' title='bbox 1152 495 1476 535; x_wconf 77' lang='lat' dir='ltr'>sanctissimae</span> <span class='ocrx_word' id='word_1_34' title='bbox 1514 496 1676 536; x_wconf 86' lang='lat' dir='ltr'>matris</span> <span class='ocrx_word' id='word_1_35' title='bbox 1717 498 1945 538; x_wconf 90' lang='lat' dir='ltr'>ecclesiae</span> 
     </span>
     <span class='ocr_line' id='line_1_6' title="bbox 310 564 1942 618; baseline 0.002 -14"><span class='ocrx_word' id='word_1_36' title='bbox 310 571 551 605; x_wconf 85' lang='lat' dir='ltr'>revertens</span> <span class='ocrx_word' id='word_1_37' title='bbox 573 570 882 605; x_wconf 87' lang='lat' dir='ltr'>sacramenta.</span> <span class='ocrx_word' id='word_1_38' title='bbox 901 564 1122 605; x_wconf 85' lang='lat' dir='ltr'>Nonnulli</span> <span class='ocrx_word' id='word_1_39' title='bbox 1143 565 1302 605; x_wconf 88' lang='lat' dir='ltr'>itidem</span> <span class='ocrx_word' id='word_1_40' title='bbox 1318 566 1558 617; x_wconf 89' lang='lat' dir='ltr'>utriusque</span> <span class='ocrx_word' id='word_1_41' title='bbox 1575 578 1716 606; x_wconf 89' lang='lat' dir='ltr'>sexus</span> <span class='ocrx_word' id='word_1_42' title='bbox 1735 568 1942 618; x_wconf 80' lang='lat' dir='ltr'>religiosi</span> 
     </span>
     <span class='ocr_line' id='line_1_7' title="bbox 311 635 1947 687; baseline 0.002 -12"><span class='ocrx_word' id='word_1_43' title='bbox 311 642 354 676; x_wconf 91' lang='lat' dir='ltr'>et</span> <span class='ocrx_word' id='word_1_44' title='bbox 389 635 678 686; x_wconf 78' lang='lat' dir='ltr'>saeculares,</span> <span class='ocrx_word' id='word_1_45' title='bbox 714 635 792 687; x_wconf 87' lang='lat' dir='ltr'>qui</span> <span class='ocrx_word' id='word_1_46' title='bbox 826 635 1025 675; x_wconf 90' lang='lat' dir='ltr'>antehac</span> <span class='ocrx_word' id='word_1_47' title='bbox 1059 635 1289 675; x_wconf 86' lang='lat' dir='ltr'>invidioso</span> <span class='ocrx_word' id='word_1_48' title='bbox 1319 643 1508 676; x_wconf 88' lang='lat' dir='ltr'>nostrae</span> <span class='ocrx_word' id='word_1_49' title='bbox 1538 637 1752 677; x_wconf 76' lang='lat' dir='ltr'>societati</span> <span class='ocrx_word' id='word_1_50' title='bbox 1786 638 1947 678; x_wconf 88' lang='lat' dir='ltr'>animo</span> 
     </span>
     <span class='ocr_line' id='line_1_8' title="bbox 310 706 1942 759; baseline 0.002 -14"><span class='ocrx_word' id='word_1_51' title='bbox 310 706 573 756; x_wconf 75' lang='lat' dir='ltr'>detrahere,</span> <span class='ocrx_word' id='word_1_52' title='bbox 598 717 793 757; x_wconf 90' lang='lat' dir='ltr'>eamque</span> <span class='ocrx_word' id='word_1_53' title='bbox 815 712 1134 753; x_wconf 78' lang='lat' dir='ltr'>contemnere,</span> <span class='ocrx_word' id='word_1_54' title='bbox 1159 706 1536 757; x_wconf 87' lang='lat' dir='ltr'>reblasphemare</span> <span class='ocrx_word' id='word_1_55' title='bbox 1563 707 1672 757; x_wconf 70' lang='lat' dir='ltr'>(sic)</span> <span class='ocrx_word' id='word_1_56' title='bbox 1697 714 1834 759; x_wconf 91' lang='lat' dir='ltr'>atque</span> <span class='ocrx_word' id='word_1_57' title='bbox 1862 709 1942 749; x_wconf 89' lang='lat' dir='ltr'>mi-</span> 
     </span>
     <span class='ocr_line' id='line_1_9' title="bbox 310 776 1938 830; baseline 0.001 -14"><span class='ocrx_word' id='word_1_58' title='bbox 310 788 450 816; x_wconf 81' lang='lat' dir='ltr'>nuere</span> <span class='ocrx_word' id='word_1_59' title='bbox 471 777 559 816; x_wconf 90' lang='lat' dir='ltr'>nisi</span> <span class='ocrx_word' id='word_1_60' title='bbox 579 776 785 827; x_wconf 87' lang='lat' dir='ltr'>fuerunt,</span> <span class='ocrx_word' id='word_1_61' title='bbox 808 777 1019 827; x_wconf 90' lang='lat' dir='ltr'>tandem,</span> <span class='ocrx_word' id='word_1_62' title='bbox 1043 776 1203 816; x_wconf 86' lang='lat' dir='ltr'>divino</span> <span class='ocrx_word' id='word_1_63' title='bbox 1227 777 1273 816; x_wconf 90' lang='lat' dir='ltr'>in</span> <span class='ocrx_word' id='word_1_64' title='bbox 1294 777 1584 828; x_wconf 83' lang='lat' dir='ltr'>praecordiis</span> <span class='ocrx_word' id='word_1_65' title='bbox 1612 779 1829 818; x_wconf 90' lang='lat' dir='ltr'>concussi</span> <span class='ocrx_word' id='word_1_66' title='bbox 1850 779 1938 830; x_wconf 92' lang='lat' dir='ltr'>spi-</span> 
     </span>
     <span class='ocr_line' id='line_1_10' title="bbox 308 847 1934 900; baseline 0.001 -13"><span class='ocrx_word' id='word_1_67' title='bbox 308 847 505 897; x_wconf 87' lang='lat' dir='ltr'>ramine,</span> <span class='ocrx_word' id='word_1_68' title='bbox 529 859 622 887; x_wconf 89' lang='lat' dir='ltr'>non</span> <span class='ocrx_word' id='word_1_69' title='bbox 643 847 780 887; x_wconf 91' lang='lat' dir='ltr'>modo</span> <span class='ocrx_word' id='word_1_70' title='bbox 803 848 861 887; x_wconf 91' lang='lat' dir='ltr'>ab</span> <span class='ocrx_word' id='word_1_71' title='bbox 884 847 1110 899; x_wconf 88' lang='lat' dir='ltr'>obloquiis</span> <span class='ocrx_word' id='word_1_72' title='bbox 1131 847 1371 897; x_wconf 84' lang='lat' dir='ltr'>destitere,</span> <span class='ocrx_word' id='word_1_73' title='bbox 1396 848 1477 888; x_wconf 92' lang='lat' dir='ltr'>sed</span> <span class='ocrx_word' id='word_1_74' title='bbox 1498 849 1658 898; x_wconf 87' lang='lat' dir='ltr'>etiam,</span> <span class='ocrx_word' id='word_1_75' title='bbox 1684 849 1809 889; x_wconf 91' lang='lat' dir='ltr'>ducti</span> <span class='ocrx_word' id='word_1_76' title='bbox 1832 861 1934 900; x_wconf 93' lang='lat' dir='ltr'>poe-</span> 
     </span>
     <span class='ocr_line' id='line_1_11' title="bbox 308 917 1942 970; baseline 0.001 -12"><span class='ocrx_word' id='word_1_77' title='bbox 308 918 534 969; x_wconf 89' lang='lat' dir='ltr'>nitudine,</span> <span class='ocrx_word' id='word_1_78' title='bbox 570 919 726 958; x_wconf 90' lang='lat' dir='ltr'>multis</span> <span class='ocrx_word' id='word_1_79' title='bbox 761 918 1017 969; x_wconf 84' lang='lat' dir='ltr'>lachrymis</span> <span class='ocrx_word' id='word_1_80' title='bbox 1052 918 1111 958; x_wconf 90' lang='lat' dir='ltr'>ad</span> <span class='ocrx_word' id='word_1_81' title='bbox 1141 917 1501 968; x_wconf 86' lang='lat' dir='ltr'>confessionem,</span> <span class='ocrx_word' id='word_1_82' title='bbox 1532 931 1617 970; x_wconf 92' lang='lat' dir='ltr'>pro</span> <span class='ocrx_word' id='word_1_83' title='bbox 1650 920 1942 960; x_wconf 89' lang='lat' dir='ltr'>absolutione</span> 
     </span>
     <span class='ocr_line' id='line_1_12' title="bbox 307 987 1103 1029; baseline -0.003 0"><span class='ocrx_word' id='word_1_84' title='bbox 307 989 804 1029; x_wconf 82' lang='lat' dir='ltr'>excommunicationis</span> <span class='ocrx_word' id='word_1_85' title='bbox 829 987 837 1006; x_wconf 90' lang='lat'>¹</span> <span class='ocrx_word' id='word_1_86' title='bbox 860 995 1103 1028; x_wconf 89' lang='lat' dir='ltr'>venerunt.</span> 
     </span>
    </p>

    <p class='ocr_par' dir='ltr' id='par_1_3' title="bbox 301 1059 1941 2103">
     <span class='ocr_line' id='line_1_13' title="bbox 386 1059 1938 1112; baseline 0.001 -12"><span class='ocrx_word' id='word_1_87' title='bbox 386 1059 618 1101; x_wconf 82' lang='lat' dir='ltr'>Sacerdos</span> <span class='ocrx_word' id='word_1_88' title='bbox 639 1060 848 1110; x_wconf 85' lang='lat' dir='ltr'>quidam,</span> <span class='ocrx_word' id='word_1_89' title='bbox 873 1060 1018 1099; x_wconf 89' lang='lat' dir='ltr'>variis</span> <span class='ocrx_word' id='word_1_90' title='bbox 1040 1060 1212 1099; x_wconf 87' lang='lat' dir='ltr'>diaboli</span> <span class='ocrx_word' id='word_1_91' title='bbox 1240 1059 1486 1100; x_wconf 88' lang='lat' dir='ltr'>intricatus</span> <span class='ocrx_word' id='word_1_92' title='bbox 1515 1061 1938 1112; x_wconf 86' lang='lat' dir='ltr'>phantasmatibus,</span> 
     </span>
     <span class='ocr_line' id='line_1_14' title="bbox 306 1130 1932 1182; baseline 0.001 -11"><span class='ocrx_word' id='word_1_93' title='bbox 306 1132 500 1171; x_wconf 89' lang='lat' dir='ltr'>multum</span> <span class='ocrx_word' id='word_1_94' title='bbox 529 1131 752 1182; x_wconf 89' lang='lat' dir='ltr'>temporis</span> <span class='ocrx_word' id='word_1_95' title='bbox 790 1131 1040 1170; x_wconf 88' lang='lat' dir='ltr'>missarum</span> <span class='ocrx_word' id='word_1_96' title='bbox 1079 1130 1232 1170; x_wconf 85' lang='lat' dir='ltr'>omisit</span> <span class='ocrx_word' id='word_1_97' title='bbox 1267 1131 1648 1181; x_wconf 87' lang='lat' dir='ltr'>celebrationem,</span> <span class='ocrx_word' id='word_1_98' title='bbox 1682 1132 1932 1182; x_wconf 87' lang='lat' dir='ltr'>orationes,</span> 
     </span>
     <span class='ocr_line' id='line_1_15' title="bbox 307 1201 1937 1253; baseline 0.001 -12"><span class='ocrx_word' id='word_1_99' title='bbox 307 1202 461 1241; x_wconf 89' lang='lat' dir='ltr'>omnia</span> <span class='ocrx_word' id='word_1_100' title='bbox 482 1202 679 1252; x_wconf 88' lang='lat' dir='ltr'>denique</span> <span class='ocrx_word' id='word_1_101' title='bbox 701 1201 775 1252; x_wconf 91' lang='lat' dir='ltr'>pia</span> <span class='ocrx_word' id='word_1_102' title='bbox 799 1212 941 1252; x_wconf 86' lang='lat' dir='ltr'>opera</span> <span class='ocrx_word' id='word_1_103' title='bbox 968 1208 1012 1241; x_wconf 87' lang='lat' dir='ltr'>et</span> <span class='ocrx_word' id='word_1_104' title='bbox 1041 1201 1424 1250; x_wconf 83' lang='lat' dir='ltr'>exercitationes,</span> <span class='ocrx_word' id='word_1_105' title='bbox 1454 1202 1625 1253; x_wconf 88' lang='lat' dir='ltr'>partim</span> <span class='ocrx_word' id='word_1_106' title='bbox 1653 1203 1781 1253; x_wconf 90' lang='lat' dir='ltr'>quia,</span> <span class='ocrx_word' id='word_1_107' title='bbox 1815 1203 1937 1243; x_wconf 87' lang='lat' dir='ltr'>abie-</span> 
     </span>
     <span class='ocr_line' id='line_1_16' title="bbox 306 1273 1938 1323; baseline 0.001 -11"><span class='ocrx_word' id='word_1_108' title='bbox 306 1278 379 1313; x_wconf 90' lang='lat' dir='ltr'>cto</span> <span class='ocrx_word' id='word_1_109' title='bbox 402 1273 578 1323; x_wconf 88' lang='lat' dir='ltr'>animo,</span> <span class='ocrx_word' id='word_1_110' title='bbox 602 1284 651 1312; x_wconf 89' lang='lat' dir='ltr'>se</span> <span class='ocrx_word' id='word_1_111' title='bbox 673 1278 974 1323; x_wconf 88' lang='lat' dir='ltr'>peccatorum</span> <span class='ocrx_word' id='word_1_112' title='bbox 1000 1283 1137 1323; x_wconf 89' lang='lat' dir='ltr'>posse</span> <span class='ocrx_word' id='word_1_113' title='bbox 1165 1273 1427 1323; x_wconf 86' lang='lat' dir='ltr'>relinquere</span> <span class='ocrx_word' id='word_1_114' title='bbox 1457 1273 1841 1314; x_wconf 89' lang='lat' dir='ltr'>consuetudinem</span> <span class='ocrx_word' id='word_1_115' title='bbox 1863 1274 1938 1314; x_wconf 85' lang='lat' dir='ltr'>de-</span> 
     </span>
     <span class='ocr_line' id='line_1_17' title="bbox 305 1343 1935 1395; baseline 0.001 -13"><span class='ocrx_word' id='word_1_116' title='bbox 305 1343 548 1394; x_wconf 84' lang='lat' dir='ltr'>sperabat,</span> <span class='ocrx_word' id='word_1_117' title='bbox 580 1343 752 1394; x_wconf 89' lang='lat' dir='ltr'>partim</span> <span class='ocrx_word' id='word_1_118' title='bbox 780 1343 888 1393; x_wconf 89' lang='lat' dir='ltr'>quia</span> <span class='ocrx_word' id='word_1_119' title='bbox 918 1343 1005 1382; x_wconf 89' lang='lat' dir='ltr'>sibi</span> <span class='ocrx_word' id='word_1_120' title='bbox 1035 1354 1311 1394; x_wconf 90' lang='lat' dir='ltr'>persuasum</span> <span class='ocrx_word' id='word_1_121' title='bbox 1332 1343 1532 1383; x_wconf 88' lang='lat' dir='ltr'>habebat</span> <span class='ocrx_word' id='word_1_122' title='bbox 1560 1355 1614 1383; x_wconf 91' lang='lat' dir='ltr'>eo</span> <span class='ocrx_word' id='word_1_123' title='bbox 1642 1345 1793 1395; x_wconf 86' lang='lat' dir='ltr'>magis</span> <span class='ocrx_word' id='word_1_124' title='bbox 1820 1345 1935 1385; x_wconf 88' lang='lat' dir='ltr'>divi-</span> 
     </span>
     <span class='ocr_line' id='line_1_18' title="bbox 303 1414 1940 1465; baseline 0.001 -11"><span class='ocrx_word' id='word_1_125' title='bbox 303 1426 412 1454; x_wconf 87' lang='lat' dir='ltr'>nam</span> <span class='ocrx_word' id='word_1_126' title='bbox 434 1414 662 1454; x_wconf 89' lang='lat' dir='ltr'>adversus</span> <span class='ocrx_word' id='word_1_127' title='bbox 683 1425 731 1453; x_wconf 92' lang='lat' dir='ltr'>se</span> <span class='ocrx_word' id='word_1_128' title='bbox 753 1414 1004 1464; x_wconf 86' lang='lat' dir='ltr'>provocari</span> <span class='ocrx_word' id='word_1_129' title='bbox 1025 1414 1266 1463; x_wconf 89' lang='lat' dir='ltr'>ultionem,</span> <span class='ocrx_word' id='word_1_130' title='bbox 1291 1425 1381 1465; x_wconf 91' lang='lat' dir='ltr'>quo</span> <span class='ocrx_word' id='word_1_131' title='bbox 1405 1415 1538 1465; x_wconf 89' lang='lat' dir='ltr'>plura</span> <span class='ocrx_word' id='word_1_132' title='bbox 1561 1420 1640 1454; x_wconf 93' lang='lat' dir='ltr'>aut</span> <span class='ocrx_word' id='word_1_133' title='bbox 1662 1415 1836 1455; x_wconf 88' lang='lat' dir='ltr'>diceret</span> <span class='ocrx_word' id='word_1_134' title='bbox 1859 1422 1940 1456; x_wconf 89' lang='lat' dir='ltr'>aut</span> 
     </span>
     <span class='ocr_line' id='line_1_19' title="bbox 303 1484 1939 1535; baseline 0.001 -11"><span class='ocrx_word' id='word_1_135' title='bbox 303 1484 479 1524; x_wconf 87' lang='lat' dir='ltr'>faceret</span> <span class='ocrx_word' id='word_1_136' title='bbox 501 1484 623 1524; x_wconf 90' lang='lat' dir='ltr'>bona</span> <span class='ocrx_word' id='word_1_137' title='bbox 645 1496 787 1535; x_wconf 89' lang='lat' dir='ltr'>opera</span> <span class='ocrx_word' id='word_1_138' title='bbox 806 1516 813 1534; x_wconf 88' lang='lat'>,</span> <span class='ocrx_word' id='word_1_139' title='bbox 836 1484 925 1523; x_wconf 88' lang='lat' dir='ltr'>nisi</span> <span class='ocrx_word' id='word_1_140' title='bbox 945 1495 1140 1535; x_wconf 88' lang='lat' dir='ltr'>prorsus</span> <span class='ocrx_word' id='word_1_141' title='bbox 1160 1491 1380 1535; x_wconf 88' lang='lat' dir='ltr'>peccator</span> <span class='ocrx_word' id='word_1_142' title='bbox 1402 1496 1504 1524; x_wconf 87' lang='lat' dir='ltr'>esse</span> <span class='ocrx_word' id='word_1_143' title='bbox 1526 1485 1781 1535; x_wconf 87' lang='lat' dir='ltr'>desineret,</span> <span class='ocrx_word' id='word_1_144' title='bbox 1808 1487 1939 1527; x_wconf 88' lang='lat' dir='ltr'>iuxta</span> 
     </span>
     <span class='ocr_line' id='line_1_20' title="bbox 303 1555 1938 1606; baseline 0.001 -11"><span class='ocrx_word' id='word_1_145' title='bbox 303 1555 598 1604; x_wconf 88' lang='lat' dir='ltr'>Psalmistae,</span> <span class='ocrx_word' id='word_1_146' title='bbox 641 1555 764 1606; x_wconf 90' lang='lat' dir='ltr'>quod</span> <span class='ocrx_word' id='word_1_147' title='bbox 805 1555 1063 1605; x_wconf 81' lang='lat' dir='ltr'>allegabat,</span> <span class='ocrx_word' id='word_1_148' title='bbox 1106 1555 1302 1595; x_wconf 89' lang='lat' dir='ltr'>dictum:</span> <span class='ocrx_word' id='word_1_149' title='bbox 1342 1556 1586 1606; x_wconf 72' lang='lat' dir='ltr'>peccatori</span> <span class='ocrx_word' id='word_1_150' title='bbox 1620 1560 1777 1596; x_wconf 72' lang='lat' dir='ltr'>autem</span> <span class='ocrx_word' id='word_1_151' title='bbox 1811 1557 1938 1597; x_wconf 68' lang='lat' dir='ltr'>dixit</span> 
     </span>
     <span class='ocr_line' id='line_1_21' title="bbox 304 1625 1935 1679; baseline 0.002 -14"><span class='ocrx_word' id='word_1_152' title='bbox 304 1626 457 1665; x_wconf 78' lang='lat' dir='ltr'>Deus:</span> <span class='ocrx_word' id='word_1_153' title='bbox 484 1637 630 1677; x_wconf 69' lang='lat' dir='ltr'>qnare</span> <span class='ocrx_word' id='word_1_154' title='bbox 656 1630 708 1665; x_wconf 74' lang='grc' dir='ltr'>ίιι</span> <span class='ocrx_word' id='word_1_155' title='bbox 734 1637 939 1665; x_wconf 65' lang='lat' dir='ltr'>enarras</span> <span class='ocrx_word' id='word_1_156' title='bbox 965 1625 1176 1665; x_wconf 60' lang='lat' dir='ltr'>iustitias</span> <span class='ocrx_word' id='word_1_157' title='bbox 1195 1627 1385 1676; x_wconf 62' lang='lat' dir='ltr'>meczs9,</span> <span class='ocrx_word' id='word_1_158' title='bbox 1415 1630 1484 1666; x_wconf 83' lang='lat' dir='ltr'>etc</span> <span class='ocrx_word' id='word_1_159' title='bbox 1505 1625 1532 1666; x_wconf 79' lang='lat'>².</span> <span class='ocrx_word' id='word_1_160' title='bbox 1556 1627 1677 1666; x_wconf 87' lang='lat' dir='ltr'>Hinc</span> <span class='ocrx_word' id='word_1_161' title='bbox 1698 1639 1935 1679; x_wconf 89' lang='lat' dir='ltr'>nunquam</span> 
     </span>
     <span class='ocr_line' id='line_1_22' title="bbox 302 1696 1941 1748; baseline 0.001 -12"><span class='ocrx_word' id='word_1_162' title='bbox 302 1696 536 1748; x_wconf 89' lang='lat' dir='ltr'>placidum</span> <span class='ocrx_word' id='word_1_163' title='bbox 557 1697 679 1736; x_wconf 89' lang='lat' dir='ltr'>domi</span> <span class='ocrx_word' id='word_1_164' title='bbox 699 1696 873 1736; x_wconf 85' lang='lat' dir='ltr'>forisve</span> <span class='ocrx_word' id='word_1_165' title='bbox 895 1696 1144 1736; x_wconf 89' lang='lat' dir='ltr'>ostendens</span> <span class='ocrx_word' id='word_1_166' title='bbox 1160 1697 1359 1746; x_wconf 90' lang='lat' dir='ltr'>vultum,</span> <span class='ocrx_word' id='word_1_167' title='bbox 1383 1709 1623 1748; x_wconf 87' lang='lat' dir='ltr'>morosus,</span> <span class='ocrx_word' id='word_1_168' title='bbox 1647 1704 1825 1746; x_wconf 88' lang='lat' dir='ltr'>torvus,</span> <span class='ocrx_word' id='word_1_169' title='bbox 1851 1710 1941 1739; x_wconf 87' lang='lat' dir='ltr'>sua</span> 
     </span>
     <span class='ocr_line' id='line_1_23' title="bbox 302 1767 1936 1819; baseline 0.001 -12"><span class='ocrx_word' id='word_1_170' title='bbox 302 1768 516 1807; x_wconf 87' lang='lat' dir='ltr'>molestia</span> <span class='ocrx_word' id='word_1_171' title='bbox 554 1773 701 1807; x_wconf 91' lang='lat' dir='ltr'>totam</span> <span class='ocrx_word' id='word_1_172' title='bbox 741 1767 1104 1807; x_wconf 88' lang='lat' dir='ltr'>contristabatur</span> <span class='ocrx_word' id='word_1_173' title='bbox 1142 1767 1385 1817; x_wconf 82' lang='lat' dir='ltr'>familiam3</span> <span class='ocrx_word' id='word_1_174' title='bbox 1424 1780 1450 1807; x_wconf 89' lang='lat' dir='ltr'>a</span> <span class='ocrx_word' id='word_1_175' title='bbox 1485 1780 1575 1819; x_wconf 89' lang='lat' dir='ltr'>quo</span> <span class='ocrx_word' id='word_1_176' title='bbox 1613 1776 1767 1808; x_wconf 88' lang='lat' dir='ltr'>autem</span> <span class='ocrx_word' id='word_1_177' title='bbox 1802 1770 1936 1809; x_wconf 89' lang='lat' dir='ltr'>nobis</span> 
     </span>
     <span class='ocr_line' id='line_1_24' title="bbox 301 1838 1936 1889; baseline 0.001 -10"><span class='ocrx_word' id='word_1_178' title='bbox 301 1838 511 1879; x_wconf 85' lang='lat' dir='ltr'>confiteri</span> <span class='ocrx_word' id='word_1_179' title='bbox 533 1839 705 1889; x_wconf 89' lang='lat' dir='ltr'>coepit,</span> <span class='ocrx_word' id='word_1_180' title='bbox 730 1844 826 1878; x_wconf 91' lang='lat' dir='ltr'>tam</span> <span class='ocrx_word' id='word_1_181' title='bbox 846 1838 1015 1888; x_wconf 86' lang='lat' dir='ltr'>vitam,</span> <span class='ocrx_word' id='word_1_182' title='bbox 1041 1849 1214 1888; x_wconf 89' lang='lat' dir='ltr'>mores,</span> <span class='ocrx_word' id='word_1_183' title='bbox 1240 1850 1379 1889; x_wconf 90' lang='lat' dir='ltr'>quam</span> <span class='ocrx_word' id='word_1_184' title='bbox 1405 1839 1560 1878; x_wconf 84' lang='lat' dir='ltr'>vultus</span> <span class='ocrx_word' id='word_1_185' title='bbox 1582 1839 1936 1889; x_wconf 87' lang='lat' dir='ltr'>dispositionem</span> 
     </span>
     <span class='ocr_line' id='line_1_25' title="bbox 302 1909 1934 1960; baseline 0 -10"><span class='ocrx_word' id='word_1_186' title='bbox 302 1910 349 1950; x_wconf 89' lang='lat' dir='ltr'>in</span> <span class='ocrx_word' id='word_1_187' title='bbox 372 1910 608 1949; x_wconf 86' lang='lat' dir='ltr'>meliorem</span> <span class='ocrx_word' id='word_1_188' title='bbox 629 1909 826 1949; x_wconf 82' lang='lat' dir='ltr'>mutavit</span> <span class='ocrx_word' id='word_1_189' title='bbox 848 1915 1040 1959; x_wconf 88' lang='lat' dir='ltr'>statum,</span> <span class='ocrx_word' id='word_1_190' title='bbox 1065 1909 1188 1949; x_wconf 90' lang='lat' dir='ltr'>domi</span> <span class='ocrx_word' id='word_1_191' title='bbox 1208 1909 1439 1960; x_wconf 89' lang='lat' dir='ltr'>placidus,</span> <span class='ocrx_word' id='word_1_192' title='bbox 1459 1909 1572 1949; x_wconf 83' lang='lat' dir='ltr'>foris</span> <span class='ocrx_word' id='word_1_193' title='bbox 1589 1921 1789 1960; x_wconf 88' lang='lat' dir='ltr'>magnae</span> <span class='ocrx_word' id='word_1_194' title='bbox 1812 1911 1934 1950; x_wconf 91' lang='lat' dir='ltr'>aedi-</span> 
     </span>
     <span class='ocr_line' id='line_1_26' title="bbox 301 1979 1930 2031; baseline 0.001 -11"><span class='ocrx_word' id='word_1_195' title='bbox 301 1980 531 2021; x_wconf 88' lang='lat' dir='ltr'>ficationis</span> <span class='ocrx_word' id='word_1_196' title='bbox 552 1981 813 2030; x_wconf 88' lang='lat' dir='ltr'>exemplar,</span> <span class='ocrx_word' id='word_1_197' title='bbox 837 1980 1025 2030; x_wconf 86' lang='lat' dir='ltr'>saepius</span> <span class='ocrx_word' id='word_1_198' title='bbox 1043 1979 1252 2019; x_wconf 86' lang='lat' dir='ltr'>confiteri</span> <span class='ocrx_word' id='word_1_199' title='bbox 1273 1992 1328 2019; x_wconf 89' lang='lat' dir='ltr'>ac</span> <span class='ocrx_word' id='word_1_200' title='bbox 1350 1980 1587 2020; x_wconf 90' lang='lat' dir='ltr'>celebrare</span> <span class='ocrx_word' id='word_1_201' title='bbox 1604 1992 1930 2031; x_wconf 88' lang='lat' dir='ltr'>perseverans,</span> 
     </span>
     <span class='ocr_line' id='line_1_27' title="bbox 302 2050 1489 2103; baseline -0.001 -12"><span class='ocrx_word' id='word_1_202' title='bbox 302 2058 439 2103; x_wconf 86' lang='lat' dir='ltr'>prout</span> <span class='ocrx_word' id='word_1_203' title='bbox 461 2051 587 2102; x_wconf 88' lang='lat' dir='ltr'>pium</span> <span class='ocrx_word' id='word_1_204' title='bbox 609 2051 1006 2101; x_wconf 89' lang='lat' dir='ltr'>christianumque</span> <span class='ocrx_word' id='word_1_205' title='bbox 1030 2050 1162 2090; x_wconf 88' lang='lat' dir='ltr'>decet</span> <span class='ocrx_word' id='word_1_206' title='bbox 1184 2051 1489 2090; x_wconf 88' lang='lat' dir='ltr'>sacerdotem.</span> 
     </span>
    </p>

    <p class='ocr_par' dir='ltr' id='par_1_4' title="bbox 299 2121 1936 2808">
     <span class='ocr_line' id='line_1_28' title="bbox 382 2121 1933 2173; baseline 0.001 -11"><span class='ocrx_word' id='word_1_207' title='bbox 382 2121 477 2162; x_wconf 89' lang='lat' dir='ltr'>Nec</span> <span class='ocrx_word' id='word_1_208' title='bbox 506 2122 593 2161; x_wconf 89' lang='lat' dir='ltr'>hac</span> <span class='ocrx_word' id='word_1_209' title='bbox 621 2128 781 2161; x_wconf 89' lang='lat' dir='ltr'>nostra</span> <span class='ocrx_word' id='word_1_210' title='bbox 812 2121 1056 2161; x_wconf 84' lang='lat' dir='ltr'>dumtaxat</span> <span class='ocrx_word' id='word_1_211' title='bbox 1083 2121 1380 2161; x_wconf 85' lang='lat' dir='ltr'>lovanienses</span> <span class='ocrx_word' id='word_1_212' title='bbox 1411 2121 1625 2161; x_wconf 82' lang='lat' dir='ltr'>fruuntur</span> <span class='ocrx_word' id='word_1_213' title='bbox 1658 2134 1820 2173; x_wconf 90' lang='lat' dir='ltr'>opera,</span> <span class='ocrx_word' id='word_1_214' title='bbox 1851 2124 1933 2163; x_wconf 90' lang='lat' dir='ltr'>sed</span> 
     </span>
     <span class='ocr_line' id='line_1_29' title="bbox 303 2191 1936 2243; baseline 0 -10"><span class='ocrx_word' id='word_1_215' title='bbox 303 2199 346 2233; x_wconf 88' lang='lat' dir='ltr'>et</span> <span class='ocrx_word' id='word_1_216' title='bbox 368 2192 742 2242; x_wconf 89' lang='lat' dir='ltr'>mechlinienses,</span> <span class='ocrx_word' id='word_1_217' title='bbox 767 2192 1142 2242; x_wconf 83' lang='lat' dir='ltr'>antuerpienses.</span> <span class='ocrx_word' id='word_1_218' title='bbox 1173 2191 1367 2243; x_wconf 90' lang='lat' dir='ltr'>aliisque</span> <span class='ocrx_word' id='word_1_219' title='bbox 1389 2192 1445 2231; x_wconf 91' lang='lat' dir='ltr'>de</span> <span class='ocrx_word' id='word_1_220' title='bbox 1466 2192 1580 2232; x_wconf 91' lang='lat' dir='ltr'>locis</span> <span class='ocrx_word' id='word_1_221' title='bbox 1602 2193 1936 2233; x_wconf 86' lang='lat' dir='ltr'>remotioribus</span> 
     </span>
     <span class='ocr_line' id='line_1_30' title="bbox 303 2254 1927 2314; baseline 0 -11"><span class='ocrx_word' id='word_1_222' title='bbox 303 2264 361 2304; x_wconf 88' lang='lat' dir='ltr'>ad</span> <span class='ocrx_word' id='word_1_223' title='bbox 382 2254 757 2314; x_wconf 88' lang='lat' dir='ltr'>participandam</span> <span class='ocrx_word' id='word_1_224' title='bbox 777 2262 1040 2302; x_wconf 90' lang='lat' dir='ltr'>huiusmodi</span> <span class='ocrx_word' id='word_1_225' title='bbox 1071 2274 1262 2314; x_wconf 90' lang='lat' dir='ltr'>operam</span> <span class='ocrx_word' id='word_1_226' title='bbox 1291 2262 1381 2302; x_wconf 91' lang='lat' dir='ltr'>huc</span> <span class='ocrx_word' id='word_1_227' title='bbox 1412 2263 1571 2302; x_wconf 90' lang='lat' dir='ltr'>sedulo</span> <span class='ocrx_word' id='word_1_228' title='bbox 1605 2262 1927 2314; x_wconf 82' lang='lat' dir='ltr'>adventantes,</span> 
     </span>
     <span class='ocr_line' id='line_1_31' title="bbox 301 2333 1928 2385; baseline 0.001 -12"><span class='ocrx_word' id='word_1_229' title='bbox 301 2340 405 2385; x_wconf 90' lang='lat' dir='ltr'>post</span> <span class='ocrx_word' id='word_1_230' title='bbox 426 2333 788 2383; x_wconf 88' lang='lat' dir='ltr'>confessionem,</span> <span class='ocrx_word' id='word_1_231' title='bbox 812 2333 911 2372; x_wconf 89' lang='lat' dir='ltr'>sive</span> <span class='ocrx_word' id='word_1_232' title='bbox 931 2333 1221 2383; x_wconf 83' lang='lat' dir='ltr'>generalem,</span> <span class='ocrx_word' id='word_1_233' title='bbox 1245 2345 1384 2384; x_wconf 90' lang='lat' dir='ltr'>quam</span> <span class='ocrx_word' id='word_1_234' title='bbox 1406 2333 1591 2383; x_wconf 89' lang='lat' dir='ltr'>plurimi</span> <span class='ocrx_word' id='word_1_235' title='bbox 1612 2333 1803 2383; x_wconf 88' lang='lat' dir='ltr'>faciunt,</span> <span class='ocrx_word' id='word_1_236' title='bbox 1828 2334 1928 2374; x_wconf 83' lang='lat' dir='ltr'>sive</span> 
     </span>
     <span class='ocr_line' id='line_1_32' title="bbox 300 2403 1929 2454; baseline 0.001 -10"><span class='ocrx_word' id='word_1_237' title='bbox 300 2416 612 2454; x_wconf 87' lang='lat' dir='ltr'>communem,</span> <span class='ocrx_word' id='word_1_238' title='bbox 646 2403 898 2443; x_wconf 89' lang='lat' dir='ltr'>Dominum</span> <span class='ocrx_word' id='word_1_239' title='bbox 925 2403 1183 2452; x_wconf 88' lang='lat' dir='ltr'>laudantes,</span> <span class='ocrx_word' id='word_1_240' title='bbox 1219 2415 1324 2442; x_wconf 91' lang='lat' dir='ltr'>cum</span> <span class='ocrx_word' id='word_1_241' title='bbox 1357 2403 1529 2454; x_wconf 87' lang='lat' dir='ltr'>gaudio</span> <span class='ocrx_word' id='word_1_242' title='bbox 1565 2411 1608 2443; x_wconf 90' lang='lat' dir='ltr'>et</span> <span class='ocrx_word' id='word_1_243' title='bbox 1643 2405 1929 2445; x_wconf 77' lang='lat' dir='ltr'>exultatione</span> 
     </span>
     <span class='ocr_line' id='line_1_33' title="bbox 301 2473 1930 2524; baseline 0 -10"><span class='ocrx_word' id='word_1_244' title='bbox 301 2475 488 2514; x_wconf 89' lang='lat' dir='ltr'>domum</span> <span class='ocrx_word' id='word_1_245' title='bbox 509 2474 718 2514; x_wconf 87' lang='lat' dir='ltr'>redeunt.</span> <span class='ocrx_word' id='word_1_246' title='bbox 751 2473 840 2514; x_wconf 90' lang='lat' dir='ltr'>Ubi</span> <span class='ocrx_word' id='word_1_247' title='bbox 866 2485 978 2513; x_wconf 90' lang='lat' dir='ltr'>vero</span> <span class='ocrx_word' id='word_1_248' title='bbox 1008 2473 1067 2513; x_wconf 86' lang='lat' dir='ltr'>ad</span> <span class='ocrx_word' id='word_1_249' title='bbox 1096 2485 1180 2513; x_wconf 89' lang='lat' dir='ltr'>nos</span> <span class='ocrx_word' id='word_1_250' title='bbox 1210 2473 1370 2513; x_wconf 90' lang='lat' dir='ltr'>venire</span> <span class='ocrx_word' id='word_1_251' title='bbox 1397 2485 1490 2513; x_wconf 90' lang='lat' dir='ltr'>non</span> <span class='ocrx_word' id='word_1_252' title='bbox 1518 2474 1649 2524; x_wconf 89' lang='lat' dir='ltr'>licet,</span> <span class='ocrx_word' id='word_1_253' title='bbox 1682 2474 1744 2513; x_wconf 93' lang='lat' dir='ltr'>ibi</span> <span class='ocrx_word' id='word_1_254' title='bbox 1770 2481 1930 2515; x_wconf 79' lang='lat' dir='ltr'>noster</span> 
     </span>
     <span class='ocr_line' id='line_1_34' title="bbox 300 2543 1927 2596; baseline 0 -11"><span class='ocrx_word' id='word_1_255' title='bbox 300 2546 494 2585; x_wconf 90' lang='lat' dir='ltr'>multum</span> <span class='ocrx_word' id='word_1_256' title='bbox 515 2544 804 2584; x_wconf 88' lang='lat' dir='ltr'>desideratur</span> <span class='ocrx_word' id='word_1_257' title='bbox 820 2544 1068 2593; x_wconf 86' lang='lat' dir='ltr'>adventus,</span> <span class='ocrx_word' id='word_1_258' title='bbox 1094 2544 1132 2583; x_wconf 90' lang='lat' dir='ltr'>si</span> <span class='ocrx_word' id='word_1_259' title='bbox 1152 2543 1430 2595; x_wconf 89' lang='lat' dir='ltr'>quandoque</span> <span class='ocrx_word' id='word_1_260' title='bbox 1447 2556 1529 2595; x_wconf 88' lang='lat' dir='ltr'>per</span> <span class='ocrx_word' id='word_1_261' title='bbox 1548 2545 1927 2596; x_wconf 87' lang='lat' dir='ltr'>quotidianorum</span> 
     </span>
     <span class='ocr_line' id='line_1_35' title="bbox 300 2614 1929 2667; baseline 0 -12"><span class='ocrx_word' id='word_1_262' title='bbox 300 2616 593 2667; x_wconf 86' lang='lat' dir='ltr'>negotiorum</span> <span class='ocrx_word' id='word_1_263' title='bbox 614 2615 1034 2666; x_wconf 87' lang='lat' dir='ltr'>interpositionem,</span> <span class='ocrx_word' id='word_1_264' title='bbox 1065 2626 1149 2665; x_wconf 91' lang='lat' dir='ltr'>pro</span> <span class='ocrx_word' id='word_1_265' title='bbox 1178 2614 1353 2654; x_wconf 89' lang='lat' dir='ltr'>maiore</span> <span class='ocrx_word' id='word_1_266' title='bbox 1375 2615 1540 2654; x_wconf 90' lang='lat' dir='ltr'>vineae</span> <span class='ocrx_word' id='word_1_267' title='bbox 1569 2614 1759 2655; x_wconf 90' lang='lat' dir='ltr'>Domini</span> <span class='ocrx_word' id='word_1_268' title='bbox 1786 2617 1929 2666; x_wconf 84' lang='lat' dir='ltr'>cultu,</span> 
     </span>
     <span class='ocr_line' id='line_1_36' title="bbox 299 2685 1928 2737; baseline 0 -11"><span class='ocrx_word' id='word_1_269' title='bbox 299 2688 426 2727; x_wconf 85' lang='lat' dir='ltr'>exire</span> <span class='ocrx_word' id='word_1_270' title='bbox 448 2686 747 2726; x_wconf 90' lang='lat' dir='ltr'>concedatur.</span> <span class='ocrx_word' id='word_1_271' title='bbox 771 2686 892 2725; x_wconf 91' lang='lat' dir='ltr'>Hinc</span> <span class='ocrx_word' id='word_1_272' title='bbox 914 2685 1026 2736; x_wconf 89' lang='lat' dir='ltr'>ipsis</span> <span class='ocrx_word' id='word_1_273' title='bbox 1047 2685 1195 2736; x_wconf 82' lang='lat' dir='ltr'>feriis,</span> <span class='ocrx_word' id='word_1_274' title='bbox 1216 2692 1265 2726; x_wconf 90' lang='lat' dir='ltr'>ut</span> <span class='ocrx_word' id='word_1_275' title='bbox 1282 2691 1476 2735; x_wconf 88' lang='lat' dir='ltr'>vocant,</span> <span class='ocrx_word' id='word_1_276' title='bbox 1495 2685 1928 2737; x_wconf 83' lang='lat' dir='ltr'>bacchanaliorum,</span> 
     </span>
     <span class='ocr_line' id='line_1_37' title="bbox 299 2756 1923 2808; baseline 0 -11"><span class='ocrx_word' id='word_1_277' title='bbox 299 2757 502 2797; x_wconf 89' lang='lat' dir='ltr'>dictante</span> <span class='ocrx_word' id='word_1_278' title='bbox 523 2756 749 2807; x_wconf 89' lang='lat' dir='ltr'>Domino,</span> <span class='ocrx_word' id='word_1_279' title='bbox 775 2756 910 2796; x_wconf 90' lang='lat' dir='ltr'>simul</span> <span class='ocrx_word' id='word_1_280' title='bbox 931 2762 974 2795; x_wconf 92' lang='lat' dir='ltr'>et</span> <span class='ocrx_word' id='word_1_281' title='bbox 994 2761 1157 2795; x_wconf 87' lang='lat' dir='ltr'>sancta</span> <span class='ocrx_word' id='word_1_282' title='bbox 1179 2757 1447 2796; x_wconf 89' lang='lat' dir='ltr'>consulente</span> <span class='ocrx_word' id='word_1_283' title='bbox 1466 2756 1748 2807; x_wconf 85' lang='lat' dir='ltr'>obedientia,</span> <span class='ocrx_word' id='word_1_284' title='bbox 1772 2763 1923 2808; x_wconf 88' lang='lat' dir='ltr'>pater-</span> 
     </span>
    </p>
   </div>
   <div class='ocr_carea' id='block_1_3' title="bbox 350 2891 1926 2925">
    <p class='ocr_par' dir='ltr' id='par_1_5' title="bbox 350 2891 1926 2925">
     <span class='ocr_line' id='line_1_38' title="bbox 350 2891 1926 2925; baseline 0 -7"><span class='ocrx_word' id='word_1_285' title='bbox 350 2892 360 2912; x_wconf 85' lang='lat'><strong>1</strong></span> <span class='ocrx_word' id='word_1_286' title='bbox 398 2892 515 2918; x_wconf 84' lang='lat' dir='ltr'>Verba</span> <span class='ocrx_word' id='word_1_287' title='bbox 527 2892 612 2918; x_wconf 85' lang='lat' dir='ltr'>haec</span> <span class='ocrx_word' id='word_1_288' title='bbox 625 2895 690 2925; x_wconf 77' lang='lat' dir='ltr'>pro</span> <span class='ocrx_word' id='word_1_289' title='bbox 705 2891 924 2918; x_wconf 74' lang='lat' dir='ltr'>absolutione</span> <span class='ocrx_word' id='word_1_290' title='bbox 939 2891 1314 2918; x_wconf 73' lang='lat' dir='ltr'>excommunicationis</span> <span class='ocrx_word' id='word_1_291' title='bbox 1329 2891 1442 2918; x_wconf 85' lang='lat' dir='ltr'>deleta</span> <span class='ocrx_word' id='word_1_292' title='bbox 1464 2895 1540 2918; x_wconf 88' lang='lat' dir='ltr'>sunt</span> <span class='ocrx_word' id='word_1_293' title='bbox 1555 2894 1607 2922; x_wconf 81' lang='lat' dir='ltr'>¹ut</span> <span class='ocrx_word' id='word_1_294' title='bbox 1623 2891 1711 2918; x_wconf 83' lang='lat' dir='ltr'>infra</span> <span class='ocrx_word' id='word_1_295' title='bbox 1724 2891 1842 2918; x_wconf 82' lang='lat' dir='ltr'>videre</span> <span class='ocrx_word' id='word_1_296' title='bbox 1858 2895 1926 2925; x_wconf 59' lang='lat' dir='ltr'>est,</span> 
     </span>
    </p>
   </div>
   <div class='ocr_carea' id='block_1_4' title="bbox 294 2939 681 3018">
    <p class='ocr_par' dir='ltr' id='par_1_6' title="bbox 294 2939 681 3018">
     <span class='ocr_line' id='line_1_39' title="bbox 294 2939 484 2966; baseline -0.005 0"><span class='ocrx_word' id='word_1_297' title='bbox 294 2947 314 2966; x_wconf 82' lang='lat' dir='ltr'>a</span> <span class='ocrx_word' id='word_1_298' title='bbox 329 2939 484 2966; x_wconf 88' lang='lat' dir='ltr'>Polanco.</span> 
     </span>
     <span class='ocr_line' id='line_1_40' title="bbox 347 2985 681 3018; baseline -0.006 -5"><span class='ocrx_word' id='word_1_299' title='bbox 347 2985 360 3005; x_wconf 80' lang='lat'><strong>2</strong></span> <span class='ocrx_word' id='word_1_300' title='bbox 397 2986 454 3014; x_wconf 84' lang='lat' dir='ltr'>Ps.</span> <span class='ocrx_word' id='word_1_301' title='bbox 472 2992 568 3018; x_wconf 78' lang='lat' dir='ltr'>xLix,</span> <span class='ocrx_word' id='word_1_302' title='bbox 583 2993 615 3011; x_wconf 83' lang='lat' dir='ltr'>v.</span> <span class='ocrx_word' id='word_1_303' title='bbox 637 2986 681 3011; x_wconf 77' lang='lat'>16.</span> 
     </span>
    </p>
   </div>
  </div>
 </body>
</html>
