2080 3392
299 172 370 209 360
816 173 1044 210 LlrrERAE
1071 185 1427 217 QUADRIMESTRES

299 267 522 307 lentinum
554 265 587 317 ¹,
616 267 917 308 Praefectum
952 267 1088 320 hujus
1116 270 1243 310 urbis
1269 270 1283 289 ²
1314 282 1370 311 ac
1401 272 1604 323 reliquos
1634 273 1764 312 viros
1795 274 1942 324 patri—

301 338 390 376 tios
411 336 439 387 ³,
464 337 540 387 qui
561 336 844 378 Societatem
864 339 982 379 mira
1004 340 1208 391 quadam
1227 341 1551 381 benevolentia
1573 351 1934 394 prosequuntur.

379 408 445 447 Eo
468 413 696 459 tempore,
721 420 811 460 quo
831 409 972 449 Pater
1001 409 1180 451 Natalis
1206 411 1282 451 hic
1311 412 1501 463 agebat,
1535 413 1723 464 quidam
1754 414 1931 454 schola-

300 478 403 517 stici
438 477 575 529 hujus
608 480 875 520 valentinae
909 480 1196 521 Academiae
1232 482 1298 532 (ut
1326 483 1509 523 illorum
1544 490 1679 523 vetus
1710 490 1778 524 est
1814 480 1940 530 mos)

300 560 406 588 eum
426 556 744 590 convenerunt
761 580 768 599 ‚
792 552 999 591 maxima
1020 552 1249 592 modestia
1269 559 1493 604 rogantes
1514 560 1563 594 ut
1584 554 1631 594 in
1651 554 1934 596 Societatem

300 619 672 660 admitterentur.
701 620 841 661 Pater
869 628 1024 662 autem
1050 622 1254 674 Natalis,
1281 635 1387 664 cum
1415 624 1810 666 animadverteret
1837 627 1930 667 ino-

298 689 422 740 piam
449 689 586 740 hujus
618 702 673 731 ac
702 692 901 732 aliorum
929 693 1233 744 collegiorum
1267 706 1450 735 necnon
1479 693 1494 713 ‘⁴
1529 696 1791 747 periculosa
1821 703 1930 738 tem-

299 772 432 811 pora,
457 761 621 812 quibus
641 768 799 813 posset
819 774 900 803 eos
921 763 968 803 in
989 764 1172 804 Italiam
1194 770 1273 805 aut
1300 765 1347 804 in
1378 764 1584 806 Siciliam
1614 767 1817 818 mittere,
1851 780 1939 809 eos.

298 831 357 871 ad
396 833 799 882 perseverantiam
833 840 1071 886 tamquam
1107 835 1167 875 ad
1200 835 1413 876 ultimum
1444 836 1678 888 refugium
1712 839 1927 879 hortatus

297 907 380 942 est.
404 902 499 942 Nec
521 903 666 944 defuit
687 904 876 956 quidam
896 905 1170 945 adolescens
1186 905 1283 957 jam
1303 907 1621 959 philosophus,
1646 908 1931 950 Societatem

296 974 587 1024 ingrediendi
606 980 702 1015 tam
722 976 939 1027 cupidus,
963 977 1061 1027 qui,
1086 978 1230 1017 semel
1249 983 1460 1017 nostrum
1481 979 1729 1030 collegium
1750 980 1928 1031 ingres-

296 1055 394 1095 suS,
421 1056 508 1085 nec
528 1044 748 1086 fraternis
770 1046 1163 1087 admonitionibus
1183 1059 1270 1088 nec
1292 1048 1394 1088 aliis
1415 1049 1461 1088 id
1481 1060 1631 1100 genus
1653 1050 1928 1091 admonitio-

296 1114 430 1154 nibus
465 1116 507 1155 ei
541 1116 696 1156 animo
728 1116 948 1157 inducere
982 1124 1273 1170 poteramus,
1310 1131 1404 1159 non
1436 1131 1574 1171 posse
1600 1120 1689 1160 hoc
1718 1127 1928 1173 tempore

296 1197 577 1237 quemquam
615 1187 662 1226 in
701 1185 985 1227 Societatem
1026 1189 1229 1239 admitti3
1269 1189 1395 1229 facta
1430 1189 1527 1240 jam
1566 1191 1736 1241 grandi
1776 1198 1931 1241 nocte„

297 1255 433 1296 Pater
453 1255 633 1297 Natalis
655 1258 1060 1298 commiseratione
1082 1266 1234 1299 motus
1257 1271 1361 1300 eum
1391 1261 1479 1300 hac
1510 1262 1692 1301 ratione
1723 1263 1926 1313 alloquu-

294 1333 367 1367 tus
388 1333 481 1368 est:
506 1328 595 1368 hac
616 1334 752 1368 nocte
774 1329 821 1368 in
844 1330 1040 1380 collegio
1063 1330 1287 1379 dormies,
1313 1337 1356 1370 et
1378 1331 1423 1370 in
1445 1338 1685 1382 posterum
1718 1333 1801 1373 tibi
1826 1345 1930 1384 per·

295 1398 513 1438 suadebis
534 1405 578 1438 te
597 1397 694 1449 jam
711 1399 758 1438 in
773 1398 1056 1440 Societatem
1075 1401 1345 1450 admissum;
1366 1402 1550 1442 interim
1566 1409 1723 1443 tamen
1739 1403 1929 1445 domum

293 1469 487 1520 redibiS,
512 1469 705 1521 Deoque
733 1470 978 1522 diligenter
1007 1472 1185 1511 servies
1215 1483 1270 1512 ac
1299 1472 1510 1513 sedulam
1539 1485 1731 1524 operam
1762 1475 1933 1516 litteris-

293 1540 438 1590 dabis,
463 1540 610 1580 donec
633 1541 789 1581 oblata
810 1542 1058 1582 occasione
1080 1543 1171 1582 alio
1193 1543 1408 1583 mittaris

370 1611 486 1652 Cum
507 1611 776 1652 Valentiam
793 1611 1070 1664 jubilaeum,
1095 1614 1194 1654 sive
1211 1614 1500 1666 indulgentia
1518 1627 1544 1655 a
1563 1614 1754 1656 Summo
1772 1616 1929 1657 Ponti-

290 1682 373 1722 fice
395 1675 634 1733 concessa,
654 1683 962 1735 pervenisset,
983 1684 1146 1724 Patres
1167 1685 1355 1725 fuerunt
1377 1686 1493 1726 adeo
1517 1687 1733 1738 occupati
1754 1687 1801 1727 in
1818 1700 1925 1728 con-

289 1752 567 1793 fessionibus
589 1753 856 1805 audiendis,
879 1759 929 1794 ut
948 1755 1030 1795 vix
1052 1755 1141 1795 illis
1162 1756 1323 1796 liceret
1352 1756 1506 1796 cibum
1535 1769 1702 1809 capere
1733 1766 1812 1798 aut
1841 1760 1931 1799 sal·

289 1831 380 1863 tem
401 1825 641 1875 paululum
663 1825 919 1876 quiescere.
954 1825 1080 1866 Inter
1101 1827 1241 1877 alios,
1266 1827 1344 1878 qui
1365 1827 1425 1867 ad
1445 1839 1530 1867 nos
1553 1839 1602 1867 se
1631 1830 1928 1870 contulerunt

289 1894 538 1934 confitendi
568 1895 747 1945 gratia,
780 1895 866 1935 hos
898 1907 1068 1946 operae
1095 1897 1295 1948 pretium
1327 1897 1439 1937 duxi
1470 1904 1711 1938 annotare.
1743 1899 1932 1940 Primus

288 1950 513 2005 internos
534 1971 746 2016 repertus
773 1972 843 2005 est
873 1966 1062 2018 quidam
1092 1978 1257 2018 senex,
1291 1968 1368 2019 qui
1396 1968 1588 2019 triginta
1618 1981 1766 2009 annos
1798 1970 1927 2010 inho-

289 2042 416 2076 neste
438 2048 493 2076 ac
515 2037 710 2088 turpiter
730 2037 936 2088 vixerat,
959 2049 1045 2077 nec
1067 2049 1272 2090 unquam
1294 2039 1580 2080 confessario
1611 2052 1695 2080 sua
1724 2041 1921 2081 crimina

288 2114 550 2158 aperuerat;
570 2108 687 2147 alius
708 2108 926 2148 inventus
943 2114 1012 2148 est
1034 2109 1111 2160 qui
1133 2109 1294 2150 decem
1315 2121 1466 2150 annos
1488 2111 1534 2150 in
1551 2111 1757 2162 periculo
1774 2112 1921 2152 vitam

287 2185 464 2228 egerat;
487 2184 752 2229 postremus
774 2185 976 2230 quatuor
1000 2180 1136 2220 annis
1159 2180 1322 2221 eodem
1344 2182 1506 2221 morbo
1527 2182 1843 2222 laboraverat.

365 2249 432 2289 Eo
454 2255 683 2300 tempore,
707 2261 798 2300 quo
820 2249 984 2290 Patres
1011 2257 1166 2291 essent
1197 2251 1463 2302 hujusmodi
1497 2252 1840 2293 honestissimis
1870 2265 1930 2294 ac

287 2320 596 2360 sanctissimis
619 2321 822 2371 negotiis
844 2320 1034 2372 irretiti,
1059 2322 1249 2372 quidam
1271 2334 1329 2362 ex
1350 2323 1463 2373 illis,
1488 2324 1635 2363 salute
1664 2324 1927 2364 animarum

288 2397 549 2430 commotus
584 2389 618 2441 ⁵,
656 2398 851 2443 accepto
886 2391 1137 2443 crucifixo,
1174 2392 1222 2432 in
1248 2393 1402 2433 forum
1433 2405 1482 2433 se
1513 2395 1735 2445 contulit;
1768 2395 1922 2435 locum

287 2461 536 2513 quemdam
564 2461 738 2502 editum
773 2462 1093 2513 ascendendo,
1133 2470 1394 2504 convocata
1420 2464 1651 2516 frequenti
1680 2466 1923 2516 concione,

289 2532 405 2572 miro
427 2532 629 2583 quodam
649 2533 894 2573 charitatis
916 2533 1083 2574 ardore
1101 2535 1373 2574 concionari
1391 2536 1556 2586 coepit,
1577 2536 1923 2576 valentinorum

286 2603 532 2654 segnitiem
567 2603 613 2643 in
641 2603 839 2644 fruenda
866 2604 1154 2655 indulgentia
1185 2606 1352 2646 acerbe
1380 2607 1692 2658 increpando;
1726 2619 1927 2658 cumque

345 2739 354 2758 ¹
395 2739 538 2766 Sanctus
553 2739 702 2767 Thomas
719 2747 738 2766 a
753 2739 950 2767 Villanova.

345 2787 358 2805 2
395 2786 590 2813 Ludovicus
606 2785 741 2813 Ferrer.
759 2786 928 2820 PoLANco,
945 2786 1148 2820 Clzronicon,
1162 2791 1186 2815 t.
1203 2795 1250 2820 111,
1263 2796 1342 2823 pag.
1354 2789 1414 2821 375,
1430 2798 1460 2816 n.
1475 2789 1537 2816 825.

345 2834 357 2851 ⁵
395 2833 607 2860 Prz'marzos.
624 2833 801 2861 Polancus.

342 2882 356 2901 4
395 2881 513 2908 Verba
524 2882 608 2908 haec
625 2882 783 2915 inopiam
799 2881 906 2916 hujzcs
920 2883 952 2908 et
964 2880 1116 2909 aliorum
1132 2883 1356 2917 collegiorum
1374 2892 1505 2911 necnon
1522 2885 1721 2912 cancellavi·
1743 2885 1925 2912 Polancus-

343 2929 356 2949 5
394 2928 536 2956 Addidit
552 2928 606 2955 hic
623 2929 789 2957 Polancus
803 2930 899 2957 haec:
917 2930 1006 2963 quod
1023 2930 1361 2965 nzz'nussrequentes
1373 2932 1533 2960 homines
1547 2940 1653 2966 quam
1669 2933 1772 2960 vellet
1791 2933 1836 2959 ad
1851 2940 1929 2959 con-

281 2975 482 3010 fessionem
499 2976 667 3003 accedere
682 2977 829 3004 videret.
