2080 3392
879 179 963 216 AN.
996 178 1090 216 1553
1739 179 1807 217 361
1858 172 1860 176 ’

166 275 412 317 multitudo
435 277 513 317 illa
533 288 634 317 rem
653 277 719 317 ita
746 288 924 317 novam
949 283 1088 328 atque
1118 276 1347 316 hactenus
1375 276 1634 316 inauditam
1663 277 1807 317 intue-

167 353 294 387 retur
315 360 408 388 non
436 347 535 388 sine
566 347 788 388 effusione
818 347 1190 399 lachrymarum,
1224 353 1361 398 atque
1389 347 1595 387 maximo
1626 353 1808 388 terrore

164 419 348 459 illorum
369 419 514 459 animi
533 419 976 469 commovebantur,
999 424 1044 458 et
1066 429 1228 458 omnes
1250 429 1343 459 uno
1367 430 1446 458 ore
1468 430 1567 458 rem
1587 424 1684 459 tam
1715 431 1809 459 me-

165 490 444 530 morandam
464 490 846 541 comprobabant.
870 489 966 530 Nec
987 489 1099 528 illud
1126 487 1309 529 silentio
1337 494 1631 540 praeteream
1662 489 1806 531 fuisse

166 560 211 600 in
233 572 377 601 causa
397 566 446 601 ut
468 561 599 601 multi
621 561 785 601 eodem
809 561 1064 612 diplomate
1085 559 1353 600 fruerentur
1378 563 1402 611 ¹,
1436 572 1633 612 quorum
1662 562 1804 601 animi

164 632 293 683 prius
314 632 588 672 alienissimi
609 638 757 672 erant.

243 702 475 743 Numerus
507 703 850 754 confitentium,
880 703 959 754 qui
989 702 1049 743 ad
1079 713 1165 742 nos
1193 702 1446 753 accedunt,
1480 714 1575 742 non
1605 704 1808 755 exiguus

162 781 252 825 est,
277 780 322 814 et
342 774 389 814 in
410 774 508 814 dies
531 780 745 826 augetur,
776 786 832 814 ac
862 774 1007 814 multo
1036 773 1186 825 majus
1214 779 1418 813 sumeret
1446 774 1802 820 incrementum.

161 846 200 885 si
220 846 445 897 templum
465 851 788 886 constructum
809 845 1092 885 haberemus
1113 850 1163 885 ut
1184 850 1281 884 tam
1302 845 1419 884 viris
1444 856 1584 896 quam
1604 845 1805 886 mulieri-

161 917 246 957 bus
266 917 428 958 liceret
451 917 510 958 ad
531 929 617 957 nos
639 917 892 966 accedere,
924 916 1048 968 quod
1078 916 1213 956 brevi
1245 918 1309 965 (ut
1342 916 1388 956 in
1416 915 1619 956 Domino
1648 928 1805 969 spera-

161 988 279 1039 mus)
315 1000 636 1040 assequemur,
672 988 952 1040 praesertim
982 999 1089 1027 cum
1116 987 1346 1028 Dominus
1377 987 1544 1028 Petrus
1573 987 1802 1028 Domene-

159 1060 290 1111 chus,
313 1066 448 1112 pater
467 1072 522 1100 ac
542 1065 779 1111 protector
800 1059 950 1099 nostri
970 1059 1179 1110 collegii,
1205 1071 1310 1099 eam
1332 1059 1551 1099 exhibeat
1574 1071 1736 1099 curam
1758 1066 1803 1100 et

159 1131 450 1182 diligentiam
472 1132 634 1183 quales
655 1137 752 1171 tam
772 1131 850 1182 pio
871 1131 976 1171 Viro
997 1129 1169 1182 dignae
1192 1136 1489 1170 censeantur.

238 1202 593 1243 Pomeridianae
613 1203 862 1253 lectiones,
887 1213 1008 1254 quae
1038 1202 1085 1242 in
1113 1208 1275 1242 nostro
1303 1202 1501 1253 collegio
1529 1202 1691 1242 diebus
1723 1203 1800 1242 do—

160 1274 343 1314 minicis
365 1286 420 1314 ac
441 1274 572 1314 festis
588 1274 939 1325 praeleguntur,
959 1285 1053 1313 non
1070 1273 1170 1313 sine
1188 1284 1361 1324 magna
1381 1274 1647 1314 auditorum
1665 1274 1803 1325 copia

159 1352 298 1397 atque
320 1345 583 1385 animarum
605 1345 755 1385 salute
775 1350 1140 1396 prosequuntur.

238 1416 323 1457 His
344 1416 507 1456 diebus
528 1416 770 1468 proximis,
789 1422 987 1468 accepta
1008 1415 1212 1467 quadam
1234 1416 1430 1467 epistola
1453 1428 1479 1456 a
1502 1415 1639 1456 Patre
1661 1415 1801 1456 Nata-

158 1490 222 1538 le,
247 1499 338 1540 qua
359 1487 678 1539 praecipiebat
699 1492 860 1527 nostro
883 1486 1123 1538 praefecto
1150 1485 1164 1505 ²
1194 1493 1243 1527 ut
1271 1486 1461 1539 quidam
1490 1499 1548 1527 ex
1574 1487 1802 1527 fratribus

158 1571 251 1600 una
274 1571 380 1599 cum
401 1559 505 1598 aliis
526 1559 572 1598 in
593 1559 834 1598 Baeticam
856 1570 905 1598 se
927 1558 1214 1608 conferrent,
1239 1564 1289 1598 ut
1310 1558 1492 1598 initium
1514 1558 1678 1598 darent
1708 1560 1800 1598 col-

154 1631 277 1682 legio
300 1629 601 1681 cordubensi,
626 1629 749 1681 quod
769 1629 902 1680 brevi
924 1629 1145 1681 erigetur,
1171 1636 1215 1670 et
1238 1635 1492 1681 antequam
1512 1630 1621 1670 hinc
1654 1629 1797 1670 disce-

156 1703 308 1753 deret,
333 1702 519 1742 curavit
539 1702 807 1753 praefectus
828 1707 879 1742 ut
899 1701 1060 1752 frater,
1084 1702 1272 1742 nomine
1300 1701 1551 1742 Marcellus
1572 1700 1606 1752 ⁵,
1637 1702 1800 1741 laurea

153 1785 330 1814 corona
352 1773 658 1824 insigniretur
680 1779 724 1813 et
745 1779 982 1825 postremo
1005 1779 1185 1824 septem
1207 1773 1379 1813 artium
1400 1773 1662 1813 liberalium
1693 1785 1795 1825 pro-

152 1845 302 1885 fessor
323 1850 580 1885 crearetur.
612 1843 747 1895 Quod
774 1843 864 1884 Dei
895 1843 999 1896 Opt.
1030 1844 1156 1884 Max.
1187 1843 1412 1884 beneficio
1440 1844 1618 1884 factum
1649 1849 1719 1884 est
1750 1845 1798 1884 in

151 1916 240 1956 hac
261 1916 501 1956 valentina
532 1915 791 1956 Academia
820 1927 914 1956 non
941 1915 1041 1956 sine
1068 1915 1276 1956 maximo
1304 1915 1625 1967 professorum
1656 1923 1798 1967 atque

153 1988 547 2028 scholasticorum
569 1998 816 2027 consensu.

234 2058 373 2099 Faxit
393 2058 523 2099 Deus
543 2064 593 2098 ut
613 2069 779 2099 veram
799 2058 927 2098 illam
949 2069 1192 2108 coronam,
1215 2070 1355 2110 quam
1377 2059 1476 2110 ipse
1496 2058 1708 2110 promisit
1731 2059 1792 2099 di-

153 2130 404 2181 ligentibus
426 2142 490 2180 se,
515 2129 705 2170 tandem
726 2141 1050 2182 assequamur.

238 2201 368 2242 Vale.
398 2200 670 2251 Valentiae‚
698 2201 838 2241 tertio
865 2213 973 2242 non.
1005 2201 1231 2253 Augusti,
1265 2213 1388 2242 anno
1417 2213 1444 2241 a
1473 2208 1611 2253 partu
1641 2201 1799 2253 Virgi-

155 2273 228 2312 nis
253 2272 368 2312 1553.

232 2343 360 2384 Tuus
382 2343 604 2394 indignus
624 2343 770 2395 filius,

1128 2471 1300 2512 Lucius
1330 2470 1529 2511 CRUCIUS
1551 2470 1578 2511 ⁴.

234 2628 589 2680 superscriptio
611 2629 660 2669 in
681 2634 856 2680 quarta
871 2631 1086 2682 pagina:
1106 2595 1220 2673 IIJLIS.
1252 2632 1312 2673 Al
1332 2632 1445 2684 Muy
1464 2631 1566 2672 R.d0
1592 2632 1638 2672 in
1666 2631 1797 2674 Chri—

208 2763 218 2784 ¹
258 2763 409 2792 Vocibus
423 2765 476 2792 his
492 2766 613 2793 eodem
631 2766 827 2801 diplomate
835 2766 1065 2801 fruerentur,
1079 2776 1221 2803 quorum
1242 2768 1296 2796 hic
1311 2776 1446 2803 sensus,
1463 2769 1666 2804 jubilaeum
1682 2770 1798 2798 lucra-

153 2812 291 2844 rentur,
304 2812 482 2839 substituit
501 2812 666 2840 Polancus
681 2813 778 2840 haec:
792 2814 838 2840 ad
854 2815 1113 2849 confessionem
1129 2823 1166 2842 se
1178 2818 1366 2850 pararent.

206 2858 220 2878 2
256 2864 372 2887 nostro
389 2860 574 2895 Superiori,
590 2868 647 2894 sc.‚
665 2860 761 2888 Patri
776 2861 896 2894 Joanni
913 2862 1092 2897 Baptistae
1109 2864 1148 2890 de
1165 2863 1302 2891 Barma.

205 2905 218 2925 ³
255 2905 437 2934 Marcellus
452 2908 491 2934 de
509 2907 661 2935 Salazar.
676 2908 843 2943 POLANco,
862 2909 1067 2942 chronicon,
1082 2914 1105 2938 t.
1120 2918 1168 2944 111,
1182 2919 1262 2945 pag.
1276 2912 1339 2944 376,
1355 2920 1385 2939 n.
1402 2912 1465 2939 827.

206 2954 220 2973 4
259 2953 467 2989 Tyburtinus
481 2955 536 2983 hic
552 2959 627 2983 erat
643 2959 676 2983 et
691 2956 873 2990 Tyburtini
888 2957 1049 2992 Episcopi
1070 2965 1191 2993 nepos,
1213 2964 1313 2986 extra
1336 2959 1475 2988 Italiam
1500 2961 1621 2989 missus
1642 2965 1678 2988 ut
1702 2969 1721 2988 a
1740 2969 1795 2988 co-

152 3005 337 3036 gnatorum
353 3004 518 3031 molestiis
534 3004 620 3031 liber
635 3008 736 3031 esset.
752 3004 840 3031 Vide
856 3004 1026 3039 POLANco,
1044 3005 1247 3041 chronicon,
1264 3011 1287 3034 t.
1307 3014 1342 3041 11,
1360 3015 1437 3042 pag.
1453 3009 1494 3043 16,
1511 3017 1541 3036 n.
1556 3009 1605 3036 30.
