2080 3392
833 219 916 255 ΑΝ.
948 218 1039 255 Ιό54
1687 215 1758 253 569

193 318 298 371 Jam
320 329 434 358 vero
456 323 504 358 ut
526 317 582 357 de
603 316 923 368 spiritualibus
944 314 1033 355 Dei
1055 314 1240 365 templis
1260 314 1508 365 loquamur
1533 311 1560 364 ¹,
1596 312 1756 364 adjun-

113 390 181 430 xit
202 401 252 429 se
273 388 499 429 Societati
520 389 743 429 sacerdos
771 388 866 438 ille,
900 398 1036 437 quem
1064 385 1384 438 superioribus
1414 384 1576 425 diebus
1606 384 1757 424 multi-

112 461 221 512 plici
249 461 382 500 titulo
410 460 683 500 decoratum
720 465 859 510 atque
885 464 983 498 tum
1011 457 1235 508 temporis
1263 456 1387 508 apud
1414 466 1499 495 nos
1527 455 1756 495 exercitia

111 532 361 572 facientem
380 530 435 571 R.
459 530 507 570 P.
532 530 585 570 Τ.
609 530 865 570 retulimus.
886 527 1090 569 Secessit
1111 534 1268 567 tamen
1297 526 1356 567 ad
1377 532 1561 578 tempus
1582 526 1629 566 in
1650 537 1757 578 pro—

112 604 230 654 pria,
255 610 305 643 ut
326 602 569 655 quasdam,
594 601 760 652 quibus
783 599 1094 649 detinebatur,
1121 599 1421 649 abrumperet
1442 598 1600 638 tricas.
1627 597 1756 638 Chri-

112 680 212 714 stus
233 686 317 714 suo
340 672 562 723 obsequio
585 670 949 722 mancipandum
971 671 1099 709 illum
1131 669 1190 709 ad
1216 681 1302 709 nos
1332 670 1516 709 salvum
1544 668 1754 709 reducat.

193 745 312 785 Cum
333 743 499 784 orandi
522 754 681 793 causa,
700 740 849 793 pridie
866 740 1145 780 Dominicae
1163 739 1546 780 Circumcisionis
1567 740 1756 791 vesperi

109 817 158 856 in
178 822 391 856 nostrum
412 815 637 855 sacellum
655 812 1055 862 convenissemus,
1076 811 1288 851 absoluta
1311 811 1545 859 oratione,
1567 810 1752 850 adstan-

111 888 234 928 tibus
272 885 551 939 quibusdam
583 884 672 937 piis
708 883 844 934 viris,
882 882 1026 923 frater
1054 882 1287 935 Josephus
1314 888 1498 930 noster,
1531 882 1610 933 qui
1636 882 1757 922 inter

108 970 291 1008 omnes,
316 958 395 1007 qui
417 957 464 997 in
485 957 575 996 hoc
597 955 807 1006 Collegio
830 965 1011 1004 sumus,
1047 953 1198 992 minor
1228 958 1297 992 est
1325 959 1460 1003 natu,
1490 952 1636 992 latino
1664 964 1756 992 ser-

107 1042 244 1071 mone
266 1029 529 1070 orationem
550 1027 735 1077 habuit,
764 1038 857 1078 qua
887 1031 933 1064 et
961 1030 1152 1076 gratum
1179 1035 1295 1075 erga
1322 1025 1571 1075 parvulum
1597 1023 1758 1076 Jesum

108 1108 322 1142 recenter
338 1106 501 1140 natum
522 1099 731 1139 animum
752 1096 814 1150 [et
835 1108 950 1148 erga
972 1101 1217 1136 aeternum
1237 1094 1441 1146 Patrem]
1466 1106 1551 1145 pro
1573 1107 1756 1135 summo

108 1174 155 1213 in
176 1184 262 1213 nos
285 1172 512 1212 divinitus
533 1171 704 1211 collato
726 1168 990 1209 nativitatis
1012 1167 1187 1208 Christi
1207 1166 1432 1207 beneficio
1463 1178 1752 1217 gereremus,

108 1257 196 1285 nos
217 1255 379 1284 omnes
400 1243 615 1283 hortatus
637 1247 721 1281 est.

189 1315 277 1355 Die
295 1326 477 1367 quoque
495 1313 774 1354 Dominicae
791 1311 1189 1363 Circumcisionis,
1211 1322 1316 1351 cum
1334 1308 1611 1349 beneficium
1627 1309 1757 1349 illum

110 1389 158 1428 in
179 1398 266 1427 nos
288 1386 528 1437 singulare
551 1383 838 1425 carminibus
861 1383 1134 1435 complexus
1157 1387 1304 1432 esset,
1329 1387 1511 1421 tantam
1538 1380 1579 1420 ei
1599 1379 1756 1420 Domi-

108 1471 196 1499 nus
217 1464 266 1498 ut
287 1457 475 1498 Danieli
494 1457 695 1509 parvulo
718 1455 904 1496 dicendi
925 1455 1022 1494 vim
1052 1454 1249 1494 contulit
1276 1459 1550 1504 tantumque
1578 1457 1648 1491 est
1676 1452 1755 1491 im-

108 1531 306 1583 pertitus
327 1530 542 1581 spiritus,
566 1534 615 1568 ut
643 1527 852 1567 omnium
880 1526 1062 1566 animos
1089 1525 1136 1565 in
1163 1536 1372 1565 amorem
1403 1529 1590 1576 raperet
1619 1522 1754 1563 Crea-

107 1602 239 1642 toris.
264 1601 366 1652 Quo
395 1600 573 1640 factum
599 1605 669 1639 est
697 1604 747 1639 ut
773 1598 847 1638 vir
876 1597 1067 1650 quidam
1093 1596 1367 1648 lachrymas
1398 1594 1634 1635 effundere
1662 1605 1757 1634 non

107 1674 238 1725 prius
273 1672 525 1723 destiterit,
565 1683 704 1723 quam
744 1670 803 1710 ad
844 1668 1123 1710 confessarii
1157 1668 1300 1720 pedes
1341 1673 1589 1707 anteactae
1628 1665 1756 1706 vitae

110 1756 223 1785 suae
246 1744 443 1785 crimina
467 1748 722 1792 evomeret,
747 1742 988 1793 vitamque
1010 1740 1184 1780 malam
1205 1739 1251 1779 in
1274 1739 1438 1779 melius
1466 1744 1757 1778 commutare

110 1817 332 1868 coeperit.
359 1815 536 1855 Eadem
562 1825 746 1866 quoque
770 1813 843 1853 die
870 1814 1027 1864 plures
1054 1812 1192 1852 solito
1230 1822 1417 1850 sacram
1448 1814 1756 1861 susceperunt

110 1888 345 1940 synaxim.
1362 1894 1363 1897 ¹

188 1959 309 1999 Hinc
326 1951 594 2010 frequentes
612 1958 722 1997 item
741 1956 994 1997 conciones
1012 1955 1209 2005 singulis
1237 1954 1400 1993 diebus
1424 1952 1672 1993 dominicis
1699 1964 1756 1992 ac

110 2031 241 2071 festis
262 2043 357 2071 non
374 2031 474 2070 sine
496 2041 670 2081 magno
689 2029 955 2068 animarum
975 2027 1166 2066 foenore
1183 2026 1231 2065 in
1246 2025 1432 2077 publica
1455 2024 1653 2064 ecclesia
1678 2024 1756 2063 ha-

109 2102 208 2142 beri
230 2103 400 2152 solent;
425 2101 660 2153 colloquia
686 2100 847 2140 itidem
869 2098 1128 2139 domestica
1149 2109 1205 2137 ac
1226 2096 1477 2137 familiaria
1498 2107 1649 2136 novos
1676 2107 1760 2147 per

108 2174 446 2226 poenitentiam
467 2173 607 2223 filios,
632 2171 762 2223 prius
784 2170 1002 2210 sordibus
1024 2169 1316 2218 defaecatos,
1343 2167 1419 2219 qui
1436 2174 1662 2218 tanquam
1679 2178 1760 2206 no-

109 2246 259 2285 venae
281 2245 516 2285 olivarum
538 2244 585 2283 in
607 2242 807 2283 circuitu
828 2253 1019 2281 mensae
1041 2239 1232 2280 Domini
1261 2238 1579 2289 discumbant,
1612 2238 1757 2289 quoti-

111 2317 183 2357 die
203 2317 416 2368 pariunt3
443 2316 563 2355 inter
593 2325 709 2366 quos
743 2313 1017 2353 adolescens
1048 2311 1236 2363 quidam
1267 2322 1360 2350 non
1387 2309 1572 2349 infimae
1601 2308 1756 2349 condi-

109 2388 263 2439 tionis,
285 2399 390 2427 cum
412 2387 598 2437 privato
621 2384 825 2437 quodam
843 2383 1074 2434 colloquio
1092 2381 1218 2422 domi
1234 2387 1423 2421 nostrae
1440 2380 1600 2420 habito
1619 2380 1758 2420 inter-

108 2466 245 2509 esset,
267 2458 501 2509 singultus
524 2468 579 2496 ac
600 2456 737 2496 fletus
758 2455 841 2494 vix
856 2454 997 2494 finem
1017 2453 1220 2503 faciens,
1245 2452 1415 2492 restitit
1444 2451 1577 2491 nobis
1606 2463 1758 2502 neque

109 2543 133 2570 e
155 2530 365 2581 Collegio
394 2535 556 2569 nostro
587 2527 808 2568 recedere
836 2526 1025 2566 volebat
1054 2525 1203 2565 donec
1237 2529 1360 2564 esset
1388 2523 1452 2562 illi
1479 2534 1758 2563 concessum

109 2602 356 2642 nobiscum
378 2606 605 2652 perpetuo
634 2610 849 2649 manere,
880 2597 1020 2637 etiam
1048 2596 1087 2636 si
1118 2607 1286 2635 munus
1317 2594 1516 2646 quodvis
1547 2593 1757 2645 abjectae

168 2765 178 2784 1
219 2763 311 2796 Quae
329 2767 527 2796 sequuntur,
544 2768 649 2795 usque
666 2760 709 2787 ad
730 2760 839 2787 verba
851 2763 917 2793 pro
933 2759 1034 2785 virili
1055 2759 1205 2789 laborat,
1228 2765 1267 2784 ea
1289 2761 1366 2784 sunt
1388 2764 1475 2790 quae
1495 2757 1528 2784 in
1549 2757 1756 2791 fragmento,

111 2813 151 2839 de
167 2819 231 2846 quo
248 2810 417 2845 superius,
434 2817 512 2843 pag.
528 2809 590 2840 433,
613 2808 836 2836 annotatione
851 2807 877 2841 2,
894 2815 1004 2834 sermo
1021 2807 1134 2834 factus
1150 2811 1217 2840 est;
1234 2806 1322 2840 quod
1336 2806 1566 2839 fragmentum
1587 2805 1660 2832 ideo
1677 2809 1757 2832 tunc

111 2860 153 2887 ad
166 2859 365 2886 Decembris
378 2858 476 2885 finem
492 2857 713 2891 rejiciendum
729 2856 884 2888 diximus¹
898 2856 977 2890 quia
991 2856 1138 2882 nondum
1150 2856 1213 2882 has
1228 2854 1346 2887 Jacobi
1360 2854 1479 2880 Duran
1493 2854 1641 2887 litteras,
1658 2861 1675 2880 e
1691 2854 1761 2887 qui-

111 2908 172 2934 bus
188 2908 366 2940 desumpta
382 2906 441 2933 illa
457 2910 545 2937 sunt,
562 2911 812 2938 repereramus.
828 2903 1184 2930 Animadvertendum
1200 2903 1304 2929 etiam
1320 2906 1371 2928 est
1388 2902 1619 2936 fragmentum
1640 2902 1703 2929 hoc
1726 2903 1760 2929 in

111 2955 264 2989 pluribus
279 2955 322 2981 ab
338 2952 528 2980 emendatis
543 2951 770 2986 autographis
785 2952 913 2978 litteris
928 2951 1067 2978 differre
1082 2972 1087 2983 ,
1105 2951 1200 2984 quasi
1217 2951 1365 2977 alteram
1379 2950 1563 2977 subiissent
1583 2950 1647 2977 hae
1669 2950 1760 2977 litte-

111 3009 170 3029 rae
187 3002 462 3035 castigationem.
482 3000 607 3027 Sensus
624 3004 738 3026 tamen
754 2999 839 3026 idem
856 3003 924 3032 est,
940 2998 1004 3025 hoc
1020 3006 1084 3025 uno
1097 3001 1252 3032 excepto,
1266 2998 1353 3031 quod
1369 2998 1441 3024 loco
1457 2998 1555 3024 verbi
1570 2997 1759 3025 Circumci-

110 3050 225 3077 sz'onz's
240 3050 327 3084 quod
345 3053 395 3076 est
411 3050 443 3076 in
459 3048 702 3083 autographiS,
720 3047 752 3074 in
768 3047 961 3081 fragmento
977 3047 1151 3074 inductum
1170 3051 1222 3073 est
1238 3046 1467 3074 Nativitatis.
