2080 3392
855 208 937 246 AN.
969 208 1060 245 1552
1730 205 1779 242 03

778 658 1131 714 CLXXXIV

207 753 437 792 Gerardus
459 753 610 798 C001s‚

249 818 320 856 Ex
338 818 659 856 conum'ssz'one
679 818 824 855 Patris
843 817 1066 855 Leonardi
1085 816 1242 854 Kessel
1259 846 1268 855 ,

302 885 423 922 Patri
442 884 613 932 Ignatio
633 883 686 921 de
705 883 892 931 Loyola.

348 950 549 995 Colonia,
574 950 591 986 l
612 949 871 987 Decembris
894 949 986 987 1552
1005 948 1031 986 ¹.

907 1184 1006 1251 iiis

213 1442 326 1483 Gra.
351 1447 396 1482 et
416 1454 511 1494 pax
532 1441 723 1482 Domini
747 1441 906 1482 Nostri
937 1441 1041 1482 Iesu
1076 1441 1251 1482 Christi
1282 1440 1341 1481 sit
1371 1440 1418 1480 in
1448 1439 1669 1481 cordibus
1700 1452 1778 1480 no-

136 1514 259 1554 stris.
289 1513 459 1554 Amen.

211 1584 586 1625 Pulcherrimum
607 1596 721 1625 sane
742 1590 787 1625 et
807 1584 1041 1625 laudabile
1062 1584 1327 1624 institutum
1350 1589 1439 1633 est,
1470 1583 1781 1624 Reverendis—

132 1657 247 1706 sime
282 1657 329 1696 in
364 1656 552 1697 Christo
586 1656 690 1697 Iesu
724 1655 888 1707 Pater,
927 1655 1254 1697 sanctissimae
1288 1653 1536 1696 Societatis
1572 1660 1776 1705 nostrae,

131 1740 222 1779 quo
243 1727 555 1768 admonentur
580 1727 662 1768 filii
691 1727 888 1779 singulis
917 1727 1177 1777 mensibus,
1211 1733 1291 1767 aut
1320 1726 1485 1766 saltem
1518 1725 1778 1778 quadrime—

130 1799 324 1850 stribus‚
350 1799 526 1850 omnia,
550 1811 670 1850 quae
692 1798 815 1850 apud
837 1811 886 1839 se
914 1806 1050 1850 gesta
1081 1804 1209 1849 sunt,
1242 1798 1440 1838 fideliter
1470 1797 1781 1850 perscribere:

130 1871 205 1911 cui
226 1876 274 1910 ut
296 1870 590 1911 satisfaceret
617 1870 738 1911 Rsslus
767 1870 906 1911 Pater
935 1871 1231 1919 Leonardus,
1263 1870 1383 1921 ipse,
1417 1869 1673 1910 serioribus
1707 1881 1778 1909 oc—

130 1947 353 1992 cupatus,
390 1942 437 1982 id
465 1942 578 1982 mihi
613 1942 791 1993 negotii
824 1942 1053 1992 iniunxit,
1092 1942 1208 1982 meis
1245 1941 1452 1981 humeris
1488 1941 1575 1980 etsi
1610 1940 1777 1991 impar,

128 2019 287 2053 tamen
306 2013 382 2064 pio
405 2012 637 2053 desiderio
658 2024 764 2053 eum
791 2025 932 2053 onere
963 2013 1119 2064 aliqua
1151 2025 1210 2053 ex
1237 2018 1371 2064 parte
1398 2011 1586 2052 levandi
1617 2011 1783 2051 incita-

130 2091 218 2135 tus,
243 2096 328 2136 pro
350 2090 543 2124 nostrae
564 2084 816 2136 parvitatis
838 2083 1026 2124 modulo
1048 2084 1094 2124 id
1116 2084 1270 2135 ipsum
1290 2083 1559 2135 aggrediar.

209 2155 260 2195 In
281 2155 420 2195 solito
451 2154 719 2195 habitaculo
751 2154 946 2205 pacifice
969 2161 1013 2195 et
1040 2155 1290 2206 tranquille
1312 2165 1658 2206 permanemus.
1694 2151 1777 2192 Su-

131 2237 233 2265 mus
263 2232 418 2266 autem
445 2232 645 2277 quatuor
671 2237 866 2266 numero
896 2225 1081 2266 fratres.
1116 2226 1166 2266 P.
1199 2225 1499 2274 Leonardus,
1538 2231 1778 2275 tamquam

129 2296 414 2337 fortissimus
449 2296 606 2348 Atlas,
645 2298 772 2337 solus
804 2308 944 2337 curas
972 2297 1138 2337 domus
1168 2303 1211 2337 et
1242 2297 1403 2337 varios
1433 2297 1618 2336 labores
1653 2295 1775 2335 inde-

132 2368 253 2408 fesse
274 2368 488 2408 sustinet.
511 2368 631 2408 Nam
652 2368 849 2420 singulis
871 2368 1033 2408 diebus
1059 2368 1213 2417 multi,
1242 2375 1339 2408 tum
1373 2366 1643 2407 scholastici
1670 2366 1775 2405 bac-

133 2439 335 2479 caulerei
364 2439 474 2489 (sic)
506 2440 741 2490 magistri,
765 2446 863 2480 tum
892 2439 1121 2490 religiosi,
1155 2438 1456 2491 patriarchae
1490 2438 1741 2478 Vestalium
1763 2436 1777 2454 '³

132 2523 237 2551 eum
257 2510 576 2562 frequentant,
600 2523 800 2562 quorum
832 2511 910 2551 alii
941 2511 1135 2551 consilia
1167 2511 1374 2551 salubria
1403 2516 1587 2562 petunt,
1618 2509 1697 2549 alii
1718 2508 1779 2548 ad

132 2582 441 2623 confessionis
480 2582 687 2622 remedia
727 2583 1027 2634 confugiunt;
1069 2582 1328 2622 accersitur
1368 2581 1509 2621 etiam
1548 2591 1776 2620 nonnum-

131 2665 271 2706 quam
293 2653 352 2694 ad
374 2659 596 2705 aegrotos
617 2654 664 2694 in
694 2654 987 2706 spiritualem
1017 2653 1251 2694 medicum
1283 2652 1341 2692 ad
1368 2651 1650 2692 medendum
1682 2651 1776 2691 ani-

130 2737 234 2766 mae
255 2725 444 2766 morbis.
468 2725 570 2778 Ipse
592 2731 747 2765 autem
768 2724 908 2765 Pater
929 2725 1019 2766 hac
1041 2736 1191 2765 messe
1214 2723 1405 2764 Domini
1424 2723 1579 2774 magis
1601 2722 1777 2774 gaudet

131 2808 273 2848 quam
303 2797 514 2848 agricola
545 2795 712 2848 opimis
733 2802 777 2836 et
797 2796 1025 2847 gravibus
1057 2796 1215 2837 aristis
1244 2795 1507 2846 segetibus,
1538 2793 1777 2846 paratissi—

190 2981 200 3001 ¹
240 2981 328 3008 Tota
343 2981 573 3016 autographa,
591 2981 715 3016 duplici
733 2981 822 3015 folio,
840 2989 871 3008 n.
891 2982 950 3008 128.

188 3029 201 3048 *2
239 3028 444 3056 Sacerdotes
460 3029 657 3057 monialium
673 3030 891 3057 monasteriis
907 3029 1084 3063 praefecti.
