2080 3392
331 200 402 237 224
842 200 1065 237 LITTERAE
1093 211 1453 242 QUADRIMESTRES

332 302 517 348 perant,
541 302 733 348 peccata
756 308 841 336 sua
861 297 1035 336 nostris
1060 296 1276 337 Patribus
1303 297 1585 343 confessuri,
1609 298 1880 348 pollicentes
1911 312 1962 338 se

332 367 529 418 singulis
563 367 818 418 quibusque
852 368 1088 407 mensibus
1124 367 1245 408 idem
1279 379 1381 408 esse
1415 368 1636 408 facturos.
1674 368 1724 408 In
1759 369 1959 420 quodam

331 439 440 477 item
469 438 558 477 alio
586 438 814 488 nonnulli,
850 438 927 489 qui
953 450 1002 478 se
1029 439 1230 478 invicem
1266 438 1369 478 odio
1398 438 1586 489 capitali
1620 439 1959 490 prosequeban-

331 515 424 558 tur,
449 507 507 547 ad
529 508 783 548 amicitiam
804 510 1014 549 revocati
1034 515 1155 549 sunt.
1187 508 1257 548 De
1287 508 1453 560 quibus
1480 520 1599 548 unus
1621 509 1667 548 in
1688 511 1858 561 templo
1879 521 1957 561 pu-

331 579 448 618 blice
468 579 653 619 veniam
676 580 733 618 ab
755 591 808 619 eo
831 580 982 631 petiit,
1006 580 1144 632 idque
1166 579 1340 620 affatim
1363 579 1666 619 defluentibus
1687 580 1962 631 lachrymis.

329 662 355 688 a
377 661 468 700 quo
488 649 641 690 fuerat
663 649 857 690 affectus
880 649 1067 701 injuria;
1091 651 1136 690 id
1157 649 1280 701 quod
1302 651 1482 701 plebem
1500 651 1769 690 universam
1786 650 1845 690 ad
1866 651 1957 702 pie-

330 726 473 760 tatem
494 726 538 760 et
557 720 827 772 lachrymas
848 721 1257 761 vehementissime
1279 720 1518 761 excitavit.

408 791 546 830 Pater
567 802 680 831 vero
701 791 758 831 D.
785 791 1021 832 Gonzalus
1043 791 1069 843 ¹,
1092 798 1196 843 post
1217 791 1392 842 aliquot
1408 790 1677 830 Bracharae
1694 796 1965 831 transactos-

329 861 449 912 dies,
474 860 810 912 Portugalliam
831 862 844 880 ‘²
866 862 932 902 ire
949 861 1106 914 jussus
1135 868 1223 909 est:
1254 862 1319 902 ita
1348 861 1447 902 fieri
1473 861 1749 912 cogentibus
1777 861 1961 912 incolis,

328 933 405 972 ubi
427 938 470 972 et
490 932 546 972 de
568 932 640 972 die
661 939 704 972 et
725 933 781 973 de
801 939 937 973 nocte
958 939 1144 973 strenue
1173 933 1426 983 laboravit,
1458 938 1556 972 tum
1582 932 1628 971 in
1656 932 1959 972 concionibus

329 1010 468 1054 atque
489 1003 888 1044 cohortationibus
908 1004 1235 1053 familiaribus,
1260 1010 1356 1044 tum
1377 1004 1423 1043 in
1449 1002 1692 1043 audiendis
1723 1003 1960 1054 poeniten—

329 1075 444 1114 tium
474 1074 864 1125 confessionibus,
886 1081 983 1115 tum
1004 1075 1050 1115 in
1077 1075 1447 1115 administrando
1475 1085 1612 1114 sacro
1633 1073 1975 1125 Eucharistiae

328 1151 639 1186 sacramento.
670 1146 911 1197 Tantoque
939 1147 1126 1197 pietatis
1153 1146 1306 1186 studio
1334 1145 1565 1196 flagrabat
1586 1145 1625 1184 is
1646 1145 1864 1195 populus,
1894 1150 1961 1194 ut,

327 1216 435 1267 quia
456 1217 676 1268 nequibat
697 1217 831 1256 aliter
854 1217 1067 1256 omnibus
1087 1216 1383 1266 satisfacere,
1418 1216 1535 1255 bene
1567 1226 1788 1265 magnam
1810 1214 1962 1254 noctis

327 1292 509 1337 partem
539 1287 934 1339 praemeditandis
962 1287 1265 1327 concionibus
1295 1294 1340 1326 et
1369 1286 1584 1338 precibus
1615 1285 1815 1325 horariis
1846 1285 1959 1325 reci-

326 1357 480 1397 tandis
508 1357 605 1397 fere
641 1369 823 1409 semper
859 1358 1126 1409 impendere
1158 1363 1418 1408 cogeretur.
1451 1356 1747 1407 Quamquam
1774 1367 1860 1395 nec
1893 1356 1959 1395 sic

326 1428 511 1479 quidem
534 1429 746 1468 omnibus
766 1435 964 1480 poterat.
997 1428 1073 1468 Ad
1103 1427 1200 1479 ejus
1228 1429 1480 1468 conciones
1507 1427 1743 1478 publicas,
1777 1426 1837 1466 ad
1858 1438 1958 1478 pec-

326 1505 429 1538 cata
460 1499 728 1551 frequenter
759 1499 1022 1539 confitenda
1055 1499 1498 1551 percipiendamque
1525 1509 1711 1538 sacram
1741 1497 1959 1548 synaxim

324 1570 705 1610 numerosissima
727 1569 966 1610 hominum
986 1571 1124 1610 turba
1146 1570 1428 1620 confluebat,
1463 1575 1512 1609 ut
1540 1569 1708 1609 festum
1729 1568 1960 1608 natalitio-

325 1652 427 1680 rum
447 1640 637 1680 Domini
653 1641 801 1681 nostri
821 1641 930 1693 Jesu
952 1640 1125 1681 Christi
1145 1640 1327 1680 Pascha
1353 1640 1730 1680 Resurrectionis
1752 1638 1961 1690 ejusdem

324 1711 474 1751 videri
494 1718 671 1763 posset,
695 1723 804 1751 nam
824 1718 1008 1763 praeter
1031 1712 1147 1751 alias
1174 1711 1614 1751 communicantium
1646 1721 1854 1760 mensas,
1880 1709 1957 1749 ali—

324 1788 434 1833 quot
454 1781 533 1822 300
553 1783 765 1823 homines
786 1777 1106 1833 co'ntinebant3
1131 1783 1338 1834 exceptis
1359 1783 1499 1822 etiam
1529 1781 1810 1834 quotidianis
1832 1792 1953 1820 com-

324 1853 639 1905 munionibus,
664 1866 796 1904 quae,
822 1854 1026 1905 quandiu
1048 1855 1110 1894 ibi
1131 1860 1340 1894 moratus
1361 1860 1452 1905 est,
1477 1865 1570 1893 non
1591 1858 1850 1892 cessarunt.
1874 1850 1953 1890 Vi—

323 1925 439 1974 ginti
461 1936 642 1976 quoque
664 1926 766 1976 plus
788 1925 939 1965 minus
960 1925 1171 1965 homines
1193 1925 1250 1965 ab
1272 1937 1325 1964 eo
1348 1925 1482 1964 solita
1499 1923 1722 1964 exercitia
1739 1922 1954 1973 spiritua-

323 1995 383 2034 lia
406 2002 731 2046 perceperunt‚
752 2008 950 2047 quorum
978 1996 1117 2036 etiam
1143 1997 1387 2046 generales
1416 1995 1733 2035 confessiones
1761 1993 1955 2033 audivit.

403 2066 499 2105 Iam
526 2078 638 2106 vero
665 2067 711 2106 in
738 2067 826 2106 hac
862 2067 962 2118 ipsa
993 2068 1204 2117 civitate,
1237 2073 1282 2107 et
1317 2066 1620 2106 concionibus
1654 2064 1875 2116 publicis,
1913 2069 1959 2103 et

324 2137 692 2177 confessionibus
720 2138 981 2187 audiendis,
1016 2144 1059 2177 et
1090 2137 1372 2178 conferendo
1404 2136 1760 2177 Sanctissimum
1793 2133 1955 2176 Sacra-

324 2214 530 2247 mentum
552 2208 764 2259 corporis
786 2208 973 2247 Domini
995 2208 1142 2248 nostri
1162 2208 1272 2260 Jesu
1300 2207 1493 2257 Christi,
1525 2212 1755 2257 augentur
1782 2206 1828 2245 in
1857 2205 1958 2244 dies

324 2279 476 2329 magis
498 2290 553 2318 ac
575 2279 725 2328 magis
746 2279 1013 2330 spirituales
1034 2284 1305 2330 proventus.
1331 2278 1447 2318 Cum
1469 2278 1592 2317 enim
1623 2277 1784 2317 diebus
1815 2275 1955 2315 domi-

323 2350 440 2389 nicis
460 2350 620 2400 lapsae
641 2349 1051 2401 quadragesimae,
1085 2348 1207 2390 idem
1238 2350 1313 2389 ille
1343 2349 1481 2389 Pater
1503 2361 1529 2388 a
1551 2348 1747 2400 prandio
1770 2346 1954 2386 concio·

323 2425 513 2460 nasetur
535 2420 581 2460 in
603 2420 773 2471 templo
795 2420 1167 2469 Misericordiae,
1192 2420 1313 2471 quod
1344 2420 1390 2459 in
1420 2419 1572 2459 media
1605 2418 1795 2458 civitate
1817 2417 1955 2457 situm

323 2497 392 2530 est
415 2491 478 2540 (ut
500 2491 616 2530 alios
636 2491 821 2530 interim
843 2502 1081 2530 sermones
1103 2497 1303 2540 taceam,
1328 2490 1499 2541 partim
1515 2489 1561 2529 in
1580 2488 1784 2539 Collegio
1806 2487 1952 2538 Regio

323 2561 382 2600 ad
403 2562 732 2612 scholasticos,
756 2562 925 2612 partim
947 2562 1048 2601 aliis
1066 2562 1111 2600 in
1128 2562 1244 2601 locis
1261 2562 1473 2610 habitos),
1499 2560 1614 2600 adeo
1634 2559 1781 2599 crevit
1798 2569 1954 2598 nume-

323 2643 402 2671 rus
424 2631 741 2672 confitentium
770 2638 964 2683 peccata
985 2643 1068 2671 sua
1098 2637 1141 2671 et
1171 2631 1614 2671 communicantium
1644 2636 1812 2669 octavo
1844 2639 1950 2679 quo-

324 2714 411 2753 que
433 2702 527 2752 die,
551 2708 600 2741 ut
622 2709 910 2753 compertum
932 2702 989 2741 sit
1011 2702 1134 2754 apud
1155 2714 1240 2741 nos
1267 2701 1556 2742 solummodo
1587 2700 1781 2750 singulis
1811 2698 1951 2738 domi-

323 2773 440 2812 nicis
459 2773 620 2812 diebus
644 2773 730 2822 120,
755 2779 853 2812 tum
873 2773 1001 2812 Viros
1032 2778 1129 2812 tum
1161 2772 1402 2821 foeminaS,
1423 2779 1466 2812 et
1499 2783 1551 2811 eo
1583 2771 1780 2822 amplius
1802 2769 1861 2809 ad
1882 2779 1951 2808 sa-

377 2956 385 2974 ¹
428 2954 461 2981 P.
476 2954 704 2981 Gundisalvus
720 2954 889 2990 Sylveira.
904 2955 991 2983 Vide
1004 2955 1170 2988 POLANco,
1189 2955 1390 2986 Clzrom'coaz,
1405 2958 1427 2981 t.
1444 2961 1491 2987 ΙΙΙ,
1509 2962 1586 2988 pag.
1602 2953 1663 2985 413,
1681 2961 1709 2979 n.
1727 2952 1788 2979 910.

376 3003 389 3020 ’ὲ
427 3001 472 3028 Ut
487 3007 602 3028 notum
618 3007 685 3036 est,
701 3002 762 3029 hoc
779 3003 881 3029 etiam
897 3003 1026 3031 nomine
1039 3003 1231 3037 appellatur
1245 3004 1325 3030 urbs
1342 3002 1462 3028 Portus
1478 3001 1606 3031 (Porto,
1625 3000 1649 3027 O
1663 3000 1793 3033 Porto).
