2080 3392
836 212 920 250 AN.
949 211 1043 250 1552
1713 214 1761 251 37

123 310 258 351 nobis
293 309 559 361 exiguntur,
591 309 747 361 qualia
773 309 930 360 qualia
958 314 1085 358 sunt,
1116 308 1208 348 huc
1238 307 1549 360 proferemus,
1577 309 1759 350 etiamsi

123 381 382 431 exiguitate
403 380 679 420 minutulam
702 380 824 420 illius
844 379 1016 420 viduae
1038 384 1280 430 superent,
1303 378 1441 418 modo
1470 377 1568 429 ejus
1598 380 1760 421 libera-

122 452 303 492 litatem
337 451 668 504 quoquomodo
705 451 879 491 imitari
911 451 1131 502 gestiant.
1164 449 1370 489 Tametsi
1398 450 1487 490 hac
1515 451 1760 492 ratiocina-

122 524 248 564 tione
284 523 473 563 omnino
508 523 651 562 nolim
684 522 927 573 ignaviam
960 527 1174 561 nostram
1209 521 1385 561 sarcire
1426 527 1564 572 atque
1601 523 1763 563 eadem

122 606 265 646 opera
285 593 391 634 fidei
411 594 597 634 illorum
618 594 869 646 quicquam
888 592 1151 642 detrahere,
1176 603 1268 643 qua
1289 598 1333 632 et
1354 591 1473 632 haec
1494 592 1582 632 Dei
1599 593 1760 634 benefi-

123 666 195 706 cia
216 666 472 717 impetrant
493 672 826 717 exponuntque
850 663 1014 705 eadem
1036 669 1199 704 sancte
1222 664 1268 703 in
1289 675 1496 704 usuram.

203 737 399 777 Dimissi
419 737 576 789 itaque
598 737 655 776 ab
676 736 817 785 Urbe,
842 735 1000 776 statim
1022 735 1078 774 de
1094 734 1348 785 legationis
1364 741 1554 775 nostrae
1573 735 1722 775 officio
1740 748 1767 775 a

122 808 347 848 fratribus
371 808 570 859 cogitari
591 813 809 859 coeptum
830 813 920 858 est,
946 818 1002 846 ac
1023 806 1070 846 in
1091 805 1242 858 primo
1269 805 1531 846 diversorio
1553 807 1768 858 protinus

124 880 404 928 declamari,
446 879 689 931 proposito
729 879 960 928 themate,
1003 877 1118 918 satis
1158 883 1206 917 ut
1245 877 1492 917 videbatur
1533 878 1765 930 apposito:

138 951 325 991 Vivitur
345 963 410 991 ex
428 938 588 1002 Papto,
609 961 703 990 non
730 950 903 1000 hospes
932 949 988 989 ab
1015 949 1202 1000 hospite
1229 951 1364 988 tutus
1389 947 1414 986 ¹.
1445 949 1511 989 Eo
1533 961 1646 989 vero
1677 949 1767 989 hoc

125 1022 309 1063 avidius
330 1022 672 1063 conveniebant
694 1022 926 1073 hospites,
951 1033 1041 1072 quo
1062 1021 1217 1061 minus
1238 1032 1286 1060 se
1310 1032 1336 1060 a
1363 1021 1498 1060 nobis
1527 1022 1767 1071 expectari

122 1093 415 1146 Judicabant‚
441 1094 565 1146 quod
588 1093 798 1134 studiose
828 1093 992 1144 fiebat,
1025 1093 1171 1133 veluti
1200 1098 1561 1144 expectaremus
1587 1099 1770 1132 tantum

126 1166 276 1206 donec
317 1171 449 1206 aestu
484 1166 725 1217 paululum
764 1165 961 1205 remisso
1000 1175 1326 1216 pergeremus;
1369 1170 1508 1215 atque
1547 1165 1636 1204 hac
1668 1170 1768 1204 arte

126 1249 220 1278 non
242 1239 391 1278 solum
413 1237 695 1278 audiverunt
717 1237 772 1277 de
791 1237 972 1288 justitia
993 1236 1251 1287 servanda,
1282 1234 1530 1287 injustitia,
1567 1236 1771 1275 avaritia

127 1309 418 1361 caeterisque
449 1308 495 1349 id
515 1320 685 1360 genus,
717 1308 884 1360 quibus
915 1308 1120 1348 humana
1149 1307 1303 1347 studia
1333 1306 1459 1347 infici
1489 1308 1658 1357 solent,
1693 1319 1770 1346 ve-

127 1393 231 1421 rum
251 1381 393 1421 etiam
414 1386 459 1421 et
481 1379 741 1431 cujusmodi
762 1392 865 1420 esse
887 1380 1023 1420 debet
1046 1379 1248 1419 officium
1278 1378 1480 1418 hominis
1508 1372 1767 1428 christiani,

126 1453 214 1494 hoc
236 1453 283 1493 in
304 1452 479 1493 mundo
499 1451 758 1504 peregrini,
784 1452 922 1503 idque
943 1451 1125 1491 duobus
1156 1450 1259 1490 aliis
1286 1450 1510 1490 fratribus
1543 1450 1769 1490 disseren-

126 1525 269 1573 tibus3
295 1525 443 1565 altero
465 1536 525 1564 ex
545 1524 616 1564 his
638 1524 857 1575 Apostoli
878 1524 1037 1564 verbis
1055 1535 1062 1574 3
1085 1522 1249 1563 Dz'dz’cz'
1264 1522 1313 1562 ιἰι
1335 1522 1503 1573 quibus
1529 1534 1636 1562 snm
1669 1533 1771 1561 con-

125 1600 287 1636 tentus
321 1608 423 1636 esse
455 1595 483 1636 ².
514 1595 679 1636 Altero
708 1607 823 1636 Vero
851 1607 910 1635 ex
939 1595 1152 1635 oratione
1186 1594 1439 1643 dominica,
1473 1594 1657 1633 Panem
1694 1605 1770 1633 no-

124 1672 282 1708 strum
323 1667 654 1719 quotidianum
693 1667 755 1707 da
795 1666 929 1706 nobis
966 1666 1116 1706 hodie.
1164 1665 1320 1717 Atque
1359 1665 1498 1705 simili
1543 1665 1771 1705 industria

126 1745 343 1780 curatum
377 1745 467 1788 est,
505 1745 555 1779 ut
589 1739 758 1790 ubique
787 1750 874 1790 pro
903 1738 1105 1778 diversis
1132 1737 1375 1777 hominum
1406 1737 1768 1786 conditionibus,

124 1811 171 1851 in
194 1823 310 1863 quos
337 1810 680 1862 incidebamUS,
712 1810 956 1862 appositus
985 1809 1271 1860 deligeretur
1298 1809 1454 1858 cibus,
1484 1815 1581 1848 tam
1610 1809 1656 1848 in
1682 1809 1769 1860 pri-

123 1883 249 1923 vatis
271 1882 692 1933 cohortationibus,
717 1894 858 1934 quam
879 1882 1079 1933 publicis
1101 1881 1431 1931 concionibus,
1464 1880 1602 1932 idque
1631 1879 1770 1919 modo

125 1954 172 1994 in
194 1953 346 2005 agris,
370 1953 509 1994 modo
530 1954 578 1993 in
599 1953 759 2005 pagis,
784 1952 1037 2005 oppidulis‚
1064 1959 1205 2004 atque
1228 1952 1346 1992 adeo
1369 1952 1415 1991 in
1436 1952 1550 2003 ipsis
1573 1951 1767 1991 civitati-

123 2025 233 2076 bus3
257 2025 370 2076 hoc,
394 2025 606 2077 inquam,
628 2025 903 2065 studebatur
924 2024 1139 2065 omnibus
1160 2024 1251 2064 illis
1279 2030 1328 2064 ut
1359 2036 1385 2063 a
1415 2023 1510 2064 suis
1533 2023 1770 2063 erroribus

123 2097 442 2148 unusquisque
464 2097 524 2136 ad
545 2097 760 2137 veritatis
783 2097 968 2146 asylum
989 2096 1182 2147 rediret,
1205 2096 1281 2136 hic
1303 2107 1330 2135 a
1351 2095 1658 2135 seditionibus
1679 2106 1769 2133 me-

125 2168 329 2208 ditandis
350 2168 730 2220 blasphemisque
751 2168 1070 2219 sermonibus,
1096 2168 1170 2207 ille
1198 2179 1312 2207 vero
1341 2167 1398 2206 ab
1422 2167 1528 2207 odio
1559 2179 1586 2206 a
1615 2166 1771 2206 multis

122 2237 219 2290 jam
240 2240 376 2279 annis
399 2245 644 2279 contracto
667 2239 988 2290 similibusque
1006 2239 1155 2289 vitiis3
1179 2239 1303 2290 quod
1319 2238 1408 2278 Dei
1424 2237 1647 2278 beneficio
1666 2249 1769 2276 con-

125 2310 229 2362 tigit
249 2322 626 2362 nonnumquam,
651 2317 700 2351 ut
720 2311 931 2363 pluribus
952 2323 1045 2351 non
1068 2311 1294 2351 dicamus.
1319 2310 1474 2350 Etiam
1504 2309 1559 2349 de
1581 2309 1768 2360 hospiti-

125 2382 211 2422 bus
232 2382 430 2432 nostris,
468 2394 585 2434 quos
605 2383 678 2434 pie
700 2388 745 2422 et
767 2389 952 2433 sancte,
978 2394 1097 2434 quae
1118 2382 1253 2422 nobis
1281 2382 1387 2422 illac
1418 2380 1771 2421 transeuntibus

125 2459 429 2505 acceperant,
454 2453 597 2493 etiam
616 2465 741 2494 nunc
763 2465 957 2494 servare
978 2454 1237 2494 retulerunt
1259 2453 1448 2505 quidam
1470 2464 1526 2491 ex
1548 2451 1771 2492 fratribus

124 2525 321 2575 nostris,
347 2525 427 2576 qui
446 2524 599 2564 Roma
619 2525 709 2565 hac
730 2526 818 2565 iter
838 2525 1065 2566 fecerunt.

205 2595 450 2636 Perusiam
471 2596 628 2648 itaque
649 2596 838 2637 tandem
862 2597 1071 2649 appulsis
1092 2596 1299 2637 occurrit
1320 2595 1459 2635 homo
1481 2594 1671 2645 quidam
1691 2592 1767 2633 So-

126 2666 307 2707 cietatis
340 2674 533 2707 nostrae
567 2668 855 2718 peramicus,
887 2668 965 2720 qui
994 2668 1145 2708 obviis
1172 2667 1294 2707 ulnis
1326 2678 1381 2706 ac
1412 2666 1572 2705 osculo
1603 2671 1767 2704 sancto

125 2749 211 2778 nos
249 2738 454 2790 excepit,
492 2744 666 2778 tractat
700 2738 1038 2780 humanissime
1074 2738 1325 2789 statimque
1361 2736 1420 2777 ad
1449 2736 1504 2776 R.
1534 2735 1590 2776 D.
1627 2735 1764 2775 Vica-

124 2809 247 2849 rium
282 2810 520 2861 perducit,
561 2810 640 2862 qui
674 2816 719 2850 et
752 2811 852 2863 ipse
887 2811 1051 2851 eodem
1078 2810 1229 2850 officio
1266 2821 1351 2849 nos
1386 2807 1683 2859 amplectitur
1712 2819 1767 2846 ac

182 2992 190 3010 ¹
232 2991 330 3019 Ovid.

180 3039 193 3057 ”²
233 3039 299 3073 Sic,
316 3046 455 3069 Sensum
472 3046 586 3070 tamen
603 3048 635 3070 et
648 3051 712 3071 non
728 3044 846 3077 verba,
861 3048 961 3077 prout
977 3043 1031 3070 hic
1047 3042 1264 3075 adhibentur,
1276 3042 1309 3069 in
1324 3041 1420 3070 Pauli
1437 3042 1588 3076 epistolis
1606 3040 1768 3067 invenies
