2080 3392
846 184 930 221 ΑΝ.
962 183 1054 220 1553
1705 180 1777 218 489

134 290 274 336 atque
305 284 369 323 ita
396 294 622 335 processu
653 282 880 334 temporis
906 282 1006 322 fore
1034 281 1309 322 confidimus
1338 287 1410 331 ut,
1440 280 1596 331 gratia
1626 279 1773 331 opitu-

131 356 257 395 lante
280 355 461 406 divina,
487 366 670 404 omnes,
694 354 741 394 in
762 353 1047 394 solemnibus
1068 353 1312 393 minimum
1333 352 1484 402 festis,
1509 351 1678 391 horum
1703 362 1771 390 sa-

131 432 480 467 cramentorum
501 426 692 466 uberem
712 430 952 476 reportent
974 423 1201 474 fructum,
1226 435 1403 475 suoque
1432 422 1645 474 exemplo
1676 427 1773 461 tan-

131 497 238 538 dem
257 497 338 538 filii
357 498 433 537 vel
454 497 599 537 invita
622 501 870 548 parentum
893 495 1037 535 corda
1059 495 1118 535 ad
1139 495 1448 535 christianam
1479 495 1571 534 sint
1598 493 1772 534 emolli-

131 569 225 609 turi
263 570 501 621 pietatem.
539 567 696 619 Atque
734 567 852 606 haec
888 566 1003 606 satis
1038 567 1094 607 de
1128 566 1307 617 pueris,
1349 577 1547 617 quorum
1586 564 1774 616 quidem

130 652 354 681 numerus
376 640 683 680 vehementer
703 638 877 688 crevit,
904 644 953 677 ut
974 638 1021 676 in
1043 649 1135 677 una
1157 637 1298 676 etiam
1319 637 1469 677 classe
1491 637 1648 687 plures
1670 647 1771 676 cen-

131 719 230 753 tum
251 713 530 762 habeamus;
553 710 777 761 brevique
798 721 988 760 novam,
1008 715 1195 760 praeter
1212 716 1307 748 tres
1330 709 1463 759 alias,
1488 708 1773 748 constituere

134 784 338 824 classem
359 782 668 823 decrevimus.

211 855 371 896 Nostri
398 854 669 894 sacerdotes
695 860 739 894 et
769 853 845 893 alii
872 852 1081 892 nonnulli
1105 850 1130 901 ¹,
1160 857 1209 891 ut
1231 851 1287 891 de
1317 851 1389 891 his
1421 862 1571 902 pauca
1602 851 1771 900 dicam,

132 926 379 978 diligenter
407 932 451 965 et
477 915 650 976 magno
681 925 797 965 satis
829 935 935 970 cum
962 923 1117 963 fructu
1144 934 1255 962 suas
1287 922 1562 962 continuant
1592 922 1772 962 concio-

130 1008 235 1047 nes;
270 997 500 1048 imprimis
521 996 569 1037 P.
595 995 772 1037 Canisii
802 994 1094 1047 praedicatio
1124 993 1296 1033 indies
1325 994 1479 1044 magis
1510 994 1771 1044 magisque,

129 1075 227 1109 tum
253 1068 430 1120 Regiae
459 1067 744 1120 Majestatis,
778 1073 876 1107 tum
904 1066 1086 1118 populi,
1118 1065 1451 1115 attentionem,
1483 1065 1695 1105 savorem
1731 1070 1775 1104 et

130 1140 333 1192 gratiam
355 1140 525 1180 mereri
545 1139 873 1191 comperimus.
895 1138 953 1188 Is,
977 1143 1242 1189 postquam,
1266 1137 1423 1188 gratia
1440 1136 1557 1183 Deo,
1582 1149 1608 1176 a
1630 1136 1773 1183 febre,

131 1224 223 1263 qua
251 1212 512 1264 periculose
547 1212 661 1252 satis
688 1211 947 1260 laboravit,
978 1209 1231 1259 evasisset,
1263 1214 1445 1248 tantum
1476 1209 1606 1248 abest
1638 1215 1685 1248 ut
1717 1209 1774 1247 ab

131 1284 220 1324 hoc
255 1284 560 1336 praedicandi
591 1295 782 1324 munere
819 1283 878 1323 sit
911 1281 1127 1332 feriatus,
1159 1288 1207 1321 ut
1234 1287 1278 1321 et
1306 1281 1438 1321 labor
1467 1281 1526 1321 sit
1554 1281 1595 1320 ei
1624 1280 1776 1331 magis

132 1362 312 1396 auctus.
338 1356 478 1406 Nam,
502 1356 612 1396 licet
640 1355 788 1406 Regia
809 1353 1032 1405 Majestas
1059 1354 1160 1405 ipso
1189 1359 1398 1392 uteretur
1420 1352 1773 1400 concionatore,

130 1435 287 1468 tamen
309 1428 522 1479 publicae
543 1427 696 1478 magis
718 1426 905 1467 utilitati
926 1437 1067 1478 quam
1098 1425 1313 1476 privatae
1343 1424 1556 1474 studens,
1592 1425 1774 1463 consul-

130 1500 223 1540 tius
256 1499 356 1539 fore
391 1499 576 1551 putavit
603 1499 642 1539 si
671 1499 718 1538 in
745 1509 928 1538 summa
956 1503 1000 1537 et
1029 1496 1289 1537 cathedrali
1324 1496 1537 1536 Ecclesia
1574 1495 1775 1535 serviret

128 1571 321 1623 populo;
356 1570 437 1610 sed
466 1582 572 1610 cum
601 1569 724 1610 idem
749 1568 851 1609 Rex
877 1569 925 1608 in
950 1568 1082 1608 festis
1108 1567 1334 1608 natalitiis
1363 1567 1602 1607 ordinario
1637 1567 1773 1607 desti-

128 1647 339 1682 tueretur
378 1641 737 1691 concionatore,
780 1640 840 1681 ad
880 1639 1120 1681 Canisium
1161 1639 1276 1679 itum
1314 1644 1408 1689 est,
1458 1639 1537 1690 qui
1576 1638 1773 1690 proinde

130 1719 378 1765 utrumque
413 1712 720 1764 praedicandi
756 1723 944 1759 munus,
979 1711 1067 1751 hoc
1096 1716 1188 1761 est,
1221 1717 1266 1751 et
1295 1710 1419 1762 apud
1447 1709 1627 1761 Regem
1658 1716 1702 1749 et
1731 1710 1777 1749 in

128 1786 301 1836 templo
334 1797 533 1835 summo,
570 1796 664 1824 non
701 1784 801 1824 sine
828 1783 1007 1835 ingenti
1042 1783 1227 1831 labore,
1260 1782 1420 1831 subiit;
1451 1793 1562 1822 nam
1598 1781 1772 1830 statim,

129 1857 341 1897 absoluta
366 1856 593 1896 concione
614 1867 728 1905 una,
753 1855 839 1895 fuit
859 1855 923 1895 illi
945 1854 1003 1894 ad
1025 1855 1225 1894 alteram
1256 1854 1346 1894 alio
1376 1854 1423 1893 in
1454 1854 1557 1894 loco
1582 1864 1773 1905 progre-

130 1928 364 1968 diendum.
386 1928 516 1978 Quae
539 1939 613 1967 res
634 1927 772 1967 efficit
792 1933 842 1966 ut
864 1927 1016 1977 magis
1038 1937 1093 1965 ac
1115 1925 1268 1976 magis
1289 1925 1608 1965 increbrescat
1631 1931 1773 1976 atque

131 2005 360 2050 augeatur
382 1999 529 2050 ipsius
551 1998 675 2050 apud
696 2009 858 2038 omnes
886 1997 1031 2047 fama;
1056 2009 1150 2037 non
1181 1998 1332 2036 solum
1362 2002 1518 2036 autem
1547 1995 1665 2047 ejus,
1699 1996 1780 2036 sed

135 2077 180 2111 et
202 2071 400 2110 aliorum
421 2070 623 2110 fratrum
648 2076 937 2117 nostrorum,
971 2069 1050 2120 qui
1080 2074 1125 2108 et
1152 2068 1241 2119 ipsi
1270 2068 1626 2117 concionantur,
1660 2079 1778 2119 quos

132 2153 237 2182 cum
260 2142 307 2182 in
327 2142 490 2193 primis
512 2153 649 2181 rarus
677 2141 792 2181 satis
820 2141 970 2181 adiret
996 2141 1220 2192 populus,
1253 2140 1327 2180 vel
1354 2139 1462 2191 quia
1493 2139 1664 2190 ignoti,
1698 2140 1774 2178 vel

131 2213 239 2264 quia
260 2213 470 2253 nonnulli
491 2224 585 2252 non
606 2212 670 2252 ita
687 2213 942 2263 eleganter,
962 2218 1013 2252 ut
1034 2211 1231 2251 istorum
1246 2211 1513 2262 prurientes
1534 2210 1778 2261 requirunt

133 2295 295 2335 aureS,
319 2284 408 2323 hoc
437 2284 610 2324 idioma
636 2284 881 2333 callerent,
915 2283 981 2323 ita
1010 2289 1061 2322 ut
1088 2284 1135 2322 in
1163 2282 1327 2333 primis
1355 2280 1625 2321 instandum
1654 2288 1777 2321 esset

133 2356 256 2407 apud
279 2367 381 2406 eos,
406 2367 605 2407 quorum
626 2355 851 2395 intererat
873 2355 1098 2406 templum
1120 2353 1402 2404 concedere,
1436 2359 1485 2392 ut
1517 2353 1676 2392 liceret
1700 2352 1777 2392 ali-

132 2427 320 2479 quando
357 2428 528 2478 populo
563 2427 709 2466 verba
744 2426 922 2476 facere,
962 2437 1085 2465 nunc
1113 2425 1339 2477 paulatim
1366 2431 1638 2464 nostrorum
1670 2435 1776 2463 con-

134 2499 346 2539 cionibus
369 2498 489 2537 affici
510 2497 744 2538 videntur.
779 2497 959 2537 Instant
981 2497 1104 2537 enim
1131 2503 1392 2547 urgentque
1422 2502 1471 2535 ut
1502 2495 1778 2535 continuare

132 2570 293 2620 velint,
317 2569 415 2609 fore
438 2569 712 2620 pollicentes
734 2575 779 2608 et
799 2579 1025 2619 magnum
1047 2567 1331 2607 auditorium
1352 2573 1397 2606 et
1418 2567 1657 2617 ingentem
1683 2566 1775 2606 fru-

133 2648 273 2682 ctum.
299 2641 348 2681 In
371 2652 574 2691 summa,
599 2646 788 2691 praeter
809 2640 947 2690 alios,
973 2650 1090 2691 quos
1116 2639 1224 2678 hinc
1257 2639 1437 2688 amplos
1465 2638 1646 2678 fructus
1675 2649 1776 2689 spe-

133 2725 307 2759 ramus,
331 2713 420 2752 hoc
442 2712 646 2752 maxime
668 2711 984 2763 assequimur:
1010 2709 1134 2762 quod
1156 2710 1310 2761 magis
1332 2710 1378 2749 in
1401 2709 1500 2749 dies
1527 2708 1777 2749 Societatis

133 2790 323 2824 nostrae
344 2784 493 2824 bonus
513 2788 768 2834 spargatur
785 2782 915 2822 odor.

214 2855 318 2895 Non
345 2856 470 2895 enim
499 2854 575 2895 hic
605 2854 850 2894 dumtaxat
880 2859 1151 2893 nostrorum
1181 2864 1324 2904 opera
1352 2851 1661 2901 desideratur,
1696 2851 1778 2891 sed

190 3016 199 3035 ¹
240 3015 442 3043 Scholastici
458 3016 600 3050 scilicet,
617 3016 672 3050 qui
688 3016 835 3043 nondum
850 3018 949 3042 erant
964 3014 1173 3042 sacerdotes.
