2080 3392
858 187 942 224 AN.
974 187 1066 225 1553
1209 178 1212 179 ’
1716 188 1782 226 481

154 283 317 335 viginti
338 284 540 336 quinque
561 285 773 326 homines
801 297 859 326 ex
886 297 978 325 una
1006 285 1208 326 factione
1236 298 1291 326 ac
1320 286 1512 326 totidem
1535 299 1593 326 ex
1620 286 1785 327 adver·

148 367 222 406 sa,
246 356 323 406 qui
344 356 585 408 praecipui
605 357 913 406 habebantur,
933 357 1064 409 pacis
1086 357 1276 397 foedera
1298 357 1615 410 chirographo
1633 358 1782 399 firma-

153 432 319 467 verunt
341 427 386 466 in
408 433 701 478 perpetuum.

232 497 491 538 Veniamus
521 497 618 550 jam
654 498 712 538 ad
747 511 846 539 rem
879 499 1170 540 litterariam.
1202 500 1329 551 Ergo
1365 501 1487 552 quod
1528 501 1692 541 attinet
1725 502 1785 541 ad

151 580 338 608 cursum
361 570 545 619 artium,
570 570 823 610 deventum
845 576 914 610 est
937 570 995 610 ad
1018 577 1165 610 metas
1193 571 1422 611 naturalis
1444 571 1782 623 philosophiae,

149 641 224 680 cui
245 641 463 681 succedet
485 642 689 681 moralis.
714 641 943 692 Theologi
964 649 1209 692 praeterea
1232 643 1457 682 lectiones
1478 643 1651 684 habent
1668 644 1786 684 duas

149 724 207 751 ex
238 712 388 762 prima
414 719 547 763 parte
577 712 673 752 divi
700 713 922 752 Thomae.
960 711 1051 752 Sed
1087 713 1465 765 quandoquidem
1500 714 1565 754 fui
1598 715 1787 755 brevior

149 794 289 833 quam
323 783 592 834 sperabam,
630 784 756 823 lubet
791 784 1067 823 subnectere
1103 786 1238 835 quale
1268 784 1407 825 fuerit
1437 786 1524 825 hoc
1556 795 1678 826 anno
1709 799 1786 827 no-

150 860 355 893 strorum
389 854 651 894 studiorum
686 855 953 905 exordium3
991 866 1087 894 non
1127 855 1248 895 enim
1288 855 1373 896 fuit
1412 857 1566 897 minus
1607 859 1789 898 celebre

149 936 289 976 quam
312 926 445 965 annis
466 933 593 966 retro
616 927 754 975 actis,
780 926 892 978 quin
913 926 1054 966 immo
1085 926 1235 978 major
1256 928 1457 967 accessit
1489 929 1548 968 ad
1575 935 1788 969 nostrum

149 996 450 1047 gymnasium
471 997 767 1048 popularium
789 1002 833 1036 et
853 997 1193 1037 monachorum
1217 1009 1496 1047 concursus,
1522 1000 1647 1050 apud
1673 1012 1789 1051 quos

150 1078 311 1107 omnes
348 1067 609 1107 orationem
640 1068 835 1108 latinam
866 1068 1026 1108 habuit
1057 1068 1247 1119 quidam
1275 1081 1333 1108 ex
1361 1070 1536 1109 nostris
1565 1070 1790 1111 fratribus

149 1138 196 1178 in
230 1138 331 1189 ipso
366 1138 439 1178 die
467 1139 564 1178 divi
591 1138 769 1190 Lucae,
804 1140 992 1191 plenam
1021 1139 1318 1188 eruditionis,
1350 1152 1440 1191 qua
1480 1141 1789 1182 scholasticos

150 1209 425 1249 hortabatur
448 1209 507 1248 ad
529 1221 737 1249 amorem
763 1210 1026 1250 litterarum
1053 1217 1097 1250 et
1129 1210 1370 1251 virtutum.
1402 1211 1655 1263 Disputata
1683 1220 1790 1253 sunt

150 1281 316 1321 deinde
344 1292 426 1331 per
455 1280 647 1321 biduum
674 1281 913 1321 axiomata
945 1282 1176 1333 quaedam
1202 1282 1389 1333 publica
1418 1282 1472 1322 de
1504 1295 1555 1323 re
1586 1284 1788 1324 dialecti-

151 1363 226 1401 ca,
265 1352 591 1403 philosophica
618 1358 663 1392 et
697 1352 977 1404 theologica.
1017 1352 1195 1393 Eodem
1225 1353 1366 1393 etiam
1400 1360 1611 1406 tempore
1645 1357 1790 1396 creati

150 1429 258 1463 sunt
281 1423 327 1463 in
347 1424 519 1463 artium
540 1423 762 1464 facultate
783 1424 1125 1464 Bacchala'urei
1146 1430 1361 1476 quatuor,
1393 1436 1448 1465 ac
1476 1426 1669 1466 totidem
1696 1427 1789 1467 Ma-

151 1495 302 1545 gistri.

229 1565 300 1606 De
330 1572 516 1606 caetero
554 1567 667 1606 nihil
703 1566 829 1606 aliud
856 1567 1088 1607 succurrit
1117 1567 1416 1608 scribendum
1443 1568 1532 1608 nisi
1563 1569 1684 1620 quod
1712 1582 1789 1609 no-

148 1638 234 1678 stri
263 1638 508 1678 unanimes
535 1650 591 1678 ac
619 1638 729 1678 laeti
759 1638 807 1678 in
835 1639 1049 1678 omnibus
1076 1639 1124 1679 in
1151 1638 1341 1690 diesque
1371 1640 1523 1691 magis
1553 1652 1607 1679 ac
1637 1642 1791 1692 magis

146 1709 398 1761 proficiunt
419 1710 465 1749 in
485 1710 673 1759 litteris,
699 1709 981 1760 obedientia,
1006 1710 1389 1761 mortificatione3
1415 1723 1534 1763 quae
1562 1724 1675 1752 sane
1697 1725 1791 1753 non

147 1781 463 1832 scripsissem,
488 1782 578 1821 nisi
599 1781 708 1833 quia
730 1781 840 1821 novi
861 1787 905 1821 te
928 1782 1017 1821 hoc
1039 1793 1131 1822 uno
1153 1783 1314 1822 nuntio
1337 1795 1451 1834 prae
1487 1784 1687 1823 caeteris
1717 1784 1789 1824 de-

146 1853 323 1892 lectari.
345 1852 501 1903 Quare
524 1853 694 1892 obnixe
714 1852 931 1904 petimus,
950 1852 1004 1893 R.
1025 1852 1120 1904 Pr.‚
1140 1859 1190 1893 ut
1207 1854 1254 1893 in
1275 1854 1367 1894 tuis
1386 1855 1673 1905 quotidianis
1690 1867 1790 1906 pre-

147 1924 277 1964 cibus
298 1924 447 1964 nostri
468 1925 533 1964 sis
563 1936 756 1974 memor,
786 1935 876 1975 quo
909 1935 1094 1976 semper
1122 1937 1208 1965 nos
1235 1925 1282 1965 in
1310 1926 1485 1966 virtute
1514 1927 1787 1978 progredia-

148 2007 253 2035 mur
274 2007 330 2035 ac
350 2002 400 2035 tu
420 1995 595 2035 habeas
616 1995 738 2035 unde
758 1995 862 2046 plus
882 1996 1094 2046 gaudere
1115 1997 1283 2048 possis..
1309 1997 1475 2037 Amen.

226 2066 279 2107 R.
304 2067 405 2108 Ρ.ῑῑ5
427 2067 557 2107 Tuae

223 2137 399 2178 Servus
419 2138 773 2189 indignissimus
795 2139 841 2178 in
862 2138 1049 2179 Christo
1069 2139 1181 2192 Jesu
1203 2139 1407 2180 Domino
1429 2139 1617 2191 Nostro,

1249 2282 1470 2323 MICHAEL

1496 2356 1523 2401 †

1256 2426 1519 2466 GOVIERNO.

227 2636 606 2688 Superscrz'ptc'o:
645 2636 705 2677 Al
743 2649 855 2689 muy
889 2637 991 2678 R.d0
1025 2637 1176 2678 Padre
1214 2650 1314 2679 nro.
1359 2651 1416 2678 en
1450 2638 1562 2692 Jesu
1600 2637 1786 2679 Christo

145 2720 190 2748 n.
215 2707 259 2748 S.
285 2708 327 2747 el
347 2707 396 2747 P.
419 2708 480 2748 Μ.
504 2707 687 2759 Ignatio
709 2707 766 2748 de
792 2709 987 2760 Loyola‚
1012 2710 1250 2761 preposito
1272 2711 1466 2760 general
1487 2710 1543 2750 de
1575 2710 1621 2749 la
1650 2708 1784 2749 Com—

145 2781 288 2830 pafiia
311 2779 367 2819 de
388 2778 544 2831 Jesus,
570 2791 627 2819 en

643 2851 806 2892 Roma.

338 3068 386 3104 T.
413 3080 454 3105 11.
1507 3082 1544 3117 31
