2080 3392
831 174 913 211 AN.
947 175 1039 211 1553
1694 176 1761 212 189

114 287 146 314 a
168 278 469 326 peccatorum
490 278 620 323 peste
643 272 899 321 deterreat3
922 283 1016 311 non
1038 279 1121 322 est,
1142 272 1331 322 inquam
1350 272 1427 323 qui
1444 283 1524 311 eas
1541 273 1760 313 extrahat

119 358 146 385 a
168 343 457 385 densissimis
479 354 694 383 errorum
723 343 944 383 tenebris.
975 341 1066 382 Sed
1088 343 1176 382 hae
1210 343 1257 383 in
1288 354 1336 382 re
1360 343 1474 382 nihil
1503 343 1628 383 aliud
1658 355 1761 395 pos-

119 427 278 456 sumus
298 426 439 466 agere
461 420 794 466 praeterquam
816 413 939 465 quod
960 414 1058 465 ipse
1088 415 1253 454 vineae
1284 414 1514 454 Dominus
1545 414 1761 455 Christus

118 488 246 528 Iesus
280 487 530 539 praecipit,
569 486 660 525 hoe
696 492 786 535 est,
821 486 973 537 ipsum
1005 485 1261 525 Dominum
1295 486 1461 526 messis
1496 486 1683 537 precari
1713 494 1761 526 ut

119 559 271 599 mittat
293 558 534 609 operarios
558 557 604 596 in
626 557 816 596 vineam
845 567 992 596 suam.
1018 556 1110 595 Sed
1144 556 1240 595 iam
1269 557 1422 608 finem
1450 557 1637 608 faciam,
1677 570 1762 597 nee

119 630 243 670 aliud
265 629 467 669 scribam
490 639 631 680 quam
655 627 781 680 quod
803 639 964 667 omnes
985 639 1071 667 nos
1095 628 1453 668 commendatos
1480 629 1761 679 precationi-

118 702 203 742 bus
224 708 268 741 et
286 700 530 741 sacrificiis
551 700 644 740 tuis
667 705 711 739 et
733 698 874 739 totius
895 698 1145 738 Societatis
1167 710 1269 738 esse
1290 700 1507 739 volumus
1528 704 1570 739 et
1592 700 1763 739 obnixe

110 779 383 824 precamur.

197 843 403 884 Mutinae
424 844 485 883 39
509 843 613 883 idus
635 842 880 883 Februarii
906 841 1020 881 1553.

196 915 396 966 Imperio
418 914 572 954 Patris
594 913 830 955 Caesaris.

196 987 377 1026 Inutilis
399 997 587 1035 servus,

983 1127 1273 1167 FRANCIscus
1295 1126 1546 1167 HISPANUS.

852 1555 1030 1610 CCIV

187 1791 386 1838 joannes
406 1791 606 1839 Baptista
623 1790 785 1835 Velati,

237 1856 305 1894 Ex
325 1857 647 1894 commissione
668 1856 713 1893 Ρ.
737 1856 912 1893 Alberti
934 1855 1254 1902 Ferrariensis,

286 1923 408 1960 Patri
426 1924 594 1971 Ignatio
614 1922 668 1959 de
687 1921 873 1969 Loyola.

334 1989 550 2036 Eugubio,
572 1987 619 2025 28
636 1988 868 2025 Februarii
889 1987 981 2024 1553
1000 1988 1025 2022 ¹.

893 2239 991 2310 ΠΤ-15

197 2482 266 2522 La
286 2493 388 2534 gra.
412 2489 457 2522 et
477 2494 593 2534 paee
615 2484 671 2523 de
691 2483 803 2536 Jesu
833 2482 1020 2524 Christo
1050 2482 1140 2523 §.Os
1167 2493 1268 2522 nro.
1301 2482 1342 2521 ei
1374 2481 1594 2521 conservi
1616 2486 1660 2520 et
1691 2492 1763 2519 ae-

113 2554 315 2594 crescha
336 2566 520 2606 sempre
541 2555 648 2594 nell'
673 2566 758 2594 suo
781 2553 866 2594 5.ῑο
889 2566 1064 2595 amore.
1089 2553 1257 2594 Amen.

201 2624 301 2664 Η.ἀο
328 2624 376 2664 Ρ.
409 2625 622 2665 Essendo
648 2625 809 2676 gionto
837 2626 869 2665 il
898 2632 1055 2677 tempo
1084 2636 1166 2676 per
1196 2624 1280 2664 dar
1311 2629 1450 2663 conto
1483 2635 1510 2662 a
1540 2622 1598 2663 V.
1634 2622 1688 2662 R.
1723 2622 1768 2662 di

117 2703 294 2746 quanto
324 2696 355 2735 il
381 2695 471 2736 S.01‘
497 2695 627 2736 iddio
660 2696 799 2736 habbi
834 2703 1029 2748 operato
1063 2697 1113 2736 'in
1146 2697 1188 2735 16
1225 2695 1378 2735 anime
1407 2694 1453 2734 di
1482 2700 1647 2745 questa
1675 2694 1767 2734 cita

119 2777 203 2817 per
224 2778 383 2806 mezzo
404 2766 460 2806 de
482 2767 552 2806 soi
572 2767 753 2807 minimi
774 2768 925 2818 servi3
958 2774 1003 2808 et
1034 2767 1231 2807 essendo
1260 2766 1338 2817 piu
1365 2767 1407 2805 le
1435 2771 1594 2805 nostre
1625 2765 1767 2816 negli-

114 2838 275 2887 gentie
297 2838 384 2878 che
404 2838 446 2877 16
468 2849 609 2889 opere
630 2838 765 2889 fatte,
790 2839 853 2879 mi
874 2838 1134 2879 confundo:
1167 2849 1261 2877 non
1293 2837 1479 2877 dimeno
1509 2847 1592 2888 per
1623 2837 1768 2876 sociis-

175 2995 186 3015 1
228 2997 490 3031 Autographum
504 2997 536 3024 in
551 2997 764 3032 quadruplici
779 2998 856 3026 sollo
871 3000 932 3026 sub
948 3006 1001 3026 nn.
1016 2998 1108 3025 31-34.
