2080 3392
797 193 882 230 AN.
914 192 1006 230 1553
1654 193 1724 229 2:39

82 296 346 331 mentorum
373 289 663 342 frequentem
684 301 820 329 usum
840 289 1097 330 adducant:
1124 301 1274 341 neque
1295 289 1342 329 id
1362 289 1520 330 verbis
1542 295 1724 330 tantum

83 361 314 402 monendo
336 361 683 412 hortandoque,
708 361 789 401 sed
806 373 855 401 re
877 362 1020 400 multo
1043 361 1196 411 magis
1217 367 1262 401 et
1285 361 1500 412 exemplo
1518 393 1526 409 ,
1551 360 1661 401 dum
1682 367 1726 400 et

83 433 330 474 visitandis
349 431 559 483 infirmis,
584 439 628 472 et
650 432 933 483 pauperibus
960 432 1281 482 sublevandis,
1307 438 1352 472 et
1372 432 1570 472 mortuis
1597 443 1723 483 sepe-

83 504 248 545 liendis
270 503 516 554 diligenter
538 514 683 554 aeque
706 515 761 542 ac
792 503 1002 543 lubenter
1027 509 1332 554 occupantur.
1360 503 1409 544 Si
1434 515 1552 555 quos
1583 504 1725 544 etiam

86 576 192 616 odia
210 581 381 615 norunt
403 586 649 625 exercere,
675 574 778 614 illos
799 573 971 614 adeunt
994 574 1157 622 libere,
1181 586 1237 614 ac
1267 586 1426 614 secum
1448 575 1603 614 delata
1624 574 1726 614 Iesu

84 646 158 688 Χ.ἰ
189 646 400 686 crucifixi
421 646 647 696 imagine,
673 651 883 695 monent,
907 645 1167 695 hortantur,
1194 653 1383 696 rogant,
1410 646 1523 685 nihil
1549 657 1643 686 non
1663 644 1729 685 fa-

87 719 233 767 ciunt,
268 716 518 757 dummodo
540 717 727 756 illorum
748 716 929 756 animos
950 716 1132 767 possint
1160 716 1417 766 inflectere,
1452 723 1521 764 ut,
1552 717 1672 757 odiis
1702 727 1729 755 a

86 802 135 830 se
163 789 354 840 fugatis,
379 799 544 839 pacem
567 787 832 827 admittant.

165 859 360 900 Multum
381 859 498 899 haec
518 870 594 898 res
616 858 955 898 aedificationis
977 857 1129 898 adfert
1149 858 1259 898 huic
1281 858 1484 908 civitati,
1516 859 1654 899 sicuti
1685 865 1730 899 et

84 932 307 972 nobilium
328 929 641 982 quarumdam
662 934 986 969 matronarum
1007 929 1066 969 ad
1083 929 1304 981 pietatem
1322 930 1586 980 conversio,
1607 942 1726 982 quae

85 1015 179 1044 non
199 1003 352 1042 minus
383 1001 442 1041 ad
469 1001 557 1041 Dei
584 1000 859 1052 obsequium
889 1007 933 1040 et
960 1000 1170 1052 laudem,
1201 1001 1395 1041 abiectis
1422 1002 1725 1049 vanitatibus,

85 1075 288 1125 reliquas
309 1074 526 1113 mulieres
542 1072 744 1111 invitant
761 1078 900 1123 atque
918 1073 1158 1113 solicitant
1178 1073 1325 1124 ipsae,
1350 1080 1448 1113 tum
1470 1073 1729 1123 hortantes,

88 1152 185 1187 turn
205 1158 280 1196 ea,
306 1158 425 1198 quae
447 1147 666 1196 suadent,
689 1152 1007 1199 praestantes,
1032 1156 1152 1196 quae
1175 1151 1314 1184 antea
1336 1145 1551 1184 muliebri
1578 1145 1733 1185 curio-

90 1218 228 1258 sitate
255 1218 583 1270 superfluoque
614 1224 999 1258 ornamentorum
1025 1217 1153 1256 cultu
1182 1216 1241 1256 ad
1269 1216 1633 1256 aemulationem
1661 1228 1732 1256 su-

89 1289 260 1341 perbae
281 1289 506 1329 vanitatis
527 1290 800 1329 incitabant.
823 1287 884 1328 Ut
907 1300 1020 1328 vero
1052 1299 1144 1327 uno
1172 1287 1316 1326 verbo
1346 1287 1520 1338 dicam,
1552 1288 1608 1327 iis
1635 1287 1734 1328 fere

91 1360 303 1400 omnibus
333 1372 453 1400 unus
483 1368 553 1401 est
580 1360 704 1411 finis,
744 1360 822 1411 qui
857 1358 981 1411 apud
1011 1370 1097 1398 nos
1132 1357 1431 1408 confitentur,
1466 1365 1516 1398 ut
1551 1359 1734 1411 aliquos

91 1443 249 1472 secum
270 1432 474 1472 trahant.

169 1502 266 1543 Nec
288 1503 346 1542 ab
369 1502 524 1542 animo
546 1508 743 1551 tantum,
768 1501 851 1541 sed
872 1501 1014 1541 etiam
1035 1513 1058 1540 e
1082 1501 1361 1552 corporibus
1383 1501 1637 1542 daemones
1659 1513 1734 1542 ex-

89 1575 342 1626 pelluntur,
367 1580 462 1613 tres
486 1573 610 1613 enim
630 1573 816 1613 liberati
836 1573 1040 1612 fuerunt.

167 1645 366 1685 Iuvenes
387 1645 563 1696 aliquot
586 1645 632 1685 in
653 1644 931 1695 religionem
952 1643 1136 1695 ingredi
1156 1651 1503 1695 proposuerunt
1521 1677 1528 1695 ,
1555 1644 1633 1684 alii
1655 1656 1734 1684 no-

91 1722 255 1767 stram,
279 1717 357 1756 alii
386 1717 771 1768 capuccinorum.
803 1714 920 1756 Sunt
950 1727 1133 1767 quoque
1164 1717 1230 1764 (ut
1260 1716 1368 1765 scis)
1398 1716 1508 1756 hinc
1535 1716 1735 1767 profecti

90 1787 287 1829 Romam
309 1788 452 1840 aliqui
472 1794 522 1828 ut
542 1788 878 1839 reciperentur,
904 1799 1011 1827 cum
1031 1787 1108 1827 hic
1137 1787 1227 1827 illis
1254 1787 1497 1838 ingressus
1527 1788 1573 1827 in
1601 1799 1734 1839 prae·

93 1860 241 1900 sentia
261 1866 529 1910 negaretur.
555 1858 779 1910 Virgines
799 1859 1051 1899 nonnullae
1073 1859 1401 1899 monachalem
1429 1858 1641 1899 habitum
1669 1858 1733 1898 in-

94 1930 314 1982 duerunt,
338 1937 381 1971 et
403 1942 575 1982 magna
598 1943 656 1970 ex
677 1937 810 1981 parte
831 1930 1221 1982 capuccinorum,
1247 1942 1302 1969 ea
1331 1930 1396 1980 (ut
1424 1930 1555 1981 ipsae
1587 1930 1735 1979 aiunt)

95 2001 150 2042 de
172 2014 336 2053 causa,
360 2002 485 2054 quod
505 2014 624 2054 quae
645 2002 783 2042 huius
800 2001 977 2042 ordinis
998 2008 1127 2051 sunt,
1152 2001 1345 2041 liberius
1366 2002 1426 2041 ad
1457 2013 1543 2041 nos
1571 2002 1736 2041 venire

96 2074 277 2126 possint
305 2074 331 2114 ¹.

176 2145 229 2185 R.
254 2146 300 2186 in
321 2145 402 2185 X.0
424 2144 474 2185 P.
498 2144 555 2184 D.
587 2144 829 2184 Bobadilla
856 2144 947 2184 22.η
974 2144 1152 2196 Aprilis
1182 2156 1241 2184 ex
1268 2144 1441 2195 Apulia
1468 2144 1737 2184 Messanam

97 2217 237 2268 venit,
260 2216 437 2268 fuitque
459 2217 705 2256 nobiscum
726 2217 785 2256 ad
808 2216 977 2256 festum
998 2227 1144 2267 usque
1166 2215 1211 2256 S.
1235 2216 1359 2256 Petri
1381 2215 1621 2268 Martyris,
1646 2228 1739 2267 quo

99 2288 171 2328 die
191 2289 360 2329 iterum
380 2289 427 2328 in
445 2288 713 2329 Calabriam
732 2288 1074 2339 transfretavit,
1095 2300 1277 2328 moram
1293 2288 1508 2328 facturus
1529 2289 1739 2339 aliquan—

100 2359 176 2400 diu
195 2360 243 2400 in
264 2359 454 2411 oppido,
479 2360 604 2411 quod
625 2360 687 2400 ibi
715 2366 784 2400 est
812 2360 1093 2410 maximum,
1123 2359 1248 2400 Stae.
1279 2359 1500 2410 Agathae
1532 2359 1735 2398 nomine.

99 2430 186 2471 Ivit
220 2437 375 2471 autem
410 2437 606 2482 accepta
641 2431 967 2471 benedictione
997 2432 1054 2471 ab
1084 2431 1319 2482 Episcopo
1348 2430 1628 2482 Rhegiensi,
1661 2430 1741 2481 qui

99 2513 222 2542 nunc
242 2508 311 2543 est
331 2502 594 2543 Messanae.
614 2503 696 2542 Est
717 2514 772 2542 ea
792 2503 924 2554 regio
946 2502 1084 2543 valde
1106 2501 1279 2542 infecta
1301 2502 1389 2542 hac
1407 2514 1533 2542 nova
1557 2502 1743 2542 haeresi

99 2573 470 2625 lutheranorum3
493 2573 688 2625 proinde
710 2573 798 2625 illi,
825 2574 948 2625 quod
976 2580 1110 2624 agat,
1144 2585 1239 2613 non
1267 2573 1426 2613 defore
1455 2572 1742 2613 credendum

107 2649 177 2684 est
198 2643 228 2682 ².

181 2715 277 2755 Nos
306 2721 572 2767 praeterea,
597 2716 722 2767 quod
743 2716 802 2756 ad
823 2722 867 2756 te
889 2716 1172 2762 scribamus,
1206 2728 1299 2755 non
1326 2715 1577 2764 habemus,
1610 2714 1664 2754 R.
1697 2715 1745 2754 in

105 2784 186 2826 X.⁰
220 2786 270 2826 Ρ.
308 2787 464 2837 Quare
498 2787 691 2838 ignosce
725 2795 917 2828 nostrae
952 2788 1289 2839 negligentiae,
1320 2797 1460 2837 rogO,
1492 2792 1536 2826 et
1563 2787 1655 2826 tuis
1683 2786 1743 2826 ad

159 2969 169 2989 ¹
208 2969 295 2996 Vide
313 2969 485 3003 POLANco,
503 2971 660 2999 Clzrom'c.
673 2993 677 3004 ,
692 2975 715 2998 t.
734 2979 787 3005 ¹11,
805 2979 887 3006 pag.
909 2972 975 3002 195,
991 2976 1106 2999 annot.
1128 2973 1150 2998 1.

159 3016 173 3035 2
209 3016 305 3052 Ibid.,
326 3026 404 3053 pag.
423 3019 482 3052 194,
498 3027 529 3046 n.
544 3019 606 3045 409.
