2080 3392
882 165 964 202 Ax.
1004 165 1097 202 1553
1748 165 1818 202 137

169 260 358 300 nostris.
385 260 565 300 Verum
586 260 635 300 P.
660 260 715 300 N.
741 273 794 301 eo
816 262 1003 311 merito,
1034 261 1157 313 quod
1185 261 1272 301 sibi
1302 262 1347 301 in
1377 261 1620 301 audiendis
1649 262 1815 301 multo-

170 342 272 371 rum
294 329 667 371 confessionibus
689 338 733 371 et
754 333 800 372 in
821 333 1060 384 erigendis
1082 333 1264 373 afflictis
1287 339 1554 384 comparat,
1578 344 1672 371 non
1703 344 1808 372 con-

170 407 344 452 tentus,
368 402 556 453 saepius
576 402 672 442 adit
694 403 907 455 captivos
935 415 1106 455 eosque
1135 404 1194 444 ad
1226 405 1423 444 virtutes
1451 403 1682 453 hortatur,
1715 403 1812 455 qui-

170 473 254 512 bus
288 478 414 512 certe
450 473 791 514 hortationibus
822 486 915 515 non
944 486 1112 526 parum
1133 475 1413 524 excitantur3
1445 475 1592 526 quod,
1626 475 1814 526 quando

170 543 228 583 ab
249 543 339 583 illis
360 543 570 595 discedit,
591 556 733 596 aegre
754 545 922 595 ferant3
942 546 1116 585 vellent
1138 546 1261 586 enim
1282 553 1330 586 ut
1352 546 1525 586 diutius
1542 557 1702 585 secum
1719 557 1814 585 ma-

170 619 316 665 neret3
336 614 418 654 sed
435 625 542 654 cum
559 615 661 656 eius
677 616 923 656 consilium
941 628 966 656 a
988 617 1145 656 multis
1163 617 1444 668 requiratur,
1466 617 1528 657 illi
1546 629 1637 656 non
1655 624 1814 656 vacat.

170 685 227 724 Et
247 696 340 725 non
363 697 471 725 raro
493 685 538 725 id
561 686 733 727 accidit
752 693 801 727 ut
822 693 1020 727 vocatus
1042 688 1139 738 ipse
1161 687 1221 727 ad
1244 687 1535 728 infirmorum
1562 687 1813 728 confessio—

171 767 253 795 nes
275 756 546 807 audiendas,
567 757 627 797 ad
648 757 751 797 illos
772 758 1062 808 excitandos,
1081 757 1340 798 hortandos
1360 759 1815 810 confirmandosque,

171 826 368 878 denique
399 827 446 867 in
473 839 604 879 spem
630 827 814 869 futurae
851 829 1013 869 salutis
1044 829 1319 880 erigendos,
1351 830 1414 869 illi
1444 830 1598 870 cibum
1628 842 1812 870 sumere

172 910 266 938 non
287 899 440 939 liceat.
465 899 718 940 Praeterea
743 906 1018 952 perseverat
1045 901 1092 940 in
1118 901 1216 941 suis
1245 901 1547 941 concionibus
1575 913 1724 953 neque
1756 913 1816 942 ex

171 970 260 1010 illis
281 982 449 1021 parum
471 971 770 1012 commodum
799 972 1064 1024 percipiunt
1094 973 1358 1022 auditores,
1390 984 1587 1023 quorum
1613 985 1699 1012 nec
1726 973 1817 1012 exi-

171 1051 293 1091 guus
315 1046 384 1080 est
405 1053 642 1093 numerus;
663 1042 833 1082 adsunt
854 1043 978 1083 enim
1000 1043 1147 1083 ferme
1165 1043 1365 1095 singulis
1386 1044 1547 1083 diebus
1564 1043 1694 1083 festis
1713 1056 1817 1084 con·

178 1111 301 1151 cioni
331 1117 567 1152 tercentae
602 1113 802 1153 animae.
831 1113 994 1166 Neque
1029 1114 1142 1154 illud
1172 1115 1357 1154 silentio
1393 1115 1627 1164 omittam,
1666 1115 1819 1166 ipsum

173 1183 292 1222 inter
313 1183 431 1223 alias
447 1184 712 1234 conciones,
734 1197 851 1236 quas
869 1185 1045 1234 habuit,
1066 1186 1189 1226 hanc
1207 1186 1425 1226 habuisse
1447 1185 1502 1225 de
1521 1186 1815 1236 discretione,

178 1265 317 1306 super
339 1254 416 1294 illa
438 1254 658 1306 Apostoli
679 1257 825 1297 verba
846 1257 1034 1297 obsecro
1057 1269 1144 1297 vos
1160 1262 1250 1309 per
1275 1257 1653 1297 misericordiam
1674 1257 1750 1297 dec·
1767 1261 1819 1297 at

175 1325 438 1366 exhibeatis
459 1332 662 1378 corpora
683 1331 847 1368 vestra
867 1328 1074 1368 hostiam
1095 1329 1348 1379 viventem,
1364 1332 1599 1379 sanctam,
1616 1328 1699 1368 a'eo
1714 1328 1819 1380 pla-

176 1400 375 1448 centem,
397 1397 681 1438 rationabile
701 1399 972 1450 obsequium
1003 1404 1217 1440 vestram
1233 1433 1244 1450 ,
1275 1401 1350 1440 cui
1381 1400 1578 1440 aderant
1604 1400 1822 1451 permulti

176 1468 378 1520 optimae
400 1468 682 1510 conditionis
699 1471 914 1511 homines
935 1478 980 1511 et
1001 1478 1261 1522 matronae,
1281 1472 1449 1523 quibus
1466 1483 1572 1511 cum
1595 1471 1819 1511 ostendis-

177 1546 246 1579 set
268 1546 493 1591 quantum
515 1541 728 1581 utilitatis
751 1548 795 1582 et
815 1543 1111 1583 necessitatis
1133 1543 1181 1583 in
1202 1555 1251 1583 se
1274 1543 1467 1583 haberet
1489 1549 1551 1582 sa
1581 1542 1821 1593 discretio,

177 1611 308 1650 multi
329 1618 573 1662 praeterea
597 1625 624 1652 a
646 1614 873 1654 concione
895 1614 1054 1654 statim
1076 1614 1266 1655 domum
1286 1620 1600 1666 properarunt
1628 1621 1687 1664 et,
1713 1626 1821 1654 exu-

176 1682 236 1721 tis
256 1682 439 1732 ciliciis,
467 1683 632 1734 quibus
654 1684 981 1735 induebantur,
1006 1686 1300 1738 arreptisque
1322 1686 1541 1737 flagellis,
1573 1686 1741 1737 quibus
1772 1697 1822 1726 se

178 1753 435 1794 caedebant
467 1755 526 1794 ad
554 1755 736 1795 cruoris
763 1767 911 1808 usque
941 1756 1233 1807 effusionem,
1259 1758 1415 1797 omnia
1443 1757 1502 1797 ad
1529 1756 1717 1798 Patrem
1744 1769 1822 1797 no-

177 1831 325 1865 strum
346 1824 629 1876 detulerunt,
654 1828 764 1879 quia
785 1828 903 1868 haec
925 1828 1102 1881 absque
1124 1829 1224 1869 eius
1245 1829 1440 1870 consilio
1467 1829 1717 1870 faciebant.
1750 1829 1822 1869 Ex

177 1896 334 1936 multis
356 1903 512 1937 autem
540 1898 732 1938 inventa
760 1905 831 1939 est
861 1911 978 1951 una,
1011 1912 1154 1952 quam
1181 1900 1381 1940 daemon
1409 1901 1494 1941 sub
1522 1901 1676 1952 specie
1705 1900 1822 1940 recti

176 1967 372 2018 perdere
393 1970 673 2010 conabatur:
697 1970 813 2010 haec
835 1977 1060 2023 perpetuo
1084 1972 1288 2012 cilicium
1309 1973 1526 2023 gerebat,
1552 1973 1740 2023 saepius
1762 1972 1820 2012 ie·

177 2039 390 2089 iunabat‚
415 2039 639 2081 caedebat
661 2052 710 2081 se
731 2049 900 2082 catena
922 2042 1099 2093 ferrea,
1124 2049 1169 2083 et
1191 2042 1443 2095 aliquando
1465 2043 1745 2095 persistebat
1774 2043 1822 2082 in

178 2110 490 2162 flagellatione
511 2118 606 2152 tres
628 2112 770 2152 horas
791 2125 877 2153 nec
894 2114 1036 2154 ullam
1052 2113 1448 2155 intermissionem
1464 2114 1681 2154 faciebat:
1703 2115 1822 2154 haec

179 2187 425 2233 praeterea
446 2183 639 2234 protulit
660 2195 710 2224 se
737 2196 992 2237 numquam
1012 2186 1165 2226 minus
1187 2185 1495 2237 defatigatam
1517 2185 1659 2225 fuisse
1681 2197 1822 2237 quam

179 2259 290 2293 tunc
311 2254 558 2306 temporis3
583 2261 627 2295 et
649 2255 705 2295 iis
725 2255 928 2297 addebat
949 2257 1074 2309 quod
1105 2257 1257 2298 adhuc
1283 2264 1658 2309 perseverasset,
1691 2257 1738 2296 ni
1768 2257 1822 2296 ti-

180 2324 373 2365 muisset
402 2325 553 2365 audiri
589 2338 616 2366 a
650 2327 820 2367 vicinis
854 2328 974 2368 suis:
1010 2329 1155 2368 multa
1190 2336 1435 2380 praeterea
1468 2328 1671 2368 faciebat
1701 2339 1823 2379 quae

178 2396 372 2447 longum
392 2403 515 2436 esset
536 2409 801 2449 recensere,
826 2399 995 2450 quibus
1016 2399 1055 2439 si
1082 2406 1458 2451 perseverasset,
1490 2400 1536 2439 in
1564 2399 1822 2439 maximum

181 2467 306 2507 vitae
327 2467 579 2508 discrimen
595 2469 848 2510 incidisset.
869 2470 927 2510 Et
948 2471 1057 2522 quia
1077 2471 1330 2511 verebatur
1347 2483 1404 2510 ne
1427 2471 1514 2510 sibi
1535 2476 1702 2510 catena
1723 2481 1819 2510 sur-

180 2538 426 2590 riperetur,
458 2539 660 2590 seipsam
688 2540 765 2580 illa
793 2553 932 2593 super
962 2553 1154 2582 carnem
1184 2543 1418 2593 cingebat.
1451 2541 1731 2582 Benedictus
1761 2541 1820 2581 sit

180 2609 424 2660 Dominus,
444 2610 521 2661 qui
543 2623 788 2652 servorum
809 2624 1001 2653 suorum
1023 2625 1167 2665 opera
1189 2625 1283 2663 eos,
1305 2614 1381 2665 qui
1402 2614 1449 2652 in
1465 2613 1669 2653 tenebris
1689 2613 1819 2663 igno·

181 2681 363 2721 rantiae
385 2681 640 2733 ambulant,
662 2683 829 2734 quique
846 2696 1068 2724 sensuum
1085 2696 1279 2725 suorum
1300 2684 1470 2724 iudicio
1487 2685 1608 2724 male
1628 2683 1635 2702 ¹
1656 2694 1821 2734 regun-

182 2759 271 2803 tur,
297 2753 540 2793 illuminat.

261 2822 365 2864 Non
387 2824 553 2864 desunt
574 2825 715 2864 etiam
735 2826 1007 2866 monialium
1029 2826 1271 2877 coenobia,
1297 2839 1415 2878 quae
1434 2827 1482 2867 P.
1506 2827 1602 2868 Nri.
1627 2838 1821 2878 operam

239 2984 248 3003 ¹
288 2984 442 3012 Verbum
456 2986 530 3019 hoc,
548 2986 651 3020 male,
668 2987 820 3014 additum
837 2992 886 3014 est
903 2995 922 3014 a
938 2987 1097 3015 Polanco.
