2080 3392
838 185 923 222 AN.
955 184 1047 221 1554
1694 181 1766 217 637

203 281 557 333 Superscrz'ptz‘o
573 281 623 321 in
640 284 815 333 quarta
831 281 1047 333 pagina:
1067 280 1154 321 ihs,
1184 279 1435 320 admodum
1452 278 1554 319 R.d0
1570 279 1617 318 in
1635 277 1765 318 Chri-

123 359 195 393 sto
218 352 345 393 Patri
367 353 504 393 Mtro.
528 352 711 404 Ignatio
729 353 785 393 de
806 352 1008 405 Loyola,
1028 351 1304 404 Praeposito
1322 350 1544 392 Generali
1560 349 1766 390 Societa—

123 424 183 464 tis
203 425 335 478 Jesu,
361 425 484 476 apud
504 423 730 465 Sanctum
751 424 978 465 Marcum.

203 495 396 536 Romae.

205 566 318 606 Alia
339 578 512 607 manu:
537 566 653 606 1554.
676 566 965 618 Vallisoleti,
991 566 1045 618 Q.
1069 565 1136 606 P.i
1163 564 1289 616 Maji.

723 994 1159 1050 OGLXXXVH

197 1223 395 1261 Erardus
415 1224 626 1270 Dawant,
646 1224 927 1270 LeodiensiS,

250 1288 372 1327 Patri
391 1289 561 1336 Ignatio
582 1289 634 1326 de
654 1290 839 1337 Loyola.

295 1354 481 1400 Vienna,
505 1355 521 1391 1
544 1355 648 1403 Maji
668 1355 758 1392 1554
778 1355 803 1390 ¹.

208 1563 389 1614 Gratia,
413 1576 508 1616 pax
524 1571 613 1605 etc.

207 1634 441 1687 Imprimis
457 1636 640 1687 gratiae
656 1636 844 1676 divinae
860 1636 1139 1677 beneficium
1154 1647 1251 1675 non
1268 1635 1493 1686 exiguum
1511 1644 1774 1684 agnoscere

129 1707 365 1757 debemus,
390 1707 513 1758 quod
534 1707 705 1747 fratres
728 1707 944 1760 spiritum
971 1707 1284 1748 robustiorem
1312 1706 1771 1755 constantioremque

127 1778 375 1829 retineant,
402 1779 703 1830 quantumvis
724 1780 896 1820 multos
926 1779 1001 1819 hic
1030 1780 1370 1819 obtrectatores
1391 1784 1434 1817 et
1457 1777 1665 1817 aemulos
1694 1776 1773 1815 ha-

127 1850 282 1900 beant,
307 1850 385 1902 qui
407 1856 504 1890 tum
524 1857 736 1891 nostrum
757 1851 1020 1891 institutum
1047 1857 1144 1891 tum
1167 1850 1432 1890 doctrinam
1465 1848 1775 1888 cachinantur

129 1921 461 1972 orthodoxam,
487 1927 544 1969 et,
570 1923 698 1962 velut
713 1929 878 1962 contra
902 1921 1218 1972 adversarios,
1242 1921 1369 1961 vires
1391 1920 1631 1970 colligant.
1652 1918 1775 1958 Hinc

127 1992 178 2033 fit
202 1998 251 2032 ut
274 1992 353 2044 qui
375 1993 686 2033 concionandi
707 1998 875 2034 munus
896 1993 1169 2033 iamdudum
1190 1998 1427 2042 exercent,
1446 1991 1492 2030 in
1508 1991 1606 2030 dies
1622 1989 1778 2040 magis

131 2075 186 2104 ac
211 2064 365 2115 magis
391 2064 466 2115 pio
490 2065 588 2104 zelo
620 2065 940 2105 accendantur
961 2064 1178 2116 quodam.
1211 2063 1387 2114 Quibus
1417 2073 1532 2102 vero
1567 2061 1777 2101 nondum

128 2136 245 2175 haec
265 2135 420 2186 gratia
444 2147 670 2176 concessa
699 2142 784 2187 est,
809 2136 1123 2176 aemulatione
1156 2146 1340 2187 quoque
1368 2141 1533 2173 sancta
1565 2132 1772 2181 excitati,

129 2206 397 2257 diligentius
409 2207 580 2258 linguis
601 2213 646 2247 et
667 2207 770 2247 aliis
791 2208 851 2247 ad
872 2208 961 2247 hoc
983 2219 1152 2247 munus
1174 2205 1457 2246 necessariis
1478 2204 1769 2244 incumbant.

128 2276 273 2317 Rufius
300 2277 348 2317 P.
379 2277 609 2329 Canisius,
635 2285 683 2318 ut
712 2279 936 2319 nonnulla
962 2279 1018 2319 de
1050 2277 1354 2318 concionibus
1382 2276 1606 2325 adferam,
1639 2274 1777 2314 solito

130 2360 235 2390 cum
256 2349 443 2389 fervore
465 2354 509 2388 et
531 2348 745 2390 doctrina
776 2350 1024 2401 diligenter
1058 2350 1105 2389 in
1132 2349 1222 2389 hoc
1254 2346 1557 2400 praedicandi
1578 2357 1773 2386 munere

130 2420 354 2472 persistit.
382 2420 424 2460 Is
449 2421 666 2472 proxima
693 2421 1059 2472 quadragesima
1089 2421 1192 2460 aliis
1221 2430 1404 2471 quoque
1432 2418 1581 2458 sacris
1611 2417 1775 2457 diebus

131 2498 210 2531 aut
241 2491 364 2543 apud
386 2491 439 2531 R.
464 2491 760 2532 Maiestatem
781 2491 795 2511 ‘³
814 2502 894 2532 aut
916 2493 964 2533 in
985 2503 1167 2532 summo
1190 2491 1362 2542 templo
1389 2489 1641 2530 conciones
1667 2499 1776 2527 suas

131 2563 423 2603 continuavit
440 2570 483 2602 et
500 2563 639 2603 habet
652 2575 834 2614 semper
850 2563 1280 2615 frequentissimum
1297 2560 1594 2601 auditorium.
1611 2559 1775 2599 Liben-

132 2641 203 2675 ter
225 2634 348 2674 enim
371 2634 496 2674 docti
517 2634 695 2685 pariter
717 2646 772 2674 ac
794 2634 970 2674 indocti
992 2635 1144 2686 ipsum
1168 2633 1376 2672 audiunt.
1400 2631 1632 2671 Dominus
1662 2641 1794 2688 veros⁴

132 2705 359 2747 Godanus
383 2705 410 2756 ⁵,
435 2717 528 2746 una
551 2717 657 2746 cum
678 2706 871 2757 reliquis
896 2705 1116 2746 Patribus
1144 2704 1203 2745 ad
1224 2705 1313 2744 hoc
1338 2702 1649 2744 concionandi
1679 2712 1775 2741 mu-

189 2913 196 2932 *
238 2914 487 2948 Autographae
504 2914 537 2940 in
552 2914 631 2940 folio
647 2914 754 2947 unico,
768 2922 799 2940 n.
814 2913 879 2942 212.

189 2961 202 2980 ·-'
242 2960 486 2994 Ferdinandus,
503 2961 734 2988 Romanorum
751 2960 833 2988 Rex.

185 3010 198 3028 3
238 3010 275 3037 Ρ.
291 3010 451 3037 Nicotaus
467 3009 662 3036 Goudanus.
