2080 3392
231 193 303 231 302
740 191 966 228 LITTERAE
992 199 1349 232 QUADRIMEsTREs

226 295 299 330 sto
321 288 485 340 padre,
510 288 550 327 el
572 287 715 338 padre
735 286 917 338 Ignatio
938 285 994 326 de
1015 285 1208 336 Loyola,
1233 284 1280 324 P.
1305 285 1498 336 general
1520 284 1575 324 de
1596 284 1640 323 la
1663 283 1859 334 Compa-

229 361 307 400 fiia
330 358 384 398 de
406 358 520 398 iesu.

762 439 820 467 en
840 427 1003 467 Roma.

305 498 415 538 Alia
436 510 604 538 mann:
630 497 744 549 1553,
769 497 917 549 Quad.
942 497 1174 538 Valentia.
1200 495 1418 546 Augusti.
1443 495 1679 535 Valentia.

839 995 1255 1051 COXXXVIII

303 1227 348 1264 P.
371 1226 559 1264 Michael
579 1224 806 1263 Govierno

352 1291 472 1328 Patri
491 1291 659 1338 Ignatio
680 1289 730 1326 de
753 1290 938 1337 Loyola.

394 1356 576 1400 Gaudia,
597 1355 644 1393 28
663 1355 856 1402 Augusti
877 1355 970 1393 1553
988 1356 1014 1392 ¹.

998 1615 1097 1657 IHS

309 1849 472 1889 Gratia
494 1853 538 1888 et
558 1860 666 1900 pax,
691 1854 778 1888 etc.

309 1919 455 1970 Quem
490 1919 713 1969 fructum,
744 1929 884 1969 quam
911 1918 1103 1958 uberem
1130 1928 1185 1956 ac
1209 1915 1466 1967 jucundum
1495 1914 1641 1954 nostri
1679 1913 1856 1964 Patres,

227 1991 274 2030 in
296 1990 386 2029 hoc
408 1989 654 2040 gandiensi
685 1989 856 2040 oppido
881 1987 1218 2040 decerpserint,
1244 1986 1414 2038 quidve
1431 1985 1572 2025 etiam
1595 1984 1749 2024 Patris
1777 1984 1858 2024 Ba-

227 2061 397 2112 ptistae
418 2059 432 2078 ‘³
453 2060 751 2111 gratissimae
782 2059 1054 2109 conciones,
1088 2058 1163 2097 hic
1186 2063 1231 2097 et
1254 2056 1531 2106 Ontinienti,
1557 2060 1764 2106 tempore
1785 2066 1856 2095 su-

227 2132 426 2183 perioris
447 2130 838 2182 quadragesimae
860 2129 1115 2179 effecerint,
1140 2140 1298 2168 mense
1328 2127 1479 2178 Aprili
1510 2126 1693 2178 scripsi.
1726 2124 1860 2165 Nunc

228 2215 341 2243 vero
364 2202 477 2242 satis
500 2202 741 2253 copiosum
763 2205 1091 2251 argumentum
1112 2199 1224 2239 mihi
1244 2204 1313 2238 est
1336 2198 1543 2238 oblatum
1560 2197 1728 2237 iterum
1744 2196 1859 2236 meis

228 2274 393 2314 litteris
415 2273 497 2313 tibi
519 2271 817 2324 obstrependi
839 2270 867 2310 ⁵.

307 2344 507 2384 Tantam
528 2344 683 2383 animo
705 2343 985 2383 ontinientes
1006 2353 1064 2381 ex
1085 2341 1238 2382 Patris
1259 2339 1561 2381 concionibus
1586 2349 1860 2390 persensere

227 2416 541 2467 voluptatem,
571 2421 620 2455 ut
640 2414 806 2454 litteris
833 2425 888 2453 ac
916 2412 1072 2464 populi
1098 2412 1314 2463 precibus
1345 2410 1596 2463 importuni
1625 2419 1863 2460 nunquam

229 2486 479 2537 cessarint,
513 2486 659 2526 donec
689 2496 795 2525 cum
824 2484 954 2524 Duce
977 2482 991 2502 ‘⁴
1014 2482 1250 2523 effecerint
1280 2488 1329 2522 ut
1356 2481 1572 2533 proxima
1603 2479 1862 2531 quadrage-

230 2557 347 2597 sima
369 2557 508 2596 Pater
529 2555 653 2608 apud
674 2567 754 2595 eos
776 2555 1153 2605 concionaretur3
1177 2553 1240 2593 ita
1269 2553 1392 2592 enim
1422 2551 1648 2603 quosdam
1677 2550 1861 2590 illorum

229 2633 389 2668 servat
419 2627 547 2667 Deus
575 2627 634 2666 ad
663 2626 859 2665 meliora
887 2623 1182 2675 proficientes
1211 2629 1348 2674 atque
1377 2622 1437 2662 ad
1471 2620 1692 2661 coelestia
1723 2619 1858 2659 anhe-

228 2699 378 2737 lantes
400 2703 468 2749 ut,
492 2696 759 2749 posthabito
781 2696 972 2746 honore,
1007 2706 1113 2734 cum
1142 2693 1343 2733 inimicis
1372 2703 1539 2744 pacem
1564 2690 1786 2743 jungant,
1821 2695 1866 2728 et

287 2857 297 2877 ¹
337 2856 584 2891 Apographum
598 2856 631 2882 in
646 2856 725 2882 folio
741 2863 772 2881 n.
787 2855 849 2882 494.

287 2905 300 2924 2²
338 2905 441 2931 Pater
457 2904 603 2936 Joannes
619 2902 779 2936 Baptista
795 2902 833 2929 de
850 2901 987 2928 Barma.

285 2952 298 2971 5
337 2952 451 2978 Verbo
468 2950 695 2984 ohslrependi
710 2950 830 2983 deleto,
847 2948 983 2982 scripsit
998 2948 1133 2982 ignotus
1148 2947 1285 2982 quidam
1302 2946 1348 2973 ad
1361 2948 1394 2973 te
1408 2945 1600 2973 scribendi.

284 3000 299 3019 ¹²
336 2998 411 3026 Dux
428 2997 592 3031 Gandiae‚
610 2996 762 3030 Carolus,
780 2996 896 3023 Sancti
912 2995 1087 3022 Francisci
1103 2995 1230 3028 Borgia
1246 2993 1346 3021 filius.
