2080 3392
342 215 407 252 146
848 214 1075 251 LITTERAE
1102 223 1457 256 QUADRIMESTRES

334 312 542 362 fitentur,
582 323 608 351 a
649 312 846 363 prandio
881 321 995 350 vero
1034 315 1260 362 quotquot
1298 316 1423 360 sunt,
1465 309 1565 349 sive
1604 310 1820 362 studiosi,
1863 311 1967 351 sive

335 382 483 433 servi,
520 383 737 432 ancillae,
773 381 1043 421 scholastici
1076 388 1214 432 atque
1250 380 1380 431 pueri
1414 380 1474 420 ad
1510 380 1849 421 confessionem
1886 394 1964 421 ve-

335 454 487 502 niunt;
525 452 687 493 eodem
722 452 860 492 modo
891 452 1104 492 omnibus
1139 450 1382 491 dominicis
1422 456 1466 490 et
1499 450 1680 491 festivis
1715 451 1876 492 diebus
1914 452 1963 491 in

336 524 585 563 audiendas
622 522 998 572 confessionibus
1035 521 1360 573 progreditur:
1401 520 1490 561 hoc
1529 521 1650 561 enim
1690 522 1962 573 quotidiano

314 585 317 587 ⁵
336 594 603 646 spectaculo
624 599 806 633 tantum
827 593 1066 633 hominum
1083 592 1224 632 animi
1246 598 1616 642 commoventur,
1640 593 1763 643 quod
1780 604 1874 632 non
1890 604 1967 632 so·

336 666 429 705 lum
464 664 832 704 ecclesiasticum
866 675 948 704 seu
982 663 1253 714 religiosum
1280 662 1362 701 sed
1396 663 1478 702 vix
1510 669 1716 702 sutorem
1751 663 1961 703 invenire

337 743 425 786 est,
449 736 526 787 qui
547 748 639 775 non
659 747 743 787 pro
765 735 943 775 nefario
970 735 1163 774 haberet
1190 735 1365 774 scelere
1394 734 1433 773 si
1462 746 1569 783 non,
1593 733 1776 774 festivis
1807 746 1863 774 ac
1886 734 1961 774 do—

335 807 517 847 minicis
538 807 712 856 diebus,
736 806 1015 857 vespertinis
1041 806 1276 857 precibus,
1307 805 1630 855 concionibus,
1661 817 1747 844 nec
1775 805 1962 856 saepius

337 878 488 918 officio
509 877 679 917 missae
700 877 985 917 interfuisset
1007 883 1086 916 aut
1109 889 1135 916 a
1157 881 1355 927 quatuor
1386 887 1467 915 seu
1495 875 1696 927 quinque
1724 876 1963 916 mensibus

336 948 578 989 confessus
598 959 693 987 non
714 953 860 998 esset,
889 947 1264 998 quandoquidem
1293 946 1339 985 in
1366 957 1615 986 numerosa
1646 946 1734 986 hac
1763 947 1963 986 multitu-

335 1020 440 1059 dine
461 1019 543 1059 vix
562 1018 831 1070 trigesimus
858 1024 938 1058 aut
963 1017 1015 1057 40
1042 1030 1068 1058 a
1097 1017 1325 1057 Paschate
1355 1029 1448 1056 non
1479 1016 1720 1057 confessus
1752 1024 1964 1068 repertus

335 1096 418 1130 est.
441 1090 568 1130 Idem
591 1096 634 1129 et
660 1090 747 1129 sibi
775 1089 1027 1138 contigisse
1055 1094 1216 1139 pastor
1243 1093 1456 1128 testatur.
1493 1087 1561 1128 Sit
1592 1088 1657 1128 illi
1686 1088 1789 1128 laus
1817 1100 1844 1128 a
1873 1100 1963 1139 quo

337 1161 493 1200 omnia
515 1160 811 1211 proveniunt.

413 1232 496 1272 Est
517 1231 591 1270 hic
613 1231 801 1282 quidam
823 1230 1139 1279 concionator,
1174 1230 1245 1269 vir
1268 1229 1488 1279 insigniS,
1519 1229 1710 1269 maioris
1738 1229 1968 1269 ecclesiae

335 1302 609 1352 canonicus,
633 1301 897 1352 theologiae
918 1300 1110 1347 Doctor,
1134 1301 1199 1339 M.
1223 1299 1471 1339 Adrianus
1493 1311 1521 1339 cz
1547 1299 1966 1349 Brouersclzaueu,

334 1384 541 1413 summus
561 1377 749 1412 nostrae
771 1370 1017 1411 Societatis
1039 1370 1255 1410 defensor
1276 1376 1319 1409 et
1346 1370 1737 1410 familiarissimus
1763 1370 1958 1421 amicus,

334 1444 410 1495 qui
439 1450 537 1483 tum
557 1455 640 1483 sua
663 1443 942 1482 auctoritate
964 1441 1235 1492 divinoque,
1261 1452 1352 1492 quo
1374 1441 1535 1492 pollet,
1565 1441 1739 1492 ingenii
1770 1441 1955 1491 iudicio,

334 1526 534 1566 raraque
555 1513 837 1565 eloquentia,
867 1519 964 1552 tum
985 1512 1207 1552 novitatis
1232 1513 1239 1529 ²
1264 1513 1377 1561 zelo,
1402 1523 1491 1562 quo
1514 1512 1624 1551 nulli
1646 1523 1840 1562 parcere
1865 1524 1958 1552 cer-

333 1586 472 1636 nitur,
511 1585 644 1636 quasi
678 1584 955 1624 catervatim
982 1584 1202 1634 populum
1231 1588 1336 1633 post
1364 1593 1412 1622 se
1439 1583 1602 1631 trahit3
1635 1583 1710 1622 hic
1740 1582 1961 1634 (inquam)

334 1656 508 1707 omnia,
547 1667 665 1707 quae
701 1667 727 1694 a
762 1654 895 1694 nobis
928 1655 975 1694 in
1010 1653 1303 1693 confessione
1337 1653 1602 1692 hominibus
1635 1654 1832 1704 proponi
1860 1665 1959 1705 pos-

334 1733 461 1777 sunt,
485 1727 661 1766 maiore
683 1726 825 1765 multo
847 1725 1012 1775 vigore
1035 1724 1329 1764 observanda
1351 1724 1407 1763 de
1429 1730 1654 1774 suggestu
1685 1725 1960 1775 proclamat,

334 1798 637 1848 adductisque
673 1797 898 1836 ecclesiae
933 1794 1194 1835 Doctorum
1228 1795 1606 1845 auctoritatibus,
1642 1795 1805 1846 quibus
1840 1801 1964 1835 totus

333 1869 576 1918 incumbit,
601 1869 660 1908 ad
686 1869 884 1907 salutem
914 1867 1181 1907 necessaria
1211 1878 1314 1906 esse
1342 1865 1605 1917 confirmat,
1637 1866 1752 1906 adeo
1780 1865 1969 1917 quidem

332 1939 491 1991 rigide
511 1952 593 1991 per
615 1939 975 1987 confessionem,
998 1937 1287 1988 frequentem
1310 1937 1702 1987 communionem,
1726 1938 1861 1977 luxus
1890 1937 1962 1977 de-

332 2011 631 2062 positionem,
670 2021 724 2049 ac
760 2009 979 2060 superflui
1013 2009 1060 2048 in
1093 2019 1323 2059 pauperes
1359 2008 1706 2058 elargitionem,
1744 2009 1967 2059 populum-

333 2082 508 2121 inducit
548 2080 607 2120 ad
652 2086 834 2120 arctam
870 2080 997 2119 viam
1037 2078 1373 2129 arripiendam,
1422 2078 1567 2129 quod,
1611 2084 1798 2129 praeter
1843 2090 1961 2128 eam,

333 2152 680 2193 damnationem
703 2149 910 2190 evitandi
930 2150 1083 2189 nullus
1106 2154 1247 2189 restet
1269 2148 1453 2198 modus3
1486 2155 1530 2188 et
1557 2149 1663 2200 quia
1686 2149 1813 2189 circa
1840 2161 1961 2189 eam-

334 2224 438 2263 dem
474 2233 718 2262 versamur
757 2221 1002 2260 materiam
1041 2220 1347 2270 eumdemque
1393 2231 1587 2270 scopum
1626 2226 1864 2268 tenemus,
1907 2220 1966 2260 ad

334 2294 559 2334 maiorem
597 2292 932 2332 infirmantium
971 2290 1361 2330 confortationem
1401 2291 1520 2330 inter
1558 2302 1644 2330 nos
1684 2297 1966 2330 conventum

334 2372 402 2405 est
436 2370 486 2405 ut
521 2376 596 2415 ea,
631 2375 748 2414 quae
782 2374 868 2402 nos
896 2362 942 2401 in
970 2361 1152 2401 silentio
1180 2367 1223 2400 et
1252 2373 1363 2400 aure
1399 2361 1657 2411 hortamur,
1694 2361 1792 2412 ipse
1827 2373 1968 2413 super

334 2442 456 2476 tecta
477 2435 730 2487 praedicet,
759 2433 923 2484 quibus
944 2444 1037 2472 non
1058 2444 1225 2483 parum
1247 2438 1290 2472 et
1313 2432 1455 2472 animi
1483 2432 1799 2472 confitentium
1826 2433 1963 2472 stabi-

334 2508 508 2547 liuntur
544 2512 588 2546 et
623 2505 909 2545 aemulorum
945 2515 1027 2543 ora
1057 2503 1375 2553 obstruuntur,
1414 2503 1491 2554 qui
1521 2503 1640 2543 inter
1671 2509 1870 2551 caetera,
1907 2503 1965 2543 ad

336 2577 632 2618 avocandum
662 2589 688 2616 a
721 2575 856 2615 nobis
889 2574 1131 2613 hominum
1162 2573 1373 2624 affectus,
1397 2581 1441 2614 et
1469 2574 1556 2614 hoc
1583 2574 1837 2614 machinati
1859 2581 1965 2614 sunt

336 2661 384 2689 se
418 2649 555 2688 valde
591 2647 802 2687 dubitare
838 2657 897 2685 an
930 2645 1065 2684 nobis
1101 2644 1302 2684 confessi
1336 2645 1536 2685 absoluti
1569 2645 1841 2695 habeantur,
1881 2657 1967 2685 nec

336 2720 429 2758 ulla
458 2730 509 2758 re
536 2724 666 2757 tanto
696 2729 744 2757 56
774 2717 892 2756 velle
919 2727 1153 2766 exponere
1180 2716 1386 2766 periculo
1417 2716 1572 2755 dicere
1603 2727 1696 2755 non
1726 2723 1962 2765 verentur,

337 2801 390 2828 eo
428 2788 549 2839 quod
582 2787 802 2838 Episcopi
837 2786 1165 2826 admissionem
1199 2797 1292 2825 non
1326 2786 1604 2836 habeamus,
1642 2786 1806 2836 quibus
1842 2792 1968 2826 certe

390 2924 399 2943 ¹
441 2923 494 2950 Sic
511 2922 686 2956 perspicue
704 2922 892 2952 Arnoldus;
909 2924 945 2948 at
961 2921 1047 2947 forte
1064 2928 1156 2947 mens
1173 2921 1219 2947 illi
1237 2925 1311 2948 erat
1327 2923 1476 2948 semberc
1495 2921 1662 2948 veritatis
1674 2925 1732 2948 aut
1748 2921 1826 2956 quid
1843 2922 1964 2949 simile.

336 2970 376 2998 Ni
389 2971 497 2996 verba
514 2970 598 2996 haec
616 2969 786 2995 novitatis
802 2968 876 2994 zelo
890 2968 939 2994 ita
955 2968 1145 3001 intelligere
1169 2969 1312 2995 velimus
1332 2969 1425 3002 quasi
1443 2967 1571 2995 diceret
1587 2969 1678 3001 zelo,
1695 2976 1760 3001 qno
1776 2969 1812 2995 in
1829 2970 1967 2995 novita-

340 3020 393 3044 tes
410 3016 654 3044 invehebatur.
