2080 3392
819 244 903 282 AN.
937 244 1030 282 1552
1704 248 1748 285 41

108 352 237 381 mum
257 340 604 393 spiritualibus,
628 348 677 382 ut
706 343 805 394 ipse
835 353 928 382 non
959 342 1102 382 semel
1132 342 1294 393 accepi
1324 352 1351 381 a
1379 342 1495 381 viris
1515 344 1752 393 primariis

110 411 249 463 hujus
276 410 588 453 Academiae:
618 412 809 465 hujusce
840 413 1061 453 nimirum
1091 411 1339 453 Societatis
1364 412 1494 452 viros
1524 425 1616 453 non
1646 415 1753 455 hae-

106 494 210 522 rere
240 482 287 522 in
319 483 495 523 cortice
526 496 706 535 rerum,
745 496 864 536 quae
901 484 1082 524 animos
1117 484 1177 524 ad
1212 484 1466 534 genuinam
1500 485 1751 535 puritatem

106 559 409 604 promovent,
441 554 524 594 sed
552 555 599 595 in
626 555 692 595 eis
718 555 921 607 penitius
947 555 1271 606 philosophari
1299 566 1355 594 ac
1382 555 1597 606 proximo
1630 556 1752 596 bona

107 624 196 665 fide
225 625 589 666 communicare.
624 625 941 677 Quamobrem
968 632 1012 665 et
1042 626 1250 677 ipsorum
1281 626 1457 678 aliquot
1487 626 1754 667 indicarunt

105 706 277 748 parare
299 706 348 735 se
369 696 430 736 ad
450 696 793 737 institutionem
814 696 1148 737 exercitiorum
1170 697 1485 748 spiritualium
1503 698 1754 750 suscipien-

107 767 235 818 dam,
258 767 464 818 peractis
493 768 743 808 vindemiis
771 767 916 808 hisce.
942 767 1045 808 Hoc
1073 767 1177 808 ideo
1201 769 1426 809 annotavi
1454 769 1501 809 in
1528 769 1656 809 hisce
1676 781 1754 809 no-

106 838 239 889 stris,
263 839 389 890 quod
416 839 668 891 plerosque
702 839 911 891 ipsorum
938 839 1083 879 veluti
1114 851 1351 880 remoram
1378 841 1632 892 quamdam
1652 853 1756 893 pas-

105 921 184 950 sos
207 910 538 950 subolfecerim
569 910 879 962 quorumdam
909 911 1316 962 persuasionibus,
1351 912 1432 952 sed
1461 924 1628 964 parum
1657 919 1755 953 tan—

106 981 212 1021 dem
235 980 648 1032 persuadentibus.

187 1052 429 1104 Quantum
450 1052 510 1093 ad
532 1052 684 1093 studia
706 1052 906 1094 fratrum
928 1054 1118 1104 attinet,
1149 1066 1243 1094 non
1272 1065 1419 1106 usque
1446 1054 1562 1095 adeo
1590 1056 1762 1097 litteris

108 1124 337 1164 hactenus
360 1124 638 1165 desudatum
660 1132 750 1175 est,
770 1125 894 1176 quod
921 1127 1137 1166 consulto
1160 1126 1337 1166 factum
1368 1133 1437 1167 est
1465 1127 1522 1167 ob
1548 1127 1760 1168 rationes

104 1195 203 1247 jam
227 1196 372 1236 semel
400 1196 643 1237 adductas.
678 1196 868 1237 Interim
898 1198 1088 1238 tandem
1120 1204 1358 1238 cessatum
1388 1205 1456 1238 est
1488 1199 1676 1239 minime
1697 1200 1758 1240 ab

109 1267 214 1307 aliis
236 1267 670 1318 exercitationibus,
695 1280 815 1320 quae
833 1268 1008 1320 absque
1026 1269 1244 1309 sanitatis
1262 1269 1538 1310 detrimento
1560 1270 1660 1310 fieri
1679 1282 1755 1322 po-

107 1344 317 1389 tuerunt,
358 1339 503 1379 veluti
543 1339 853 1391 orationibus,
898 1340 1395 1392 contemplationibus,
1438 1343 1757 1382 sacrosanctis

110 1410 422 1450 sacramentis
443 1411 755 1462 suscipiendis
784 1412 1100 1463 poenitentiae
1127 1419 1172 1452 et
1202 1412 1548 1464 Eucharistiae,
1574 1414 1763 1454 concio-

109 1481 245 1521 nibus
267 1482 463 1534 aliisque
484 1481 530 1522 id
551 1493 722 1534 genus,
754 1483 921 1535 quibus
951 1484 1101 1523 nostri
1129 1483 1188 1524 ad
1219 1484 1430 1524 divinum
1459 1485 1634 1525 cultum
1654 1497 1758 1536 pro-

109 1553 315 1605 ximique
356 1553 731 1594 aedificationem
770 1554 1011 1594 efformari
1049 1555 1215 1595 solent.
1253 1554 1359 1607 Jam
1391 1567 1529 1607 vero,
1571 1563 1763 1607 praeter

109 1624 247 1675 haec,
282 1630 327 1664 et
357 1625 512 1665 studia
549 1632 769 1677 suscepta
800 1626 1050 1678 diligenter
1079 1633 1449 1678 prosequuntur,
1485 1628 1670 1668 tametsi
1700 1629 1759 1668 ab

107 1696 164 1736 iis
185 1708 439 1748 numquam
459 1709 654 1749 prorsus
677 1704 912 1738 cessatum
940 1699 1013 1738 sit.
1033 1697 1126 1739 Sub
1148 1699 1279 1738 initia
1302 1699 1578 1750 studiorum,
1593 1698 1689 1751 jam
1711 1700 1757 1740 in

108 1767 198 1807 hac
225 1767 487 1809 Academia
516 1769 788 1822 propediem
816 1770 1220 1821 resumendorum,
1245 1771 1428 1822 publice
1452 1771 1759 1812 declamaturi

109 1844 240 1890 sunt,
278 1839 379 1880 Deo
405 1841 630 1892 propitio,
661 1841 838 1893 aliquot
867 1853 925 1882 ex
956 1843 1153 1893 nostris,
1179 1855 1234 1882 ac
1256 1849 1434 1894 septem
1468 1844 1759 1894 psalmorum

108 1910 512 1962 poenitentialium
534 1911 989 1964 interpretationem,
1015 1925 1040 1954 a
1061 1913 1143 1953 Ra
1164 1914 1209 1954 V
1217 1946 1248 1964 .,
1273 1914 1468 1954 Vicario
1504 1926 1559 1954 ac
1589 1914 1637 1954 P.
1664 1913 1759 1955 Sal-

110 1993 301 2022 merone
322 1983 457 2023 nobis
479 1983 737 2034 decretam,
764 1984 902 2025 simul
922 1984 1273 2036 aggrediemur.

190 2052 346 2105 Atque
367 2065 422 2094 eo
445 2054 631 2106 quidem
658 2062 818 2107 pacto,
849 2055 949 2096 RQ
976 2056 1050 2107 P„
1082 2068 1168 2096 nos
1199 2057 1426 2097 hactenus
1457 2063 1645 2097 exercet
1667 2056 1758 2097 Do-

112 2124 288 2175 minus,
326 2125 458 2177 isque
493 2132 563 2166 est
597 2137 755 2166 rerum
791 2139 847 2167 ac
882 2127 1144 2167 studiorum
1183 2135 1452 2168 nostrorum
1493 2134 1665 2178 status,
1709 2135 1758 2168 ut

111 2201 299 2246 praeter
319 2197 544 2249 paucula,
581 2209 701 2249 quae
724 2197 815 2238 huc
846 2199 987 2238 allata
1019 2205 1147 2249 sunt,
1182 2199 1241 2239 ad
1270 2209 1438 2250 agrum
1469 2211 1604 2239 suum
1630 2200 1758 2239 illum

112 2267 442 2319 excolendum,
476 2280 615 2320 quem
645 2281 770 2309 nunc
799 2269 1003 2321 primum
1037 2270 1393 2310 submonstrare
1427 2269 1634 2320 videtur,
1671 2281 1761 2310 nos

111 2343 295 2378 tantum
326 2350 499 2390 parare
533 2340 762 2381 hactenus
800 2341 1022 2392 voluerit,
1060 2341 1276 2382 videmus
1311 2342 1540 2392 siquidem
1573 2342 1758 2382 labores

111 2421 410 2461 nequaquam
432 2411 695 2453 mediocres
717 2424 802 2453 nos
824 2425 1038 2464 manere,
1071 2424 1189 2465 quos
1220 2413 1308 2453 hoc
1338 2413 1593 2453 animosius
1615 2425 1670 2453 ac
1692 2413 1757 2463 (ut

112 2481 268 2532 spero)
308 2481 489 2522 felicius
525 2483 880 2535 aggrediemur,
917 2497 1031 2536 quo,
1076 2484 1249 2525 Sancta
1291 2484 1552 2524 obedientia
1586 2484 1757 2535 ubique

111 2552 368 2603 praeduce,
393 2553 550 2594 animo
571 2555 760 2605 puriore
782 2556 956 2596 sectari
978 2557 1266 2596 conabimur.

192 2622 351 2664 Sacris
368 2624 554 2665 interim
574 2625 629 2666 R.
654 2626 703 2666 P.
727 2626 780 2667 T.
805 2627 1049 2668 sacrificiis
1071 2634 1115 2668 et
1137 2629 1330 2668 excitati
1351 2633 1395 2667 et
1416 2625 1635 2667 continuo
1652 2637 1756 2677 pro-

112 2695 258 2746 vecti,
285 2707 484 2747 quorum
511 2696 734 2749 suffragia
754 2698 801 2738 in
823 2699 987 2750 primis
1005 2705 1392 2751 caeterorumque
1410 2698 1462 2738 R.
1490 2696 1538 2737 P.
1564 2709 1619 2737 ac
1644 2697 1755 2737 Fra-

111 2771 236 2805 trum
258 2765 646 2808 charissimorum
666 2768 931 2821 importune
952 2781 1136 2822 semper
1158 2769 1532 2820 effiagitabimus.

193 2835 438 2887 Perusiae,
463 2837 562 2878 Cal.
587 2838 806 2880 Octobris
831 2840 947 2881 1552.

192 2906 264 2948 De
286 2907 346 2948 V.
370 2907 424 2948 R.

192 2977 342 3019 Servo
364 2979 548 3030 inutile,

908 3056 1172 3096 EVERARDO
1206 3054 1535 3093 MARcufflANo.
