2080 3392
858 175 940 212 AN.
972 175 1064 212 1503
1704 175 1776 213 409

881 627 1023 681 CCL

205 863 252 901 P.
273 862 530 900 Edmundus
550 863 797 910 Augerius‚

250 927 319 965 Ex
338 927 661 965 commissione
679 928 825 966 Patris
845 928 1063 966 Everardi
1084 928 1372 973 Mercuriani,

297 993 420 1031 Patri
438 994 608 1040 ignatio
630 993 683 1031 de
703 993 889 1041 Loyola.

346 1060 543 1104 Perusio,
567 1059 611 1097 15
628 1058 903 1107 Septembris
924 1059 1016 1097 1553
1034 1060 1059 1094 ¹.

882 1268 1032 1322 JHUS

211 1481 312 1522 Pax
333 1482 530 1533 Christi,
555 1488 642 1523 ete.

209 1553 448 1594 Laborum
484 1555 713 1605 omnium,
757 1555 835 1607 qui
875 1555 1074 1595 caeteris
1110 1555 1240 1605 alibi,
1281 1555 1415 1595 nobis
1450 1554 1691 1605 Perusiae,
1729 1554 1775 1594 in

129 1624 289 1666 divino
329 1626 551 1677 obsequio
587 1637 860 1667 communes
894 1626 1048 1677 fuere,
1087 1638 1270 1667 summa
1305 1632 1350 1666 et
1383 1632 1641 1678 proventus
1675 1626 1774 1673 tibi,

129 1696 177 1737 P.
202 1697 249 1737 in
272 1696 459 1737 Christo
482 1698 790 1748 observande,
813 1698 1149 1750 perscribetur,
1173 1698 1213 1738 si
1232 1698 1363 1749 prius
1385 1697 1644 1738 domestica
1665 1709 1773 1749 quo-

130 1780 218 1820 que
239 1768 430 1820 negotia
453 1769 672 1820 attigero

207 1839 400 1880 Fratres
429 1852 524 1880 non
558 1841 709 1881 solum
742 1842 885 1893 longa
912 1848 955 1882 et
985 1843 1124 1893 gravi
1154 1853 1313 1882 rerum
1342 1848 1421 1882 aut
1453 1841 1543 1881 loci
1577 1840 1775 1892 penuria

130 1923 223 1951 non
243 1917 350 1952 sunt
371 1912 604 1961 exterriti,
629 1913 722 1952 imo
751 1919 796 1953 et
822 1913 1034 1964 pristinis
1062 1914 1232 1954 animis
1259 1913 1419 1953 nescio
1451 1913 1560 1965 quid
1590 1912 1775 1953 roboris

129 1983 176 2022 in
206 1982 304 2023 dies
334 1983 521 2023 videtur
551 1984 793 2024 accedere.
831 1983 994 2025 Studia
1028 1991 1185 2025 autem
1218 1985 1461 2025 remissius
1491 1990 1770 2034 tractantur,

128 2060 223 2094 tum
260 2054 463 2094 adversa
498 2054 728 2095 hactenus
763 2056 1016 2096 multorum
1049 2056 1341 2107 valetudine,
1379 2062 1478 2096 tum
1513 2067 1626 2096 sane
1660 2056 1772 2095 mul-

128 2125 326 2165 titudine
371 2126 683 2177 negotiorum.
725 2127 934 2168 Tametsi
974 2128 1140 2180 quibus
1180 2128 1311 2178 lieet,
1355 2128 1499 2168 horas
1538 2127 1774 2167 interdum

130 2196 349 2237 suffurari
387 2197 447 2237 sit
487 2209 747 2239 commune.
790 2198 1041 2239 Potissima
1082 2211 1194 2251 pars
1233 2199 1393 2249 docet,
1444 2199 1547 2239 aliis
1586 2198 1774 2238 interim

130 2279 215 2307 sua
237 2268 378 2308 etiam
399 2268 550 2309 officia
571 2270 903 2319 tractantibus3
929 2271 1125 2323 quisque
1147 2282 1232 2311 sua
1253 2276 1378 2311 sorte
1398 2271 1580 2310 beatus.
1604 2269 1772 2321 Quam-

130 2350 271 2390 quam
315 2339 561 2380 extruendi
608 2341 684 2381 hic
726 2341 923 2393 Collegii
968 2353 1099 2394 spem
1143 2342 1346 2394 plurima
1387 2341 1686 2382 incommoda
1729 2347 1774 2381 et

131 2409 307 2450 diversi
344 2422 503 2452 rerum
542 2412 695 2452 exitus
737 2413 1029 2465 aliquantum
1072 2414 1453 2465 interturbarint,
1497 2413 1774 2453 ademerunt

130 2487 288 2521 tamen
318 2493 575 2534 nunquam.
607 2483 676 2524 Ea
703 2485 826 2524 enim
853 2490 923 2525 est
958 2485 1146 2526 divinae
1174 2485 1449 2526 clementiae
1480 2484 1769 2535 magnitudo,

131 2558 179 2592 ut
213 2551 463 2594 Societatis
491 2565 635 2605 opera
664 2555 827 2596 urbem
861 2556 984 2596 hane
1016 2568 1199 2608 quoque
1223 2555 1483 2607 juvandam
1509 2556 1771 2596 destinarit.

131 2622 266 2674 Quod
302 2635 530 2677 prospero
565 2631 736 2666 eventu
764 2633 809 2667 et
837 2627 1092 2679 spiritualis
1118 2634 1376 2679 proventus
1404 2627 1548 2667 veluti
1573 2627 1774 2678 pignore

131 2694 352 2746 Colligere
372 2695 496 2736 licet.
519 2695 617 2736 Nee
647 2702 830 2737 tantum
860 2698 907 2738 in
935 2698 1180 2739 movendis
1206 2699 1447 2738 hominum
1474 2698 1643 2738 animis
1669 2697 1773 2738 dae-

132 2776 241 2806 mon
261 2766 403 2818 valet,
428 2773 655 2818 quantum
676 2767 806 2809 Deus
827 2769 927 2820 ipse
943 2768 1185 2810 firmandis
1205 2769 1526 2820 fovendisque.
1552 2769 1595 2809 Is
1618 2775 1775 2809 autem

130 2837 426 2887 potissimum
470 2839 592 2879 inter
639 2845 826 2880 caetera
874 2841 1101 2881 suadebat
1146 2852 1240 2880 non
1289 2841 1626 2881 admittendam
1671 2852 1774 2881 esse

187 2995 197 3015 ¹
237 2997 499 3033 Autographae‚
515 2999 548 3026 in
564 2999 644 3026 folio
659 3000 768 3034 unico,
784 3007 814 3027 n.
830 3000 977 3028 56.—Est
993 3004 1026 3027 et
1042 3000 1279 3035 apographum
1294 3001 1326 3027 in
1342 3001 1421 3028 folio
1432 3001 1520 3028 A6.bis
