2080 3392
360 212 431 248 ‘246
870 212 1094 248 LITTERAE
1121 223 1476 255 QUADMMESTRES

358 309 488 348 rimis
510 309 724 359 negotiiS,
749 321 866 360 quae
889 310 952 349 illi
974 309 1029 349 de
1051 310 1248 360 integro,
1273 315 1512 361 tamquam
1529 310 1743 360 operario
1760 321 1858 360 suo,
1879 321 1986 361 quo·

356 379 468 419 tidie
491 379 720 418 Dominus
742 380 953 430 iniungit;
979 380 1076 420 eius
1096 380 1290 420 bonitati
1311 380 1476 431 gloria.
1499 380 1666 420 Amen.

438 450 633 489 Multum
655 451 699 489 in
721 450 808 490 hoc
831 451 1161 502 quadrimestri
1182 456 1389 501 tempore
1407 450 1650 502 Dominus,
1671 463 1725 491 ac
1742 452 1988 503 plusquam

360 522 607 571 hactenus,
633 527 702 561 est
730 528 971 572 operatus,
1004 533 1147 573 quare
1176 522 1289 561 satis
1317 528 1361 561 et
1388 522 1650 562 animarum
1677 521 1913 573 profectus
1944 528 1988 562 et

358 591 547 631 Domini
582 592 815 642 copiosior
849 598 1045 643 apparet
1079 592 1265 632 infusio.
1301 592 1373 632 Ex
1407 593 1563 633 multis
1597 593 1841 633 subiiciam
1870 604 1988 643 quae

360 663 458 714 ipse
480 664 603 702 novi.

439 733 553 774 Cum
581 746 722 785 eques
753 734 941 785 quidam
977 734 1212 774 Cantaber
1246 734 1293 773 in
1328 745 1567 774 carcerem
1601 735 1986 785 ecclesiasticum,

358 805 594 844 homicidii
634 811 881 845 accusatus
902 838 909 855 ,
951 805 1194 845 convictus
1240 812 1361 844 esset
1408 812 1452 845 et
1488 805 1654 856 capitis
1693 817 1720 844 a
1759 805 1988 845 iudicibus

356 875 620 924 damnatus,
643 888 736 915 non
756 877 904 927 potuit
927 876 998 926 (ne
1020 876 1220 916 inimicis
1240 876 1470 927 parceret)
1488 888 1574 916 nec
1595 877 1652 916 ab
1673 876 1809 916 huius
1831 876 1991 928 oppidi

356 946 545 996 abbate,
574 958 660 986 nec
689 947 786 986 eius
821 947 1000 987 vicario
1037 959 1122 986 nec
1151 958 1178 986 a
1205 947 1440 997 religiosis
1468 947 1526 986 ad
1553 947 1894 987 confessionem
1924 946 1988 987 fa-

356 1017 572 1057 ciendam
592 1017 878 1068 persuaderi.
903 1017 993 1058 Sed
1015 1029 1041 1057 a
1072 1017 1274 1057 Domino
1302 1017 1546 1068 visitatus,
1572 1018 1779 1058 immisso
1810 1018 1985 1067 morbo,

357 1099 461 1127 cum
484 1100 509 1127 a
533 1095 666 1139 patre
688 1100 870 1139 quoque
891 1094 1053 1128 nostro
1078 1087 1085 1107 ¹
1111 1089 1374 1140 (postquam
1393 1088 1439 1128 id
1467 1088 1660 1138 audivit)
1691 1088 1983 1137 inviseretur,

356 1170 438 1198 cor
460 1159 558 1198 eius
580 1159 727 1199 dulcis
749 1159 977 1199 Dominus
1000 1159 1246 1210 convertit,
1271 1165 1315 1199 et
1332 1160 1389 1199 ab
1407 1159 1522 1211 ipsQ
1542 1159 1685 1199 alium
1700 1160 1862 1199 nolens
1881 1171 1987 1199 con·

356 1229 618 1280 sessanum,
644 1230 794 1269 audiri
816 1230 1084 1280 postulavit,
1108 1230 1186 1281 qui
1207 1230 1278 1269 sui
1308 1230 1479 1270 oblitus
1507 1242 1590 1281 per
1618 1230 1793 1281 aliquot
1824 1241 1985 1279 annos,

358 1306 402 1340 et
422 1301 543 1340 bona
566 1307 608 1340 et
630 1300 829 1340 adversa
851 1300 1118 1340 valetudiue
1145 1300 1406 1352 praeditus,
1439 1301 1538 1340 sine
1567 1300 1859 1340 confessione
1891 1311 1989 1350 per-

358 1378 610 1411 manserat.
634 1371 792 1422 Itaque
814 1371 1202 1419 consolationem,
1233 1376 1278 1411 et
1307 1371 1366 1411 ad
1393 1371 1571 1422 omnia,
1601 1382 1719 1422 quae
1748 1370 1821 1411 Pr.
1851 1371 1990 1411 vellet

360 1443 611 1493 imperare,
649 1441 1064 1493 promptitudinem
1092 1442 1294 1493 accepit:
1326 1442 1443 1482 adeo
1464 1442 1595 1494 quod
1622 1442 1763 1482 etiam
1792 1448 1990 1482 mortem

360 1513 415 1561 (si
437 1513 710 1563 offerretur),
736 1513 872 1552 modo
894 1513 959 1552 illi
979 1513 1117 1553 Pater
1139 1513 1344 1564 adesset,
1369 1525 1518 1565 aequo
1540 1520 1584 1553 et
1611 1513 1769 1553 libenti
1789 1513 1990 1564 suscipe-

360 1590 431 1623 ret
453 1584 623 1623 animo.

442 1654 743 1695 Abundantia
764 1661 1008 1706 praeterea
1030 1655 1376 1695 confessionum
1404 1655 1492 1695 hac
1521 1655 1884 1707 quadragesima
1914 1667 1991 1695 no-

360 1727 432 1766 bis
450 1726 535 1766 fuit
556 1738 795 1766 concessa:
820 1737 962 1777 quare
986 1727 1101 1766 alter
1122 1738 1180 1765 ex
1203 1726 1428 1777 patribus,
1452 1726 1573 1766 inter
1590 1727 1722 1777 alias,
1747 1726 1993 1766 duodecim

361 1803 442 1837 aut
463 1798 684 1837 tredecim
707 1797 1024 1837 confessiones
1045 1797 1224 1849 audivit
1252 1798 1523 1848 generales:
1555 1797 1678 1849 quod
1705 1809 1799 1837 non
1827 1808 1993 1848 parum

361 1868 447 1908 fuit
467 1868 671 1908 Domino
693 1877 894 1919 gratum.
915 1868 987 1908 Ex
1003 1868 1089 1918 hiS,
1111 1880 1271 1908 omnes
1288 1880 1566 1920 unoquoque
1588 1880 1760 1919 mense,
1784 1868 1993 1920 plerique

361 1951 476 1979 vero
504 1940 663 1991 quinto
691 1940 870 1980 decimo
899 1951 1081 1991 quoque
1098 1940 1184 1989 die,
1205 1940 1387 1980 octavis
1405 1951 1586 1991 quoque
1603 1939 1764 1979 diebus
1787 1940 1865 1979 alii
1886 1951 1991 1979 con-

362 2010 520 2050 fitendi
541 2011 923 2050 consuetudinem
944 2011 1207 2050 induerunt.
1231 2011 1350 2050 Tum
1372 2016 1560 2061 praeter
1582 2010 1668 2050 hos
1692 2010 1835 2062 aliqui
1861 2009 1992 2050 facti—

362 2082 525 2121 tabunt
552 2081 693 2121 idem:
724 2082 817 2121 iam
846 2082 968 2120 enim
996 2081 1054 2121 ad
1082 2081 1127 2121 id
1155 2081 1434 2132 praemoniti
1465 2093 1513 2121 se
1534 2081 1660 2132 ipsos
1690 2087 1990 2132 praeparant.

442 2152 544 2192 Hoc
564 2153 753 2203 insuper
773 2152 1021 2192 tacendum
1042 2164 1135 2192 non
1156 2159 1245 2192 est:
1276 2163 1441 2203 nempe
1462 2151 1585 2203 quod
1606 2152 1744 2192 homo
1762 2184 1771 2203 ,
1804 2152 1882 2203 qui
1910 2163 1994 2202 per

366 2223 723 2274 quadriennium
745 2222 900 2262 odium
922 2223 968 2261 in
989 2223 1130 2262 alium
1154 2228 1546 2270 conservaverat,
1579 2234 1605 2262 a
1632 2234 1722 2274 quo
1749 2234 1843 2262 non
1868 2229 1992 2273 pote-

364 2302 437 2334 rat
459 2294 596 2333 avelli
618 2293 744 2345 (quin
765 2293 917 2345 potius
939 2293 1024 2333 sibi
1044 2293 1291 2333 videbatur
1322 2294 1592 2344 obsequium
1622 2299 1864 2345 praestare
1893 2292 1993 2333 Deo

362 2365 535 2404 inferre
563 2371 788 2416 quantum
813 2364 1080 2404 nocumenti
1109 2370 1266 2415 posset
1292 2364 1527 2415 inimico),
1557 2370 1803 2415 postquam
1829 2364 1889 2404 ad
1919 2362 1993 2403 do-

366 2447 491 2475 mum
515 2441 727 2475 nostram
747 2446 772 2474 a
795 2434 1016 2485 Domino,
1043 2434 1383 2475 confessionem
1404 2435 1633 2485 facturus,
1659 2435 1886 2474 adductus
1907 2440 1990 2484 est,

363 2518 423 2546 ex
444 2506 593 2557 primo
618 2506 836 2556 ingressu
857 2505 980 2545 mitis
1001 2505 1207 2556 effectus,
1231 2512 1478 2557 peccatum
1501 2517 1635 2545 suum
1656 2506 1801 2556 novit,
1826 2505 1993 2545 condo-

366 2577 495 2616 navit
517 2576 761 2626 offensam,
784 2576 1081 2627 loquiturque
1111 2588 1215 2616 cum
1247 2576 1543 2627 adversario,
1571 2577 1857 2627 multumque
1884 2586 1993 2626 gau-

363 2648 441 2687 det
462 2647 587 2698 quod
615 2647 701 2686 sibi
730 2647 914 2687 videtur
942 2646 998 2686 ab
1028 2658 1167 2686 onere
1189 2647 1328 2697 gravi
1349 2647 1593 2694 liberatus,
1625 2646 1747 2698 quod
1767 2647 1994 2686 hactenus

369 2730 460 2758 non
480 2724 791 2769 persenserat.
862 2716 867 2724 ‘

447 2787 634 2828 Addam
656 2794 699 2828 et
720 2787 775 2827 de
798 2788 903 2838 alio,
927 2788 1005 2839 qui
1026 2788 1073 2827 in
1094 2789 1216 2828 malo
1240 2787 1439 2839 degebat
1456 2793 1581 2828 statu
1599 2794 1642 2828 et
1659 2799 1741 2839 per
1758 2799 1906 2827 annos
1922 2798 1992 2827 oc-

365 2860 606 2899 casionem
634 2860 758 2899 domi
786 2859 1033 2909 retinebat,
1064 2859 1180 2899 adeo
1207 2860 1253 2899 in
1279 2859 1367 2899 hoc
1394 2858 1562 2899 infixus
1588 2861 1705 2910 luto,
1734 2865 1784 2899 ut
1816 2870 1843 2898 a
1870 2859 1992 2898 nullo

425 3018 434 3038 ¹
473 3018 563 3045 Idem
580 3018 615 3045 P.
632 3018 809 3045 Gonzalez.
828 3018 993 3052 POLANco,
1009 3018 1099 3050 ibid..
1117 3026 1134 3044 n
1165 3019 1229 3046 701.
