2080 3392
822 177 902 214 Ax.
935 175 1026 214 1553
1673 174 1744 212 223

829 641 1008 696 CCXI

171 871 331 907 Petrus
354 868 468 913 DIez,

219 934 291 972 Ex
309 932 629 971 commissione
650 931 796 969 Patris
815 931 978 968 Leonis
999 929 1232 976 Enriquez,

269 999 390 1037 Patri
408 998 576 1046 Ignatio
597 997 650 1034 de
670 997 854 1045 Loyola.

316 1064 615 1104 Conimbrica.
637 1063 683 1100 ‘26
702 1062 870 1109 Aprilis
892 1061 984 1098 1553
1003 1062 1027 1095 ¹.

920 1328 924 1346 l

878 1348 977 1390 IHs

183 1560 453 1602 Admodum
476 1559 573 1600 R.<¹C
597 1560 642 1599 in
665 1558 852 1599 Christo
874 1557 1027 1597 Pater.

180 1632 345 1673 Gratia
377 1637 422 1672 et
453 1643 584 1671 amor
615 1629 805 1670 Domini
836 1629 985 1669 nostri
1014 1628 1124 1681 Jesu
1157 1627 1331 1668 Christi
1363 1627 1454 1667 sint
1486 1638 1670 1679 semper
1700 1626 1745 1666 in

100 1703 325 1744 cordibus
345 1702 536 1744 nostris.
560 1702 728 1742 Amen.

179 1774 296 1815 Cum
319 1773 449 1826 jussa
481 1780 589 1814 tuae
610 1772 659 1813 Ρ.
684 1772 1026 1813 contemnenda
1056 1784 1149 1812 non
1180 1772 1296 1821 sint,
1335 1771 1600 1822 certiorque
1635 1769 1748 1809 mihi

100 1847 294 1898 proinde
315 1846 379 1886 sis
399 1845 640 1886 faciendus
662 1855 825 1884 eorum
851 1843 1080 1894 omnium,
1112 1855 1231 1895 quae
1252 1848 1350 1882 toto
1372 1843 1461 1882 hoc
1484 1841 1744 1893 quadrime-

100 1918 185 1958 stri
205 1918 358 1969 spatio
380 1918 453 1958 his
475 1917 523 1957 in
542 1916 658 1956 locis
680 1921 814 1966 gesta
836 1921 964 1966 sunt,
991 1921 1098 1955 ante
1121 1915 1277 1954 omnia
1295 1926 1344 1954 se
1363 1913 1496 1953 offert
1513 1913 1744 1962 doctrina,

102 2000 261 2040 quam,
286 1988 393 2029 inde
415 2001 441 2029 a
475 1987 723 2041 Januario,
749 1987 942 2027 castella
975 1986 1162 2038 vicique
1191 1986 1299 2026 huic
1332 1985 1515 2025 civitati
1543 1984 1747 2036 proximi

102 2066 207 2101 sunt
236 2060 402 2101 edocti.
434 2059 534 2111 Qua
563 2071 612 2099 re
644 2071 737 2099 non
767 2070 936 2110 parum
958 2058 1126 2098 animis
1157 2068 1321 2097 eorum
1352 2057 1594 2096 hominum
1626 2067 1747 2095 com-

103 2132 341 2172 modatum
380 2138 473 2172 est:
517 2131 721 2171 maxime
760 2129 967 2181 puerulis
1007 2128 1272 2169 rudimenta
1312 2127 1600 2168 christianae
1639 2125 1747 2166 fidei

99 2202 430 2255 perdocendis,
455 2202 579 2254 quod
616 2214 729 2253 prae
757 2200 957 2241 caeteris
997 2199 1186 2240 Patrem
1222 2206 1437 2239 nostrum
1467 2199 1745 2239 Emmanue-

104 2276 193 2315 lem
213 2274 450 2316 Godinum
471 2274 530 2314 ad
551 2274 597 2314 id
614 2272 870 2324 jubendum
896 2272 1180 2324 perpulerat.
1215 2270 1371 2322 Atque
1397 2270 1628 2322 principio
1651 2269 1746 2320 qui-

104 2345 208 2386 dem
225 2345 490 2398 quindecim
507 2350 587 2385 aut
603 2344 842 2385 sexdecim
863 2343 1087 2384 fratribus
1108 2343 1154 2383 id
1177 2342 1315 2382 officii
1337 2342 1640 2382 commissum
1657 2346 1740 2380 est.

104 2416 194 2457 Sed
210 2429 305 2457 non
322 2418 465 2457 multo
479 2423 599 2468 post,
614 2428 717 2456 cum
736 2416 927 2467 negotia
947 2416 1171 2455 nonnulla
1189 2414 1460 2463 existerent,
1480 2411 1748 2452 necessario

48 2522 54 2528 .
105 2488 194 2528 illis
225 2488 568 2529 occurrendum
587 2487 694 2537 fuit3
724 2487 870 2527 nihilo
891 2492 1050 2526 tamen
1071 2486 1225 2526 secius
1256 2497 1339 2525 sex
1370 2490 1610 2535 septemve
1641 2482 1749 2522 hac-

108 2565 241 2599 tenus
281 2559 328 2600 in
358 2571 412 2600 eo
448 2560 770 2611 perstiterunt.
803 2559 964 2610 Itaque
1000 2570 1058 2598 ex
1098 2557 1302 2609 quodam
1336 2556 1513 2605 viculo,
1553 2554 1661 2594 licet
1698 2552 1751 2592 24

106 2631 268 2671 stadiis
296 2631 379 2671 abs
409 2631 600 2671 civitate
628 2630 788 2681 distet,
822 2629 1019 2680 singulis
1049 2627 1356 2669 hebdomadis
1385 2626 1604 2677 copiosus
1634 2624 1749 2665 satis

102 2713 356 2752 puerorum
375 2714 620 2752 numerus,
644 2714 737 2742 una
760 2713 866 2742 cum
888 2701 990 2741 aliis
1009 2700 1106 2752 jam
1127 2700 1276 2740 virilis
1307 2697 1496 2747 aetatis,
1530 2697 1622 2737 huc
1648 2708 1750 2748 pro-

160 2861 170 2880 ¹
209 2862 474 2897 Autographum
488 2863 520 2889 in
536 2861 660 2896 duplici
677 2861 756 2888 folio
771 2869 825 2889 nn.
840 2861 893 2889 606
908 2866 941 2889 et
961 2861 1023 2888 609.
1040 2861 1173 2888 Auctor
1188 2859 1319 2887 nonnisi
1336 2865 1457 2885 nornen
1480 2857 1610 2884 Petrus
1624 2857 1677 2884 his
1693 2857 1746 2884 lit-

107 2908 190 2935 teris
204 2910 420 2944 subscripsit;
440 2917 498 2937 eas
521 2914 636 2937 tamen
650 2909 750 2936 Petro
772 2909 854 2936 Diez
869 2917 929 2937 seu
943 2909 1028 2936 Diaz
1045 2908 1242 2936 adscribere
1267 2907 1441 2939 audemus,
1468 2905 1562 2939 quia„
1580 2909 1616 2931 ut
1634 2905 1750 2932 videre

108 2958 159 2981 est
173 2955 206 2982 in
220 2955 386 2991 PoLANco,
404 2957 608 2989 Clzronicon,
624 2961 647 2983 t.
664 2963 700 2990 11,
716 2964 793 2991 pag.
807 2956 859 2984 698
875 2961 908 2984 et
922 2956 985 2990 702,
999 2956 1075 2983 huic
1093 2955 1193 2982 Petro
1209 2954 1293 2981 Diaz
1309 2954 1342 2980 in
1358 2952 1624 2980 Conimbricensi
1642 2952 1751 2979 Colle-

106 3001 164 3034 gio
180 3002 314 3038 degenti
329 3004 518 3039 injunctum
533 3007 608 3031 erat
624 3007 660 3030 ut
678 3002 819 3031 Romam
835 3004 875 3031 de
890 3004 990 3031 rebus
1014 3002 1249 3036 Portugalliae
1272 3000 1441 3028 scribendi
1464 3006 1582 3026 curam
1603 3002 1751 3033 gereret.
