2080 3392
321 228 391 264 566
843 229 1072 266 LJTTERAE
1098 241 1180 273 QUA
1187 242 1456 269 DRIMESTRES

325 337 535 366 merosus
557 332 647 376 est,
671 337 765 365 non
788 327 988 378 exiguae
1017 327 1183 367 messis
1213 339 1343 380 spem
1369 328 1477 369 hinc
1504 328 1611 369 inde
1637 329 1792 381 offert,
1820 343 1962 382 quam

328 398 514 449 quidem
535 397 739 437 firmavit
760 397 958 447 factum,
983 398 1105 450 quod
1127 400 1314 440 oculata
1334 400 1423 440 fide
1442 411 1591 451 nuper
1612 402 1958 453 conspeximus,

324 479 512 518 nempe:
550 468 673 520 quod
706 480 812 508 cum
848 470 924 509 vel
956 469 1273 510 fundamentis
1300 471 1414 522 ipsis
1443 471 1729 511 instruendis
1761 473 1960 523 pecunia

325 551 419 579 non
440 545 724 591 suppeteret,
748 546 1052 591 mercatores,
1076 541 1153 592 qui
1173 547 1283 581 tunc
1305 541 1516 592 aderant,
1540 543 1674 593 quasi
1694 542 1884 594 indigne
1914 543 1961 583 id

323 611 541 661 ferentes,
563 623 657 650 non
678 610 817 652 modo
839 612 1002 651 loculis
1023 624 1116 652 non
1138 613 1395 664 parcebant
1416 613 1498 653 sed
1513 612 1610 664 jam
1631 614 1824 654 coctiles
1849 614 1961 654 late-

325 694 420 733 res,
450 681 548 733 jam
578 683 778 733 calcem,
817 689 862 722 et
889 683 980 723 alia
1010 682 1333 734 hujuscemodi
1358 690 1624 735 portantes,
1656 696 1823 736 operas
1853 696 1961 725 suas

323 752 509 793 Christo
531 753 751 793 locabant
772 753 949 794 sedulo,
968 754 1103 795 Unde
1123 755 1257 794 nobis
1279 755 1467 795 divinae
1488 755 1638 795 laudis
1659 755 1962 796 seminarium

323 836 415 864 non
438 826 581 864 semel
598 826 896 876 sumpsimus,
915 825 1025 866 dum
1043 838 1122 866 eos
1140 833 1305 866 exutos
1321 827 1474 878 palliis
1490 833 1628 878 atque
1644 826 1839 867 festinos
1856 839 1961 867 con-

327 896 683 947 templabamur,
707 908 905 948 quorum
932 897 1101 937 animis
1131 897 1330 948 benigne
1361 897 1537 937 fecerat
1568 897 1801 938 Dominus
1826 904 1875 938 ut
1902 899 1962 938 ad

324 966 641 1007 aedificandos
662 979 821 1007 muros
842 967 1141 1008 Hierusalem
1161 968 1355 1008 libenter
1382 969 1602 1009 humeros
1623 976 1958 1020 supponerent.

326 1038 443 1078 Eam
467 1044 622 1078 autem
642 1039 794 1090 legem
815 1039 901 1079 sibi
922 1039 1124 1079 invicem
1146 1045 1423 1089 statuerunt,
1447 1047 1497 1079 ut
1516 1040 1714 1091 singulis
1744 1041 1961 1081 oneribus

326 1110 557 1160 psalmus,
595 1111 877 1150 salutatiove
905 1111 1140 1161 angelica,
1170 1117 1249 1150 aut
1278 1123 1394 1162 prex
1419 1111 1676 1163 dominica,
1706 1123 1845 1163 quam
1874 1112 1962 1152 sibi

325 1181 541 1232 quisque,
580 1187 659 1221 aut
693 1181 827 1221 fratri
862 1181 1108 1233 indigenti,
1146 1182 1442 1233 precabatur,
1479 1182 1636 1222 statim
1671 1182 1957 1223 succederet.

325 1251 461 1302 Quod
482 1252 669 1303 quidem
686 1258 872 1292 nostras
894 1253 1102 1304 ipsorum
1118 1252 1296 1293 frontes
1317 1253 1450 1304 quasi
1467 1253 1697 1293 inutilium
1712 1265 1960 1294 servorum

324 1323 637 1363 confundebat
659 1324 853 1375 aliquid,
877 1330 926 1363 ut
947 1330 1160 1364 sanctam
1181 1324 1366 1364 illorum
1387 1325 1735 1364 contentionem
1757 1336 1811 1365 ac
1842 1336 1961 1376 pene

325 1394 608 1434 indefessum
629 1395 837 1435 laborem
858 1395 940 1435 vix
957 1395 1151 1446 quisque
1171 1401 1385 1435 nostrum
1406 1406 1629 1446 superare
1650 1401 1821 1447 posset.
1841 1395 1959 1436 Tan-

321 1471 394 1505 tus
434 1472 535 1505 erat
575 1466 665 1505 illis
701 1466 946 1506 charitatis
980 1472 1137 1507 aestus
1171 1472 1309 1517 atque
1348 1478 1574 1518 operosus
1606 1466 1782 1507 fervor.
1825 1466 1963 1507 Nunc

323 1548 437 1576 vero
459 1537 717 1577 trimestres
738 1537 881 1577 ferias
902 1537 1148 1577 habuimus
1169 1537 1409 1577 hactenus.
1433 1537 1695 1578 December
1722 1538 1865 1589 enim,
1892 1537 1957 1589 ja—

325 1608 518 1648 nuarius
539 1620 645 1648 cum
661 1608 897 1649 februario
920 1609 1285 1649 architecturam
1305 1609 1518 1649 exerceri
1538 1621 1631 1649 non
1653 1609 1841 1649 omnino
1858 1621 1956 1660 per-

323 1680 533 1729 mittunt,
558 1686 601 1720 et
623 1681 732 1731 quia
755 1680 997 1720 imminent
1017 1680 1196 1731 frigora
1218 1687 1261 1720 et
1287 1686 1476 1732 propter
1508 1680 1780 1731 ingruentes
1811 1681 1957 1732 quoti-

321 1751 394 1792 die
414 1751 613 1803 pluvias.
645 1751 707 1791 At
734 1763 849 1791 vero
877 1757 982 1802 post
1009 1751 1274 1803 quindecim
1302 1752 1488 1792 circiter
1518 1752 1616 1791 dies
1647 1763 1787 1803 quam
1815 1752 1954 1792 celer-

320 1823 435 1863 rime
456 1823 618 1874 possit,
643 1822 814 1863 divinis
837 1823 1072 1874 auspiciis,
1098 1823 1313 1874 incoepto
1336 1823 1466 1874 operi
1487 1823 1806 1874 accingemur,

396 1894 478 1934 Est
513 1901 668 1934 autem
704 1895 887 1934 silentio
922 1906 1015 1934 non
1052 1894 1445 1946 praetereundum
1479 1894 1773 1934 sacerdotem
1808 1894 1954 1944 illum,

319 1977 456 2017 quem
490 1965 810 2017 superioribus
846 1965 1008 2005 diebus
1041 1965 1286 2017 multiplici
1314 1965 1448 2005 titulo
1483 1965 1779 2014 decoratum,
1817 1971 1957 2016 atque

316 2043 412 2077 tum
436 2037 662 2088 temporis
684 2036 808 2088 apud
829 2048 914 2076 nos
941 2036 1166 2076 exercitia
1191 2036 1521 2085 meditantem,
1549 2035 1821 2087 paternitati
1847 2041 1955 2076 tuae

318 2108 477 2158 retuli,
497 2107 593 2159 jam
615 2108 804 2148 tandem
824 2107 1042 2148 statuisse
1064 2107 1110 2147 in
1135 2118 1331 2158 gregem
1358 2113 1572 2147 nostrum
1604 2118 1707 2146 sese
1733 2107 1861 2147 dare.
1892 2106 1955 2146 At

320 2190 434 2219 vero
457 2179 677 2230 quoniam
698 2179 921 2218 nonnulla
941 2184 1075 2218 erant
1102 2178 1280 2218 homini
1306 2178 1567 2228 obstacula,
1599 2189 1718 2230 quae
1746 2178 1954 2218 animum

321 2251 462 2290 etiam
482 2250 703 2301 cupidum
725 2249 932 2290 inhibere
952 2255 1165 2301 possent,
1190 2255 1238 2289 ut
1260 2261 1361 2289 sese
1382 2249 1472 2289 illis
1493 2249 1774 2300 explicaret,
1803 2249 1955 2300 profe-

315 2327 417 2361 ctus
444 2327 512 2361 est
541 2321 736 2361 subinde
764 2332 1061 2371 reversurus,
1092 2320 1130 2360 si
1158 2321 1301 2360 semel
1326 2319 1373 2360 id
1398 2320 1589 2360 faceret.
1623 2319 1839 2360 Christus
1869 2332 1955 2360 suo

319 2392 540 2443 obsequio
562 2398 788 2443 perpetuo
810 2390 1175 2442 mancipandum
1194 2391 1389 2431 reducat
1410 2391 1658 2430 hominem.

396 2463 548 2514 thue
570 2463 725 2502 omnia
756 2462 904 2502 obiter
932 2462 1232 2513 complectar,
1261 2461 1353 2501 hoc
1378 2473 1522 2501 unum
1549 2461 1589 2501 si
1617 2467 1724 2501 tuae
1754 2462 1956 2512 paterni-

316 2533 402 2573 tati
423 2532 622 2573 dixerim
642 2545 736 2573 non
757 2533 840 2572 abs
862 2544 912 2572 re
938 2532 1037 2572 fore
1068 2532 1346 2572 arbitrabor.
1376 2532 1492 2582 Nos,
1517 2532 1714 2582 scilicet,
1749 2531 1957 2571 Domini-

318 2615 401 2643 cae
432 2604 805 2644 circumcisionis
831 2603 1000 2643 festum
1028 2603 1312 2651 celebrasse,
1344 2615 1399 2643 ac
1426 2603 1575 2654 pridie
1602 2601 1701 2653 ejus
1729 2602 1820 2642 diei
1848 2608 1955 2642 ante

318 2675 572 2714 matutinas
599 2686 787 2726 preces,
825 2685 942 2726 quas
968 2673 1210 2714 nocturnis
1236 2673 1409 2724 vigiliis
1435 2672 1701 2723 habuimus,
1732 2673 1779 2712 in
1807 2673 1955 2712 sacel-

319 2752 413 2785 lum
441 2757 601 2785 omnes
629 2745 921 2785 convenisse.
951 2744 1060 2794 Ubi,
1094 2743 1365 2784 ardentibus
1400 2743 1548 2783 cereis
1577 2743 1802 2793 lucernis,
1837 2755 1955 2795 quas

320 2817 492 2867 singuli
513 2822 811 2867 acceperunt,
835 2822 948 2856 vota
968 2827 1223 2867 precesque
1243 2815 1568 2866 persolvimus.
1591 2814 1804 2855 Aderant
1825 2820 1870 2854 et
1890 2815 1955 2854 ibi

319 2888 568 2938 populares
591 2888 787 2938 aliquot,
813 2886 901 2927 viri
923 2886 1112 2937 quidam
1132 2886 1216 2937 pii,
1247 2897 1444 2937 quorum
1472 2885 1615 2926 corda
1645 2897 1737 2925 non
1768 2886 1954 2936 vulgari

321 2957 488 2998 affectu
505 2990 515 3009 ,
538 2964 764 3009 quantum
786 2958 881 2997 oris
906 2958 1155 3008 vultusque
1183 2957 1409 2996 modestia
1440 2956 1697 3007 indicabat,
1728 2956 1953 2996 demulce-

322 3028 402 3068 bat
438 3028 683 3069 Dominus.
719 3028 888 3068 Postea
922 3040 1037 3069 vero
1063 3027 1315 3080 Josephus,
1342 3027 1486 3067 frater
1514 3027 1592 3079 qui
1619 3027 1738 3066 inter
1774 3037 1952 3076 omnes,
