2080 3392
807 212 891 249 AN.
922 212 1013 249 1553
1665 214 1728 250 101

92 321 290 361 quorum
310 310 464 348 altero
481 309 673 349 orbatus
694 316 788 360 est,
814 316 857 349 et
880 322 938 349 ex
959 315 1155 360 paterna
1177 309 1467 349 haereditate
1490 318 1533 349 et
1552 310 1731 350 liberali

91 380 295 431 quadam
335 379 604 428 donatione,
650 387 755 431 post
795 381 961 420 matris
1004 387 1204 420 mortem
1244 380 1413 431 libera,
1460 382 1731 422 necessaria

90 451 216 491 vitae
247 451 481 502 impendia
511 451 693 491 abunde
721 452 760 491 ei
794 457 1056 502 suppetent.
1086 451 1242 501 Hunc,
1277 452 1598 491 controversia
1622 464 1729 504 qua-

91 522 197 562 dam
219 522 502 573 composita,
534 534 651 574 quae
681 534 787 562 eum
813 528 1097 572 remoratur,
1129 522 1253 573 apud
1281 534 1369 562 nos
1399 523 1729 574 commigratu-

90 604 192 633 rum
215 593 470 643 credimus3
494 605 580 634 nos
602 594 789 634 interim
808 593 1182 645 frequentissime
1204 594 1383 644 invisit,
1417 600 1460 634 et
1487 594 1532 634 in
1563 606 1729 635 sacrae

90 664 401 704 confessionis
437 671 576 716 atque
605 665 947 705 communionis
974 664 1304 704 observatione
1334 672 1622 717 perseverat.
1645 666 1730 707 Fa-

90 736 158 776 xit
181 735 395 775 Christus
418 742 480 786 ut,
506 736 667 776 mundi
686 735 865 787 laqueis
895 735 1119 787 abruptis,
1142 735 1340 776 feliciter
1362 748 1417 776 ac
1438 743 1620 777 mature
1642 739 1729 777 ela-

91 807 243 846 batur.

169 878 328 918 Tertio
352 878 513 918 ordine
535 878 668 918 nobis
690 878 1046 918 constituendus
1075 878 1298 918 sacerdos
1326 878 1500 930 probus
1530 892 1583 920 ac
1611 880 1728 932 pius,

89 949 301 1000 primarii
337 949 537 989 Baronis
572 949 844 989 Britanniae
880 950 1179 1001 domestiCUS,
1212 951 1289 1002 qui
1318 953 1467 992 sacris
1497 952 1732 992 exercitiis

89 1019 349 1068 institutus,
374 1032 467 1060 non
490 1020 666 1071 absque
687 1021 894 1060 maximo
915 1022 1035 1061 lucri
1056 1022 1280 1072 spiritalis
1297 1022 1504 1073 foenore,
1526 1024 1732 1063 animum

89 1092 336 1142 appulerat
365 1091 424 1131 ad
453 1091 798 1132 Carthusianae
818 1091 1076 1143 Religionis
1103 1093 1470 1144 professionem:
1501 1095 1628 1145 atqui
1650 1094 1732 1134 Pa-

88 1167 179 1210 ter,
205 1161 502 1202 considerata
525 1162 625 1202 eius
647 1162 848 1203 adversa
872 1164 1159 1214 valetudine,
1194 1176 1313 1215 quae
1345 1166 1486 1215 longa
1516 1177 1648 1205 mora
1670 1165 1733 1204 vi-

88 1244 164 1273 res
182 1233 312 1273 auxit
329 1245 447 1284 pene
464 1233 819 1285 insuperabiles,
837 1247 891 1275 ac
910 1235 1144 1275 stomachi
1161 1247 1219 1275 ex
1235 1236 1409 1276 laboris
1422 1236 1641 1276 diurniac
1655 1248 1732 1276 no-

92 1304 245 1344 cturni
263 1304 540 1345 assiduitate
553 1312 797 1346 contracta
820 1306 1130 1357 aegritudine,
1149 1307 1220 1346 sui
1233 1307 1414 1347 arbitrii
1429 1308 1641 1357 consilio,
1657 1308 1733 1358 pio

90 1376 297 1427 alioquin
315 1383 359 1416 et
376 1377 572 1416 salutari
588 1377 734 1428 ipsius
752 1377 938 1417 affectui
956 1378 1143 1418 minime
1159 1377 1411 1430 suffragari
1429 1379 1593 1430 potuit,
1615 1391 1641 1418 a
1659 1391 1733 1419 cu-

90 1447 162 1487 ius
183 1448 412 1487 sententia
435 1447 682 1488 deflectere
704 1448 744 1488 ei
765 1449 930 1500 religio
951 1449 1056 1500 fuit3
1081 1455 1126 1489 et
1147 1450 1310 1490 relicta
1338 1451 1490 1490 aulica
1511 1451 1624 1501 Vita,
1649 1462 1733 1490 suo

89 1518 222 1569 fungi
243 1519 527 1559 canonicatu
549 1520 765 1571 instituit,
791 1521 961 1571 spretis
983 1521 1263 1572 honoribus,
1287 1522 1366 1573 qui
1387 1521 1428 1561 ei
1449 1534 1475 1562 a
1504 1522 1735 1562 nobilibus

90 1591 215 1630 ultro
239 1589 513 1631 offeruntur.
539 1591 624 1632 Vir
656 1598 726 1631 est
754 1592 928 1643 insigni
960 1592 1221 1633 humilitate
1249 1605 1305 1633 ac
1331 1593 1522 1644 spiritus
1549 1593 1736 1634 fervore

90 1662 387 1713 conspicuus,
411 1674 437 1702 a
458 1663 691 1703 nobilibus
713 1669 897 1704 amatus
926 1670 969 1704 et
991 1665 1270 1713 honoratus;
1293 1665 1667 1716 frequentissime
1690 1665 1737 1705 in

90 1738 252 1773 nostro
287 1734 460 1773 sacello
495 1734 654 1774 divina
684 1736 911 1786 mysteria
938 1736 1165 1785 celebrat;
1203 1736 1447 1787 negotium
1478 1736 1733 1787 Privilegii,

90 1802 315 1844 Societati
332 1816 358 1844 a
375 1804 550 1845 Senatu
568 1805 823 1846 parisiensi
840 1807 1143 1856 concedendi,
1165 1807 1421 1847 christiano
1440 1806 1609 1847 affectu
1630 1819 1734 1859 pro-

92 1886 283 1915 movere
305 1876 499 1916 sollicite
522 1876 779 1929 laboravit;
804 1877 864 1918 ad
885 1890 1021 1918 omne
1049 1878 1325 1930 obsequium
1353 1877 1599 1919 Societatis
1621 1890 1734 1919 sem-

92 1958 176 1998 per
205 1948 599 1999 promptissimus.
629 1948 768 1989 Haud
797 1949 988 1990 dubium
1019 1951 1131 2002 quin
1159 1951 1265 2002 piae
1300 1951 1424 1990 vitae
1453 1951 1666 2002 exemplo
1694 1957 1738 1991 et

91 2018 355 2058 sacerdotis
378 2019 521 2070 digna
552 2019 844 2070 professione
866 2023 1038 2062 multos
1070 2022 1129 2062 ad
1158 2023 1231 2062 sui
1260 2022 1568 2063 imitationem
1597 2029 1737 2063 attra-

93 2095 254 2130 cturus
277 2091 349 2131 sit.

174 2161 381 2212 Quartus
404 2163 740 2215 subsequatur,
765 2165 987 2205 sacerdos
1008 2166 1234 2218 hispanus
1256 2167 1459 2217 natione,
1480 2167 1554 2206 vir
1574 2167 1738 2218 gravis

96 2243 153 2272 ac
175 2238 412 2284 maturus,
436 2235 528 2286 qui,
554 2235 765 2285 generali
784 2243 980 2287 peracta
1003 2237 1315 2288 confessione,
1346 2250 1523 2278 novum
1548 2237 1739 2278 Domini

96 2303 252 2344 hausit
265 2304 493 2356 spiritum,
513 2311 646 2346 tanta
656 2308 962 2348 veneratione
979 2315 1142 2348 nostra
1160 2309 1383 2349 exercitia
1399 2310 1656 2360 amplexus,
1671 2314 1734 2359 ut,

93 2374 214 2414 inter
237 2376 416 2427 reliqua
438 2378 771 2419 exercitiorum
792 2390 1038 2419 sacrorum
1060 2381 1235 2431 elogia,
1271 2392 1431 2420 coram
1461 2393 1533 2420 me
1562 2380 1733 2431 profes

94 2457 176 2485 sus
196 2458 252 2486 ac
273 2447 509 2498 pollicitus
532 2450 592 2489 sit
614 2456 778 2501 sponte
801 2462 886 2491 sua
907 2463 956 2491 se
978 2458 1075 2491 toto
1097 2452 1224 2492 vitae
1245 2452 1446 2492 decursu
1465 2452 1627 2491 diebus
1648 2452 1737 2491 sin-

95 2517 220 2567 gulis
267 2519 555 2560 semihoram
598 2521 726 2561 vitae
766 2523 1154 2573 occupationibus
1194 2523 1553 2573 suffuratur-um,
1596 2534 1737 2573 quam

95 2588 297 2639 spiritali
338 2590 477 2630 alicui
516 2593 742 2633 exercitio
778 2594 1036 2646 impendat,
1081 2595 1198 2635 adeo
1237 2594 1455 2634 familiari
1494 2594 1736 2634 societatis

92 2661 422 2700 consuetudini
444 2661 677 2715 addictUS,
698 2670 746 2704 ut
763 2665 841 2716 qui
860 2665 994 2705 nobis
1012 2666 1436 2706 coniunctissimus.
1456 2665 1559 2715 Hic,
1581 2676 1732 2705 sacer-

94 2729 210 2771 dotii
242 2731 533 2782 professione
564 2741 832 2787 contentUS,
870 2737 917 2776 in
947 2738 1093 2788 priori
1123 2737 1333 2777 instituto
1365 2743 1658 2788 perseverat,
1689 2743 1734 2776 et

94 2801 202 2852 iam,
228 2803 395 2843 relicta
416 2804 623 2855 Lutetia,
647 2805 912 2847 Lovanium
933 2808 1277 2859 commigravit.

176 2871 455 2923 Quinarium
476 2887 722 2917 numerum
750 2879 983 2930 compleat
1004 2879 1078 2919 vir
1106 2885 1258 2918 aetate
1284 2884 1557 2930 provectus,
1591 2879 1733 2930 pieta-

94 2941 154 2981 tis
177 2944 397 2995 opinione
419 2947 542 2998 apud
576 2947 747 2988 multos
776 2950 993 3001 celebris,
1023 2950 1079 2990 de
1105 2950 1239 2990 nobis
1265 2950 1381 2990 bene
1412 2950 1625 2999 meritus,
1657 2949 1734 3001 qui

93 3016 305 3063 generali
326 3017 619 3058 confessione
640 3020 921 3071 praemissa,
944 3021 1008 3073 pii
1030 3021 1229 3061 affectus
1250 3022 1589 3061 incrementum
1605 3032 1732 3060 acce-
