2080 3392
2007 0 2080 42 ‘'S-'W

2018 31 2019 34 =
2034 43 2035 46 ,
2048 26 2071 53 .Ὶ,·

291 213 363 252 218
803 213 1028 250 LITTERAE
1056 223 1413 255 QUADRIMESTRES

291 318 387 351 tam
409 311 597 362 impigri
619 312 678 350 ad
699 310 1031 350 instituendam
1052 311 1174 350 hanc
1192 309 1500 361 juventutem,
1525 317 1621 351 tam
1642 312 1845 363 prompti
1866 312 1925 352 ad

292 383 390 422 eius
411 393 565 422 mores
587 382 859 422 formandos
881 388 925 422 et
946 387 1042 422 tam
1063 382 1331 422 obedientes
1351 382 1547 434 denique
1569 389 1676 423 tuae
1695 382 1743 423 Ρ.
1764 384 1927 424 volun·

293 453 398 502 tati,
437 464 577 504 quam
612 464 661 492 se
696 463 869 503 magna
905 453 1090 493 occasio
1130 452 1188 492 ad
1223 453 1389 493 uberes
1423 453 1603 493 fructus
1638 454 1925 505 colligendos

293 523 507 564 ostendit.

370 595 431 634 Ut
453 594 608 634 omnia
635 594 779 644 igitur
806 593 968 634 ordine
997 594 1222 643 scribam,
1253 594 1306 634 R.
1337 594 1387 634 P.
1420 595 1693 634 Emmanuel
1718 594 1923 635 Alvarez

292 676 475 704 mecum
497 664 766 705 Conimbria
788 664 1025 716 profectus
1046 671 1115 705 est
1137 671 1306 705 octavo
1329 666 1417 705 cal.
1440 665 1704 716 Februarii,
1729 665 1805 717 qui
1826 666 1925 706 dies

291 734 349 775 D.
377 735 510 775 Pauli
530 736 828 776 conversioni
849 741 918 776 est
939 748 1088 776 sacer.
1111 736 1162 776 In
1183 736 1362 786 itinere,
1387 748 1492 776 cum
1512 748 1649 776 mane
1671 743 1922 788 antequam

290 807 376 846 iter
403 806 771 858 ingrederemur,
803 814 902 847 tum
928 807 1114 858 vesperi
1143 813 1394 858 antequam
1421 808 1593 847 iremus
1621 807 1680 847 ad
1707 807 1922 848 Xenodo-

291 878 470 928 chium,
495 878 542 918 in
564 878 738 930 aliquot
767 878 948 930 oppidis
976 890 1080 918 cum
1112 878 1381 930 oppidanis,
1412 878 1488 929 qui
1518 878 1655 918 huius
1682 879 1749 918 rei
1780 890 1924 918 causa

292 948 632 989 conveniebant
654 949 700 988 in
721 949 964 1000 templum,
988 949 1131 989 locuti
1152 960 1325 989 sumus.
1356 948 1435 989 Bis
1465 949 1604 989 etiarn
1631 949 1794 989 vocari
1824 961 1922 1001 per-

292 1020 462 1059 multos
482 1031 653 1071 pueros
673 1019 890 1069 fecimus,
915 1020 992 1071 qui
1022 1025 1066 1059 et
1094 1019 1281 1060 divinae
1310 1020 1429 1070 legis
1457 1026 1708 1072 praecepta
1737 1021 1927 1072 vulgari

293 1091 499 1130 carmine
520 1091 695 1141 scripta
718 1096 985 1141 cantantes,
1009 1096 1053 1130 et
1075 1102 1150 1140 ea,
1175 1102 1294 1142 quae
1322 1102 1349 1130 a
1379 1091 1512 1131 nobis
1542 1091 1769 1132 adversus
1796 1091 1926 1143 fiagi-

292 1161 461 1201 tiosam
481 1161 665 1201 iurandi
688 1160 1072 1201 consuetudinem
1094 1161 1384 1209 dicebantur,
1405 1167 1578 1201 attente
1596 1161 1855 1213 audientes,
1880 1168 1926 1203 et

291 1232 479 1272 veniam
501 1244 527 1272 a
549 1243 598 1271 se
619 1237 778 1271 mutuo
800 1237 1010 1283 petentes
1030 1232 1276 1283 puerilium
1293 1232 1595 1278 iniuriarum,
1626 1233 1803 1273 itineris
1830 1245 1922 1273 mo-

290 1303 473 1343 lestiam
500 1303 783 1343 minuebant.
821 1303 872 1342 In
903 1303 1105 1354 quodam
1136 1302 1306 1354 oppido
1337 1303 1649 1353 gravissimae
1681 1310 1814 1344 erant
1844 1304 1925 1344 ini-

291 1375 493 1414 micitiae
518 1375 635 1414 inter
656 1374 771 1414 duas
792 1375 1015 1414 honestas
1035 1374 1284 1423 foeminaS,
1312 1386 1511 1426 quarum
1541 1375 1687 1414 altera
1709 1375 1920 1426 quintum

291 1446 384 1485 iam
404 1457 610 1485 mensem
633 1453 731 1485 erat
753 1446 799 1485 in
822 1458 1012 1486 carcere
1033 1457 1140 1486 cum
1168 1446 1359 1495 ancilla,
1390 1446 1512 1497 quod
1543 1447 1739 1486 alteram
1768 1446 1925 1486 foemi-

292 1529 401 1557 nam
422 1518 766 1557 verberassent.
791 1516 1060 1557 Accedebat
1082 1517 1140 1556 ad
1162 1517 1260 1556 eius
1282 1517 1496 1557 miserias
1525 1518 1688 1568 gravis
1718 1518 1923 1568 morbus,

291 1600 427 1640 quem
449 1588 832 1639 importuniorem
854 1588 942 1628 loci
959 1587 1193 1628 faciebant
1210 1588 1470 1639 angustiae.
1490 1587 1580 1628 Sed
1601 1588 1727 1628 Deus
1753 1588 1803 1628 O.
1823 1588 1925 1628 Ma-

292 1659 478 1710 ximms,
501 1659 632 1699 cuius
653 1659 699 1698 in
721 1671 861 1699 manu
883 1665 1045 1699 nostra
1067 1665 1172 1699 sunt
1195 1658 1373 1709 omnia,
1399 1659 1465 1699 sic
1498 1659 1601 1699 odia
1625 1659 1740 1699 haec
1763 1659 1925 1699 restin-

293 1730 378 1780 xit,
409 1736 458 1770 ut
489 1742 582 1770 non
611 1730 748 1770 modo
777 1742 897 1781 quae
930 1729 1081 1770 fuerat
1117 1731 1243 1770 laesa
1277 1742 1303 1770 a
1337 1730 1660 1781 persequenda
1695 1730 1926 1770 destiterit

292 1802 480 1847 iniuria,
507 1802 587 1841 sed
610 1802 668 1842 ad
690 1813 928 1841 carcerem
950 1802 1090 1841 etiam
1113 1813 1219 1841 cum
1245 1812 1417 1852 magna
1446 1801 1587 1840 totius
1619 1801 1796 1852 oppidi,
1828 1807 1925 1841 tum

291 1873 614 1921 admiratione,
641 1878 738 1912 tum
759 1872 935 1912 laetitia
956 1872 1151 1919 venerit,
1175 1877 1224 1911 ut
1241 1878 1484 1922 aegrotam
1505 1871 1744 1912 inviseret.

371 1944 621 1995 Postquam
640 1943 969 1994 Ulyssiponem
990 1943 1218 1993 venimus,
1241 1942 1471 1982 adventus
1492 1942 1643 1982 nostri
1665 1954 1859 1982 causam
1880 1948 1924 1982 et

290 2021 396 2054 tuae
428 2014 475 2054 P.
507 2015 799 2054 voluntatem
827 2014 1171 2054 declaravimus
1197 2014 1312 2053 viris
1347 2013 1521 2064 aliquot
1552 2019 1596 2052 et
1626 2013 1850 2064 religione
1880 2019 1925 2053 et

290 2086 500 2126 doctrina
524 2086 706 2126 eximiis
727 2091 776 2125 ut
798 2085 996 2125 instituti
1023 2085 1260 2136 gymnasii
1289 2085 1520 2124 rationem
1549 2085 1596 2124 in
1624 2084 1924 2124 concionibus

290 2157 460 2208 populo
496 2157 804 2196 declararent.
836 2156 958 2196 Inter
990 2167 1105 2207 quos
1136 2163 1236 2195 erat
1268 2155 1320 2195 R.
1354 2155 1403 2195 Ρ.
1437 2155 1675 2207 Montoya‚
1712 2161 1925 2195 nostrum

292 2228 496 2268 omnium
515 2228 863 2268 amantissimus
875 2234 918 2267 et
934 2227 1352 2267 Dominicanorum
1368 2226 1650 2277 Moderator,
1666 2239 1803 2278 quem
1814 2226 1923 2267 Pro·

290 2299 540 2340 vincialem
556 2291 744 2348 vocant,
763 2298 851 2349 vir,
872 2304 921 2338 ut
943 2298 1059 2338 alias
1077 2298 1175 2337 eius
1197 2297 1460 2349 singulares
1477 2298 1674 2338 virtutes
1696 2297 1919 2345 omittam,

291 2370 534 2422 flagrantis
556 2370 696 2409 studii
717 2370 776 2409 ad
796 2369 1036 2409 hominum
1056 2369 1170 2408 vitia
1193 2369 1486 2420 extirpanda,
1510 2369 1657 2408 nostri
1680 2374 1805 2408 certe
1821 2380 1920 2420 per-

292 2442 540 2481 studiosus.
564 2441 623 2481 Hi
646 2452 751 2481 cum
780 2440 977 2480 caeteris
1005 2446 1100 2479 tam
1129 2440 1421 2480 fructuosum
1450 2440 1658 2479 laborem
1689 2440 1812 2479 hunc
1843 2451 1921 2479 no-

291 2519 415 2552 strae
438 2511 684 2551 Societatis
706 2511 973 2551 christianis
996 2511 1229 2561 omnibus,
1254 2522 1347 2550 non
1368 2511 1505 2550 modo
1533 2510 1786 2561 iuventuti,
1819 2521 1920 2550 esse

292 2584 640 2633 intellexerunt,
666 2588 714 2622 ut
736 2594 839 2622 eam
860 2582 935 2622 vel
957 2582 1105 2621 solam
1126 2582 1356 2621 rationem
1383 2593 1485 2621 esse
1514 2581 1722 2621 dicerent
1750 2581 1920 2621 instau-

292 2654 424 2693 randi
445 2654 688 2705 antiquum
708 2654 836 2693 illum
858 2652 1103 2693 christiani
1123 2653 1281 2704 populi
1303 2652 1553 2703 fervorem,
1578 2652 1655 2703 qui
1676 2657 1921 2702 tantopere

291 2725 380 2764 iam
404 2724 572 2775 ubique
593 2722 775 2763 refrixit
796 2729 933 2775 atque
955 2723 1070 2763 adeo
1092 2723 1139 2762 in
1160 2724 1315 2763 multis
1336 2723 1605 2774 regionibus
1626 2722 1810 2773 penitus
1844 2734 1920 2761 ex-

290 2795 460 2834 tinctus
481 2801 571 2843 est3
596 2807 736 2845 quam
758 2806 919 2834 eorum
940 2794 1218 2833 sententiam
1250 2805 1356 2833 cum
1385 2794 1501 2833 haec
1532 2793 1643 2833 urbs
1671 2793 1921 2833 intellexis-

289 2872 379 2915 set,
404 2877 659 2905 concursus
681 2866 804 2904 illico
827 2876 1026 2915 magnus
1052 2864 1204 2904 factus
1233 2870 1322 2913 est,
1356 2864 1623 2915 receptique
1655 2869 1761 2903 sunt
1791 2863 1922 2902 multi

291 2936 494 2987 optimae
516 2936 684 2976 indolis
706 2935 1026 2975 adolescentes
1047 2935 1119 2974 his
1136 2935 1498 2975 conditionibus:
1518 2942 1567 2974 ut
1584 2934 1780 2993 singulis
1795 2945 1917 2973 men-

292 3007 418 3047 sibus
439 3006 497 3046 ad
526 3006 798 3058 purgandos
826 3006 1007 3045 animos
1038 3006 1082 3045 in
1111 3012 1274 3045 sancta
1302 3005 1595 3045 confessione
1624 3005 1915 3054 accederent,
