2080 3392
294 181 365 218 330
803 180 1030 218 LITTERAE
1058 191 1414 224 QUADRIMESTRES

283 275 528 315 miratione
549 281 592 315 et
614 275 951 315 aedificatione.
976 274 1230 316 Plurimum
1250 276 1324 315 hic
1345 282 1470 316 certe
1491 276 1590 315 eius
1610 276 1763 326 gratia
1788 276 1796 294 ¹
1819 276 1908 316 fru-

283 353 384 385 ctus
404 345 515 385 facit
544 345 572 385 ².
603 346 720 386 Eam
747 351 995 386 conservet
1016 347 1058 386 ei
1085 345 1098 364 ³
1124 347 1439 398 pientissimus
1460 346 1703 386 Dominus.
1733 347 1783 387 In
1805 359 1907 387 con-

283 416 559 456 fessionibus
582 416 685 467 (Dei
713 417 881 467 gratia)
904 422 1000 456 tota
1031 417 1390 469 quadragesima
1411 417 1521 465 hac,
1546 423 1589 457 et
1619 417 1737 457 festo
1757 417 1772 436 ⁴
1798 417 1909 458 Pen-

281 492 501 536 tecostes,
532 498 587 526 ac
615 487 830 538 iubilaeo,
860 487 1043 538 publice
1076 486 1089 505 ⁵
1123 488 1198 527 hic
1234 499 1473 538 concesso,
1509 487 1678 527 fuimus
1714 500 1909 539 occupa-

279 557 457 597 tissimi.
482 557 674 597 Plurimi
696 558 836 598 etiam
858 557 1020 598 eodem
1041 558 1133 605 die,
1158 558 1261 598 aliis
1283 558 1504 608 confessi,
1529 558 1588 598 ad
1608 570 1713 609 nos,
1744 559 1909 609 repeti-

280 628 369 667 turi
392 628 745 678 confessionem,
783 635 1013 668 venerunt
1033 661 1041 678 ,
1079 635 1322 679 sperantes
1366 629 1594 668 maiorem
1633 629 1910 669 consolatio-

279 710 397 738 nem.
440 697 769 739 Confessiones
807 700 1052 750 generales
1087 712 1113 739 a
1148 699 1512 751 quadragesima
1545 700 1747 739 maxime
1780 700 1912 749 (nam

276 777 385 809 tunc
403 781 496 809 non
513 770 842 820 potuissemus)
862 771 1125 811 audivimus
1142 771 1411 821 permultas.
1433 770 1604 810 Multos
1621 771 1762 810 etiarn
1783 770 1908 810 audi-

278 839 430 880 vimus
459 852 486 879 a
523 841 678 880 multis
710 841 866 889 annis,
897 841 1044 881 tribus
1073 841 1272 891 scilicet,
1303 848 1526 892 quatuor,
1550 852 1654 891 seX,
1679 841 1840 881 decem
1871 847 1915 881 et

277 910 523 950 duodecim
544 922 635 950 non
653 911 908 951 confessos.

354 980 475 1021 R.01¹1S
500 981 548 1021 P.
583 981 805 1023 Albertus
833 983 1092 1033 primorum
1119 982 1325 1022 civitatis
1360 983 1537 1022 audivit
1573 981 1909 1033 confessiones,

277 1058 325 1091 ut
346 1051 673 1103 Magistratus,
698 1053 815 1093 Vice
836 1053 997 1103 Ducis,
1022 1053 1258 1093 Praetoris
1280 1058 1324 1093 et
1346 1053 1543 1093 aliorum
1558 1053 1794 1093 nobilium.
1815 1054 1906 1093 Hu-

278 1122 349 1162 ius
369 1123 518 1162 nostri
538 1122 691 1163 Patris
722 1129 853 1163 tanta
883 1123 1090 1163 charitas
1124 1129 1214 1174 est,
1237 1130 1287 1163 ut
1315 1123 1436 1175 quod
1467 1123 1527 1163 ad
1553 1124 1755 1175 proximi
1782 1124 1910 1164 iuva-

276 1205 381 1233 men
414 1193 621 1234 futurum
654 1200 822 1245 speret,
860 1195 974 1234 nihil
1004 1194 1302 1242 intermittat3
1340 1195 1387 1234 in
1422 1194 1792 1235 confessionibus
1828 1206 1902 1234 au-

277 1264 477 1314 diendis,
501 1265 795 1305 xenodochio
817 1272 861 1305 et
889 1277 1079 1305 carcere
1111 1265 1382 1316 visitandis,
1417 1265 1722 1306 consolandis
1756 1266 1911 1316 aegris

279 1340 322 1374 et
359 1335 554 1386 pacibus
589 1335 786 1387 denique
827 1336 1162 1387 componendis
1202 1343 1272 1376 est
1314 1336 1546 1376 assiduus.
1596 1336 1716 1387 Quid
1757 1337 1911 1388 plura?

274 1405 572 1455 gratissimus
595 1417 787 1457 operum
809 1407 908 1446 eius
928 1407 1109 1447 renidet
1131 1406 1259 1446 odor.
1283 1406 1435 1447 Semel
1455 1407 1633 1447 accitus
1663 1407 1722 1447 ad
1749 1407 1907 1447 iuvan-

276 1476 366 1516 dos
388 1475 504 1516 duos
525 1477 753 1528 supplicio
776 1477 939 1517 mortis
960 1477 1174 1517 addictos
1196 1478 1260 1517 ita
1282 1490 1331 1518 se
1359 1478 1528 1529 gessit,
1565 1483 1613 1518 ut
1641 1490 1667 1518 a
1694 1477 1908 1529 despera-

281 1547 406 1586 tione
426 1547 563 1587 facile
585 1554 845 1598 revocaret,
870 1560 985 1599 quos
1006 1559 1179 1599 magno
1201 1548 1353 1589 studio
1376 1560 1512 1588 nemo
1532 1548 1661 1600 prius
1678 1560 1904 1589 revocare

278 1623 508 1668 potuerat.

351 1687 637 1729 Monasteria
676 1689 926 1741 Virginum
963 1696 1162 1742 quatuor
1201 1690 1360 1730 sedulo
1399 1690 1666 1741 visitantur,
1706 1697 1804 1730 turn
1845 1691 1903 1730 ab

271 1759 434 1799 eodem
455 1759 527 1810 P.,
550 1766 648 1800 tum
670 1773 697 1800 a
717 1768 878 1801 nostro
901 1761 1046 1802 fratre
1066 1761 1300 1813 Baptista3
1326 1761 1372 1801 in
1394 1761 1581 1812 quibuS,
1604 1768 1792 1812 praeter
1812 1761 1900 1812 pri-

272 1836 411 1870 vatas
433 1831 803 1883 exhortationeS,
828 1833 1014 1884 saepius
1034 1832 1334 1884 praedicatur
1365 1844 1470 1872 cum
1496 1832 1665 1883 grandi
1693 1833 1899 1872 consola-

271 1901 397 1940 tione
417 1902 801 1954 promotioneque
822 1903 1165 1954 religiosarum.

349 1970 521 2012 Nostra
543 1971 753 2013 Societas
775 1974 849 2013 hic
873 1974 930 2014 ab
952 1974 1166 2014 omnibus
1188 1973 1315 2013 audit
1336 1985 1476 2024 quarn
1498 1973 1683 2023 optime.
1718 1972 1766 2013 Si
1793 1974 1903 2024 quid

269 2048 337 2082 est
359 2043 566 2094 obscuri,
591 2044 629 2083 si
647 2043 757 2095 quid
778 2045 932 2095 ardui,
957 2045 1080 2096 quod
1104 2045 1163 2085 ad
1186 2045 1391 2085 animam
1413 2049 1667 2084 concernat
1687 2043 1716 2095 ⁰,
1753 2044 1901 2084 confe-

268 2113 375 2152 stim
395 2113 517 2153 idem
540 2113 589 2154 P.
615 2115 887 2166 consulitur,
911 2115 1004 2155 imo
1032 2115 1173 2155 etiam
1201 2115 1258 2155 ab
1290 2115 1391 2166 ipso
1420 2114 1716 2166 Magistratu,
1755 2127 1782 2155 a
1813 2126 1902 2167 quo

270 2184 333 2232 (ut
371 2184 523 2224 maius
567 2185 740 2225 amoris
776 2186 874 2225 eius
909 2186 956 2225 in
996 2185 1278 2226 Societatem
1318 2191 1645 2236 argumentum
1679 2186 1900 2237 daretur),

268 2254 436 2294 suimus
457 2256 599 2295 semel
621 2256 679 2296 ad
699 2256 1023 2307 prandendum
1044 2268 1203 2296 secum
1225 2256 1236 2274 ⁷
1259 2256 1442 2296 invitati
1464 2256 1595 2296 cuius
1625 2256 1747 2297 votis
1779 2256 1902 2306 (nam

268 2336 468 2375 aequum
489 2325 707 2366 duximus
728 2338 821 2366 non
842 2327 1083 2377 renuere),
1108 2327 1199 2367 duo
1221 2327 1560 2367 satisfecerunt.
1585 2326 1673 2367 Die
1692 2327 1743 2367 27
1772 2328 1900 2380 Junii

268 2394 425 2435 Rmus.
450 2395 716 2437 Cardinalis
738 2396 939 2437 Sanctae
960 2397 1006 2444 »Β
1026 2398 1071 2437 in
1093 2397 1330 2438 abbatiam
1351 2409 1483 2437 suam
1504 2398 1646 2448 venit,
1672 2398 1729 2437 ab
1745 2398 1900 2448 Engu-

267 2465 342 2504 bio
367 2466 514 2506 tribus
536 2467 810 2508 milliaribus
841 2468 1104 2508 distantem.
1139 2468 1256 2508 Eum
1283 2468 1579 2508 visitavimus
1604 2466 1618 2485 ⁸
1640 2474 1683 2508 et
1715 2468 1900 2520 quidem

321 2649 329 2667 ¹
371 2652 490 2682 opera.
508 2649 686 2679 Polancus.

320 2696 333 2714 *ὲ
369 2697 583 2730 percipitur.
601 2697 778 2726 Polancus.

320 2743 332 2759 '-
372 2744 442 2770 Sua
459 2744 550 2771 dona
567 2746 654 2772 ineo
671 2748 862 2773 conservet.
883 2746 1059 2774 Polancus.

324 2792 333 2810 ἰ
366 2791 464 2825 festo
479 2792 609 2820 addidit
626 2793 803 2821 Polancus.

321 2838 333 2856 5
369 2839 510 2871 publice
526 2841 605 2867 item
620 2841 775 2868 additum
789 2849 808 2868 a
824 2841 980 2868 Polanco.

320 2884 333 2903 ‘³
369 2887 754 2919 pertineat.P01ancu<.

320 2933 330 2948 ‘¹
368 2940 487 2960 secum
505 2935 630 2962 delevit
646 2937 823 2964 Polancus.

319 2982 332 2999 Ν
372 2982 576 3009 invisimus.
594 2983 768 3011 Polancus.
