2080 3392
342 241 413 275 708
852 238 1079 275 L1TTERAE
1107 249 1463 281 QUADRIMESTRES

422 335 779 375 Confessionum
811 340 855 374 et
882 345 1082 384 magnus
1108 340 1177 374 est
1208 346 1429 375 numerus
1463 340 1508 374 et
1544 341 1742 385 augetur
1780 337 1826 375 in
1861 337 1973 376 dies.

338 405 434 446 Nec
461 405 597 457 pauci
628 411 734 444 sunt
763 405 840 456 qui
868 405 974 444 inde
1001 405 1283 455 colliguntur
1316 405 1518 456 fructus,
1556 417 1754 457 quorum
1790 407 1974 458 aliquos

338 476 582 525 referrem,
605 476 693 515 nisi
720 476 834 515 satis
861 476 1076 525 cognitos
1105 487 1163 515 ex
1193 476 1510 527 superioribus
1540 476 1685 516 literis
1716 487 1969 527 cognosce—

338 559 456 596 rem,
481 553 525 586 et
546 558 736 586 vererer
764 558 821 586 ne
843 546 1064 586 molestus
1081 558 1245 586 essem.
1265 547 1383 586 Nam
1401 552 1444 586 et
1461 547 1745 587 domesticae
1764 547 1969 587 simulta-

334 625 405 657 tes
426 619 545 657 inter
565 618 695 657 viros
716 629 979 669 uxoresque
1001 629 1280 668 suppressae
1307 625 1432 668 sunt,
1466 624 1510 657 et
1532 618 1638 658 odia
1664 618 1968 658 acerbissima

335 689 578 737 restincta,
603 694 647 728 et
668 688 896 739 dirempta
918 687 1166 738 adulteria,
1200 694 1244 728 et
1272 689 1391 728 inter
1419 689 1521 728 illos
1543 693 1788 728 contracta
1810 690 1970 729 matri-

336 760 512 809 monia,
537 759 614 810 qui
635 764 742 799 ante
763 758 1004 809 illegitimo
1027 758 1164 798 thoro
1182 757 1520 809 jungebantur,
1544 765 1588 798 et
1609 760 1840 809 nonnulli,
1874 765 1971 799 tum

338 831 446 880 viri,
471 836 568 870 tum
596 830 828 879 mulieres,
856 829 914 869 ad
944 829 1220 880 religionem
1253 829 1458 869 animum
1484 829 1810 881 adjunxerunt,
1852 831 1975 870 votis

334 902 476 941 ctiam
492 901 643 940 editis.

411 971 664 1023 Conjugati
684 983 866 1023 quoque
888 972 1029 1023 aliqui
1051 972 1191 1011 etiam
1213 984 1238 1011 a
1261 971 1498 1011 concessis
1524 972 1843 1022 Voluptatibus
1867 973 1966 1012 abs-

332 1045 493 1083 tinent.
517 1044 649 1084 Unus
671 1043 812 1083 etiam
832 1043 936 1093 fuit,
961 1043 1039 1094 qui
1059 1054 1165 1082 cum
1187 1042 1332 1082 vitam
1355 1043 1491 1082 simul
1512 1048 1556 1082 et
1577 1043 1782 1083 habitum
1806 1054 1964 1083 mona-

331 1115 407 1154 chi
428 1114 695 1165 abjecisset,
718 1121 967 1165 utrumque
988 1114 1164 1164 pariter
1185 1114 1451 1164 resumpsit,
1471 1113 1662 1153 arctiori
1679 1125 1781 1153 sese
1800 1114 1963 1154 astrin-

331 1197 447 1233 gens
468 1186 660 1236 regulae
689 1197 830 1237 quam
863 1185 1006 1236 prius.
1045 1185 1102 1225 Et
1137 1185 1325 1235 quidam
1357 1185 1453 1236 jam
1488 1196 1630 1224 senex
1662 1184 1850 1236 jamque
1890 1184 1968 1225 diu

330 1257 499 1296 nullius
524 1255 818 1297 Sacramenti
845 1256 1102 1307 particeps,
1133 1257 1209 1307 qui
1239 1257 1422 1296 animae
1449 1267 1562 1296 suae
1590 1256 1829 1296 dominum
1863 1256 1966 1296 dae-

329 1339 512 1368 monem
539 1328 767 1377 elegerat,
799 1339 939 1378 seque
966 1327 1029 1366 illi
1058 1333 1207 1366 totum
1237 1327 1536 1367 commiserat
1564 1326 1874 1379 dederatque,
1910 1327 1969 1367 ad

328 1398 636 1438 confessionis
657 1405 701 1438 et
722 1398 1049 1437 Eucharistiae
1066 1397 1422 1437 Sacramentum
1444 1398 1595 1438 rediit.
1621 1398 1672 1438 In
1693 1398 1965 1438 universum

328 1476 483 1509 autem
519 1480 674 1509 mores
702 1469 1010 1520 plurimorum
1037 1469 1309 1508 emendatos
1345 1480 1446 1508 esse
1477 1475 1683 1519 constat,
1719 1469 1968 1520 palamque

327 1541 437 1580 illud
458 1541 718 1580 dictitatur:
742 1540 787 1579 in
809 1540 898 1580 hac
920 1541 1032 1579 urbe
1053 1540 1244 1579 vivendi
1274 1540 1504 1579 rationem
1537 1542 1675 1591 longe
1706 1540 1890 1580 differre
1912 1540 1969 1579 ab

326 1624 401 1661 ca,
431 1623 551 1662 quae
580 1612 709 1662 prius
742 1611 907 1650 fuerat.
946 1611 1087 1661 quue
1123 1623 1232 1653 cum
1264 1611 1492 1661 imprimis
1526 1610 1712 1651 divinae
1747 1611 1965 1653 bonitati,

325 1690 422 1722 tum
443 1681 580 1733 hujus
603 1682 742 1722 etiam
764 1681 1011 1722 Societatis
1033 1682 1289 1721 ministerio
1322 1682 1542 1721 tribuunt.
1579 1682 1721 1731 Nam,
1753 1682 1841 1722 etsi
1875 1693 1968 1721 non

324 1754 480 1793 omnia
501 1754 649 1793 nostri
669 1754 846 1793 faciunt
870 1753 992 1802 (sunt
1014 1753 1137 1792 enim
1160 1759 1203 1792 et
1220 1753 1311 1799 alii,
1333 1752 1390 1792 ad
1409 1765 1524 1804 quos
1543 1753 1708 1793 concio
1729 1753 1963 1804 frequens,

324 1825 461 1864 sicuti
483 1825 541 1864 ad
562 1825 785 1876 templum
814 1831 1051 1873 nostrum,
1077 1824 1287 1873 confluit,
1321 1830 1415 1863 tum
1452 1824 1511 1863 ad
1541 1824 1736 1864 verbum
1768 1823 1857 1864 Dei
1889 1836 1965 1864 au-

323 1892 561 1946 diendum,
603 1901 700 1935 tum
735 1895 794 1934 ad
829 1894 1127 1946 suscipienda
1166 1894 1510 1945 Sacramenta),
1550 1901 1706 1935 tamen
1743 1895 1962 1946 quoniam

322 1968 385 2006 illi
421 1966 558 2018 hujus
593 1966 790 2016 Collegii
825 1966 1037 2017 exemplo
1072 1966 1256 2017 impulsi
1291 1965 1565 2014 creduntur,
1603 1964 1740 2016 hujus
1777 1978 1963 2017 quoque

324 2039 432 2077 boni
453 2049 538 2077 nos
560 2038 781 2077 authores
801 2048 903 2076 esse
924 2037 1170 2076 affirmant.
1196 2037 1258 2077 Ut
1275 2042 1430 2076 autem
1449 2068 1456 2087 ,
1481 2036 1604 2087 quod
1627 2036 1754 2086 dico,
1780 2036 1964 2076 facilius

323 2109 509 2157 credas,
533 2109 640 2148 licet
660 2107 921 2147 institutum
942 2119 1035 2147 non
1063 2107 1120 2147 sit
1154 2107 1200 2146 in
1227 2099 1563 2158 persequendis
1585 2108 1783 2158 singulis
1804 2108 1962 2147 immo-

324 2180 438 2229 rari,
464 2180 667 2230 patietur
688 2185 844 2218 tamen
864 2178 912 2218 P.
938 2178 991 2218 T.
1015 2184 1064 2218 ut
1085 2189 1227 2217 unum
1259 2184 1336 2217 aut
1368 2179 1565 2218 alterum
1587 2178 1790 2218 referam
1810 2189 1962 2218 exem-

324 2253 465 2301 plum,
488 2262 578 2302 quo
598 2250 715 2290 haec
737 2261 918 2289 morum
940 2249 1217 2297 immutatiO,
1238 2260 1378 2300 quam
1393 2249 1692 2300 praedicant,
1718 2256 1958 2300 appareat.

324 2322 410 2362 Vir
433 2322 621 2373 quidam
645 2321 837 2370 nobilis,
864 2332 970 2360 cum
991 2320 1048 2360 ab
1071 2320 1348 2364 adversario
1378 2320 1640 2371 periculosa
1670 2321 1867 2360 vulnera
1890 2332 1963 2360 ac-

322 2393 521 2444 cepisset
540 2425 546 2442 ,
569 2403 807 2443 nunquam
829 2391 1011 2431 deferre
1032 2391 1153 2431 illius
1184 2403 1353 2431 nomen
1375 2391 1522 2431 voluit
1543 2392 1589 2431 in
1609 2390 1857 2442 judicium,
1882 2391 1963 2431 sed

323 2464 473 2515 potius
495 2474 544 2503 se
566 2469 609 2502 et
630 2463 752 2512 Deo,
776 2462 903 2502 facta
930 2468 1231 2513 peccatorum
1259 2462 1574 2511 confessione,
1609 2468 1653 2502 et
1683 2463 1961 2502 adversario

322 2535 642 2584 reconciliare,
682 2545 959 2584 omnemque
991 2544 1184 2584 prorsus
1220 2533 1439 2584 injuriam
1459 2533 1523 2572 illi
1552 2533 1746 2572 remisit.
1778 2533 1885 2573 Fuit
1920 2538 1965 2572 et

321 2606 448 2646 hisce
469 2605 696 2656 proximis
719 2604 879 2643 diebus
901 2604 1041 2653 alius,
1067 2604 1240 2655 alioqui
1272 2611 1491 2644 strenuus
1513 2615 1569 2644 ac
1591 2604 1758 2654 vigens
1792 2609 1960 2653 aetate,

320 2677 398 2727 qui
433 2687 536 2716 cum
572 2677 728 2726 palam
757 2675 1071 2715 acerbissimis
1104 2675 1330 2714 conviciis
1352 2675 1664 2715 incesseretur
1697 2687 1724 2714 a
1760 2674 1960 2726 quodam

320 2747 464 2786 nihilo
488 2746 692 2786 melioris
714 2745 994 2785 conditionis
1028 2745 1154 2795 viro,
1190 2746 1384 2785 secessit
1413 2746 1512 2796 ipse
1541 2745 1766 2797 pacificus
1798 2757 1856 2785 ex
1883 2745 1959 2785 via

321 2829 462 2874 seque
484 2817 528 2856 in
551 2822 673 2856 tecta
705 2828 788 2856 sua
822 2816 1013 2867 recepit.
1046 2816 1135 2866 Qui
1166 2817 1275 2856 dum
1306 2817 1459 2856 locum
1488 2816 1568 2856 dat
1599 2816 1720 2867 irae,
1745 2822 1788 2856 et
1809 2816 1897 2856 sibi
1918 2822 1962 2855 et

320 2888 384 2927 illi
405 2888 654 2939 plurimum
677 2887 865 2937 profuit.
890 2887 1070 2926 Etenim
1095 2887 1192 2937 ille,
1218 2892 1347 2927 tanta
1374 2887 1599 2939 patientia
1622 2893 1666 2927 et
1686 2899 1811 2927 novo
1832 2899 1961 2927 more

320 2958 551 2998 adductus
581 2959 626 2998 in
658 2958 1039 3008 admirationem,
1070 2958 1258 2997 veniam
1293 2958 1456 2997 eadem
1490 2958 1562 2997 die
1593 2958 1650 2998 ab
1685 2969 1739 2997 eo
1776 2957 1956 3008 petivit-

315 3029 552 3070 Mercator
574 3029 782 3080 quidam,
807 3029 980 3069 amissa
1002 3028 1048 3067 in
1071 3028 1189 3068 mari
1210 3040 1301 3068 non
1324 3040 1474 3079 parva
1504 3028 1729 3079 pecuniae
1760 3039 1955 3076 summa,
