2080 3392
341 196 409 231 140*
849 196 1073 230 LITTERAE
1100 204 1456 235 QUADRIMESTRES

336 292 383 330 in
404 290 563 331 divino
584 290 847 330 confortata
877 301 1049 340 amore,
1081 290 1206 329 omni
1235 291 1551 331 consolatione
1572 292 1631 332 ad
1647 303 1757 332 suas
1774 303 1966 332 reversa

336 367 419 412 est,
451 361 585 401 citius
618 362 796 411 eligens
831 361 949 400 mori
980 372 1233 412 omnesque
1255 361 1496 410 angustias
1523 368 1567 402 et
1597 363 1792 403 iniurias
1826 362 1964 413 ferre,

334 444 475 482 quam
498 444 523 472 a
540 443 625 471 sua
646 431 872 482 religione
895 438 1176 482 apostatare,
1196 438 1245 472 ut
1266 433 1502 472 multoties
1523 439 1686 484 postea
1708 433 1766 473 ad
1789 434 1966 474 confes-

334 502 511 542 sionem
534 512 795 552 recurrens,
818 502 932 541 satis
954 502 1308 542 demonstravit.

416 572 641 623 Quamvis
658 572 780 612 enim
801 573 1026 613 coenobia
1052 574 1126 613 hic
1147 574 1344 624 plurima
1366 574 1634 624 habeamus,
1659 585 1879 625 magnam
1901 581 1967 614 ta-

334 654 439 682 men
476 654 652 692 eorum,
685 643 957 682 monialium
992 644 1262 694 praecipue,
1301 644 1545 695 penuriam
1580 645 1808 696 patimur;
1847 645 1964 684 adeo

330 713 454 752 enim
477 713 691 753 certatim
713 726 766 753 ea
789 713 972 764 ingredi
993 714 1202 765 virgines
1219 720 1510 764 exaestuant,
1529 720 1578 754 ut
1599 715 1801 766 quinque
1821 726 1961 767 quan-

331 784 496 835 doque,
521 784 671 833 unius,
695 790 745 824 ut
760 784 824 824 ita
844 785 1010 833 dicam,
1032 791 1197 835 morte,
1218 786 1306 825 loci
1325 786 1682 826 evacuationem
1703 792 1964 837 expectent;

330 855 543 904 graviter
578 855 828 895 admodum
864 855 1087 896 mundum
1121 856 1345 905 ferentes,
1375 867 1597 907 magnam
1632 857 1720 896 sibi
1748 862 1966 907 reputant

328 925 430 965 fieri
452 926 669 966 iniuriam
696 938 749 966 eo
780 927 902 977 quod
929 939 1012 978 pro
1048 933 1158 966 voto
1188 938 1322 966 suum
1358 927 1577 967 dilectum
1607 927 1781 967 nudum
1816 927 1965 967 Iesum

331 997 551 1047 amplecti
571 1009 664 1036 non
680 997 1022 1048 permittantur.

410 1066 486 1107 Ad
508 1079 693 1108 sacram
715 1069 1101 1118 communionem,
1121 1074 1169 1108 ut
1197 1069 1242 1108 in
1270 1069 1373 1108 aliis
1400 1069 1545 1119 festis,
1581 1069 1644 1108 ita
1674 1074 1717 1108 et
1746 1069 1897 1119 magis
1919 1069 1965 1108 in

335 1138 423 1178 hoc
444 1138 562 1178 festo
583 1138 853 1179 Nativitatis
873 1139 1075 1189 Domini,
1096 1140 1260 1191 ingens
1283 1140 1530 1180 multitudo
1547 1140 1762 1189 accessit,
1783 1139 1839 1179 ab
1862 1140 1964 1191 ipso

333 1209 407 1249 die
436 1210 580 1249 natali
601 1221 747 1261 usque
768 1210 811 1249 in
836 1210 1044 1261 quintam
1063 1210 1228 1250 feriam
1249 1223 1341 1250 non
1369 1211 1548 1251 minore
1570 1211 1782 1250 libertate
1809 1221 1864 1250 ac
1895 1222 1962 1250 so-

328 1280 580 1329 lemnitate,
611 1292 752 1332 quam
774 1281 811 1319 si
841 1280 1023 1320 Pascha
1046 1281 1329 1321 celebratum
1358 1281 1537 1321 fuisset.
1571 1281 1748 1332 Quibus
1785 1281 1960 1331 diebus,

334 1351 400 1390 uti
419 1351 616 1402 singulis
638 1351 883 1391 dominicis
905 1358 949 1391 et
970 1351 1163 1401 festivis,
1188 1352 1235 1391 in
1256 1363 1436 1391 summa
1463 1363 1648 1403 pompa,
1679 1358 1868 1402 ornatu,
1893 1363 1962 1391 ce-

329 1422 546 1462 lebritate
575 1428 711 1472 atque
743 1422 1040 1461 luminarium
1068 1423 1203 1472 copia
1226 1422 1508 1462 Venerabile
1538 1421 1895 1462 Sacramentum
1917 1422 1963 1461 in

325 1493 462 1532 altari
499 1493 761 1544 expositum
796 1492 947 1532 fuerat
985 1493 1041 1532 ab
1085 1493 1185 1544 ipso
1223 1493 1425 1532 diluculo
1458 1493 1504 1532 in
1530 1492 1772 1532 meridiem
1799 1504 1961 1544 usque.

323 1563 448 1614 quod
470 1569 577 1602 ante
599 1563 714 1603 duos
736 1575 884 1603 annos
901 1563 1100 1603 Lovanii
1120 1575 1358 1615 nunquam
1380 1564 1535 1603 visum
1558 1569 1641 1603 est.
1665 1563 1798 1603 Unde
1822 1564 1962 1603 etiam

328 1640 442 1684 quot
476 1640 764 1684 peccatores,
802 1646 940 1685 quam
968 1646 1111 1674 saxea
1140 1634 1300 1683 corda,
1337 1634 1383 1674 in
1411 1634 1511 1674 dies
1540 1634 1598 1674 ad
1620 1634 1960 1684 contritionem,

329 1704 649 1755 devotionem,
693 1705 1033 1745 confessionem
1079 1712 1123 1745 et
1169 1705 1547 1745 communionem
1591 1711 1959 1756 commoventur,

323 1776 594 1827 quotidiana
618 1787 703 1815 nos
725 1776 907 1815 abunde
929 1776 1064 1816 docet
1092 1776 1402 1827 experientia,
1433 1776 1509 1827 qui
1539 1776 1646 1815 huic
1677 1776 1806 1826 operi
1834 1775 1958 1816 adiu-

325 1847 467 1887 trices
499 1846 718 1886 debemus
752 1859 919 1887 manus
941 1859 1191 1898 apponere.
1224 1846 1612 1898 Quandoquidem
1647 1847 1702 1886 de
1738 1846 1961 1886 extremis

321 1917 529 1957 civitatis
551 1918 775 1968 partibus,
801 1924 898 1958 tum
921 1918 979 1958 ad
1002 1918 1286 1958 audiendum
1310 1917 1528 1969 (praefati
1549 1917 1608 1957 M.
1634 1917 1750 1967 Nri.)
1777 1918 1959 1957 concio-

322 2000 446 2038 nem,
478 1995 573 2028 tum
609 1989 668 2028 ad
699 1989 1039 2028 confessionem
1068 1995 1111 2028 et
1133 1989 1508 2028 communionem
1549 1989 1787 2028 turmatim
1817 1988 1957 2028 homi—

322 2071 405 2098 nes
427 2059 679 2099 confluunt.
709 2059 894 2099 Novum
912 2060 1034 2099 enim
1057 2060 1164 2099 hinc
1192 2065 1407 2099 exortum
1429 2059 1667 2110 proverbii
1688 2060 1789 2098 loco
1811 2059 1857 2109 in
1878 2070 1958 2098 ore

323 2130 531 2170 omnium
559 2130 705 2170 fertur
736 2130 1007 2170 dicterium:
1044 2131 1089 2170 in
1122 2132 1293 2181 templo
1329 2129 1487 2170 Sancti
1522 2129 1761 2169 Michaelis
1796 2135 1957 2181 aperta

323 2213 507 2252 semper
528 2201 727 2241 inveniri
749 2202 1087 2252 promptuaria;
1112 2201 1219 2252 quia
1242 2201 1456 2240 coelestis
1479 2201 1552 2240 ille
1574 2201 1707 2252 panis
1738 2201 1784 2240 in
1813 2207 1958 2241 aeter-

320 2284 431 2312 num
466 2272 737 2312 benedictus
762 2273 847 2322 ,uti
883 2272 1180 2323 quotidianus
1214 2272 1271 2311 ab
1301 2272 1400 2322 ipso
1431 2271 1772 2311 patrefamilias
1804 2272 1954 2323 appel-

321 2344 443 2382 latus
477 2349 560 2392 est,
592 2343 654 2382 ita
688 2343 828 2382 etiam
852 2343 1053 2394 quotidie
1083 2342 1187 2381 filiis
1209 2342 1414 2381 eiusdem
1436 2342 1637 2382 familiae
1668 2343 1714 2382 in
1743 2343 1957 2393 spiritua-

320 2412 411 2453 lem
432 2413 731 2453 refectionem
762 2414 975 2464 partitur.
1003 2413 1111 2452 Inde
1133 2425 1186 2451 eo
1209 2413 1397 2452 tandem
1419 2413 1650 2463 (quamvis
1671 2425 1764 2452 non
1785 2413 1956 2464 exiguo

320 2484 479 2523 labore
508 2495 595 2524 nec
618 2484 716 2524 sine
740 2484 1069 2524 oblatrantium
1100 2483 1426 2532 mordacitate)
1449 2484 1694 2523 devenisse
1720 2484 1954 2532 videmus,

321 2560 370 2593 ut
409 2561 489 2594 aut
525 2566 685 2594 omnes
724 2554 921 2594 aliarum
957 2554 1262 2593 ecclesiarum
1288 2561 1504 2604 pastores
1544 2554 1745 2605 idipsum
1780 2554 1827 2594 in
1861 2554 1956 2595 suis

319 2625 532 2664 ecclesiis
548 2625 767 2665 exhibere
785 2630 1027 2676 cogantur,
1048 2630 1127 2663 aut
1146 2623 1283 2675 (quod
1303 2624 1436 2675 absit)
1454 2631 1551 2664 toto
1566 2625 1792 2676 paulatim
1809 2635 1955 2676 grege

329 2695 655 2745 destituantur,
680 2696 786 2746 quia
809 2695 1033 2743 oviculae,
1059 2695 1254 2734 desertis
1271 2695 1411 2734 etiam
1432 2695 1527 2735 suis
1548 2695 1837 2746 pastoribus,
1856 2696 1952 2746 pin-

320 2765 490 2815 guiora
520 2771 758 2805 sectantur
785 2777 974 2817 pascua.
998 2764 1066 2804 Ne
1090 2764 1230 2815 igitur
1251 2771 1478 2816 pastores,
1503 2766 1662 2816 quales
1684 2765 1917 2817 Propheta
1941 2766 1947 2783 ¹

331 2835 561 2886 depingit,
597 2846 791 2886 gregem
822 2847 914 2875 non
942 2834 1164 2875 ducentes
1199 2836 1505 2886 reperiantur,
1542 2836 1773 2886 nonnulli,
1805 2842 1955 2876 retra-

392 2994 401 3013 ¹
438 2993 605 3027 Ezechiel,
617 3001 689 3028 cap.
706 3000 762 3020 xxx
771 3002 800 3020 v.
