2080 3392
824 186 908 223 AN.
940 185 1031 223 1554
1678 184 1746 220 521

194 282 242 322 P.
257 282 591 335 Hieronymus,
611 294 748 324 sacra
765 283 1059 323 solemnitate
1076 282 1215 322 oium.
1235 280 1531 331 Sanctorum,
1551 288 1747 332 rogatus

114 366 140 394 a
161 353 284 394 Dno.
309 353 626 404 Cancellario,
656 365 888 394 summum
919 365 1107 393 sacrum
1132 353 1179 392 in
1208 352 1353 404 ipsius
1381 352 1603 404 paroecia
1634 352 1749 392 cele·

112 424 282 475 brauit,
307 430 351 465 et
373 425 647 465 cocionatus
668 431 736 465 est
760 430 818 465 cu
839 435 1021 464 summo
1042 423 1200 475 populi
1221 423 1411 474 gaudio.
1433 423 1476 463 A
1492 434 1644 474 sacro,
1668 421 1748 463 Vi-

113 496 270 536 carius
291 508 397 536 cum
419 496 615 537 subditis
636 497 885 548 pecuniam
907 495 948 536 ei
970 495 1151 545 obtulit,
1175 507 1315 546 quam
1332 501 1603 535 constanter
1619 505 1749 534 recu-

112 572 260 616 sante,
285 579 446 607 omnes
468 567 584 607 mire
605 574 712 608 sunt
735 566 980 617 aedificati;
1003 567 1311 617 proximoque
1341 566 1413 606 die
1441 566 1593 606 dnico.
1626 566 1749 605 intra

114 644 333 679 octauam
356 639 447 679 oiu.
471 638 717 689 Sanctoru,
742 645 786 678 et
815 639 1021 678 solemne
1043 643 1183 678 sacru
1213 644 1256 677 et
1286 637 1560 677 concionem
1581 636 1751 676 ibidem

112 709 314 749 iterauit.
339 709 507 750 Dnic0.
533 710 606 750 die
627 711 841 761 proxime
859 710 1169 760 subsequente
1191 709 1394 749 solemne
1424 711 1564 748 sacru
1586 708 1753 748 decan-

112 781 229 821 tauit
242 781 288 821 in
302 781 466 821 eodem
479 782 650 834 templo
664 782 867 822 ciuitatis
882 781 1233 831 Clarmotensis,
1249 787 1444 831 rogatus
1457 793 1483 820 a
1496 780 1692 820 Pastore
1710 786 1754 819 et

113 852 310 893 subditis
327 853 535 893 eiusdem
546 854 809 905 paroeciae,
829 859 873 893 et
886 858 944 893 cu
958 852 1336 904 frequentissimo
1350 852 1506 903 populi
1523 863 1753 891 concursu

114 924 354 964 cocionem
376 925 562 981 tertiam
584 925 745 965 habuit
768 924 952 974 ibidem,
978 930 1166 975 tamque
1189 923 1409 974 flagranti
1431 934 1545 973 erga
1568 934 1673 962 eum
1690 922 1752 962 af-

112 995 262 1035 fectus
283 996 453 1036 ardore
474 996 749 1036 inflammati
769 1002 875 1036 sunt
898 995 1154 1045 auditores,
1178 1002 1227 1035 ut
1249 995 1418 1034 obnixe
1440 995 1755 1046 efflagitarent

113 1073 163 1107 ut
179 1067 341 1107 diebus
364 1067 577 1118 singulis,
596 1067 844 1108 Aduentus
865 1074 1093 1118 tempore,
1117 1067 1163 1106 in
1182 1067 1347 1106 eadem
1368 1067 1580 1106 Ecclesia
1603 1066 1754 1106 cocio-

113 1150 220 1179 nem
237 1139 296 1179 ad
313 1139 439 1190 ipsos
457 1139 629 1179 habere
648 1140 937 1190 dignaretur.
959 1138 1084 1178 Dum
1101 1137 1222 1177 Rdus
1238 1137 1377 1177 Pater
1395 1143 1553 1177 noster
1572 1137 1631 1177 ad
1647 1137 1754 1177 ciui-

111 1215 257 1250 tatem
279 1210 662 1252 Clarmontanam
684 1210 964 1258 diuertisset,
997 1221 1178 1249 summo
1210 1209 1362 1248 studio
1385 1209 1632 1259 multisque
1653 1220 1754 1259 pre-

115 1282 260 1331 cibus,
285 1283 464 1322 nobiles
486 1294 647 1322 coram
668 1282 829 1331 Patre,
853 1281 1104 1322 Societatis
1123 1281 1440 1332 praesentiam
1463 1281 1687 1331 optabant
1710 1287 1757 1320 et

115 1353 460 1402 desiderabant3
485 1365 720 1405 quumque
736 1353 876 1394 Pater
893 1359 1053 1393 noster
1074 1352 1358 1392 mentionem
1379 1351 1556 1391 faceret
1578 1350 1755 1391 reditus

114 1425 316 1477 proximi
356 1424 404 1464 Ρ.
446 1425 724 1477 Hieronymi
765 1425 824 1465 ad
863 1423 1174 1464 Academiam
1208 1422 1522 1463 parisiensem
1545 1455 1551 1472 ,
1595 1423 1754 1462 dolore

114 1497 251 1548 graui
273 1496 441 1547 affecti,
466 1508 612 1548 prem.
635 1496 894 1536 Paschasii‘i
916 1495 1293 1547 deprecabantur
1311 1507 1367 1534 ne
1385 1494 1431 1534 id
1448 1495 1754 1546 permitteret,

113 1574 295 1608 tantum
326 1569 458 1608 abest
486 1569 753 1621 imperaret.
790 1567 912 1619 Quin
940 1566 1061 1607 ΚΛΜ
1087 1567 1234 1607 Dnus.
1267 1566 1587 1606 Cancellarius
1624 1577 1752 1617 prae-

113 1639 330 1691 bendam,
354 1641 498 1691 vulgo
520 1645 822 1692 nucupatam,
848 1646 978 1680 certa
1002 1638 1087 1679 fide
1105 1638 1426 1690 pollicebatur,
1448 1638 1487 1677 si
1502 1637 1549 1677 in
1568 1637 1757 1677 ciuitate

115 1711 427 1752 Clarmotensi
448 1711 607 1752 sedem
627 1711 771 1763 figere
794 1712 1022 1763 placeret,
1046 1716 1096 1750 ut
1116 1710 1368 1750 lectionem
1397 1709 1658 1760 scripturae
1686 1720 1756 1748 sa-

116 1795 224 1823 crae
254 1784 571 1834 praelegeret,
605 1790 649 1823 et
677 1783 952 1823 concionem
979 1782 1038 1822 ad
1066 1782 1291 1833 populum
1318 1781 1526 1821 haberet.
1557 1780 1758 1820 Tantam

115 1854 171 1894 de
193 1866 247 1894 eo
270 1861 494 1906 cocepere
517 1855 750 1906 opinione,
774 1860 824 1894 ut
845 1860 939 1906 quu
959 1853 1283 1906 philosophiae
1306 1851 1550 1904 periodum
1572 1863 1758 1903 percur-

115 1932 188 1966 rat
218 1926 392 1976 adhuC,
422 1926 642 1966 unctione
671 1925 816 1966 diuini
836 1925 957 1978 Spus
987 1925 1202 1973 edoctus,
1233 1924 1440 1975 theologi
1468 1930 1513 1963 et
1543 1923 1758 1963 ecclesia-

116 2002 215 2037 stae
238 1998 419 2037 muneri
438 2009 576 2049 posse
606 1997 882 2037 satisfacere
910 1997 1146 2037 credatur.
1178 1996 1297 2048 Quin
1328 2004 1374 2037 et
1406 1995 1622 2036 canonici
1650 1994 1761 2034 vici-

116 2080 203 2108 nae
225 2068 373 2119 urbis,
402 2068 772 2109 Montisferranii
806 2068 815 2087 ¹
843 2074 1122 2120 nucupatae,
1155 2068 1492 2108 instantissime
1522 2067 1646 2106 hunc
1676 2065 1757 2106 Pa-

116 2145 236 2179 trem
257 2139 532 2180 obsecrarUt
553 2146 603 2180 ut
623 2140 752 2180 feriis
774 2139 1106 2192 Conceptionis
1122 2139 1338 2190 Virginis
1355 2137 1548 2187 Mariae,
1573 2138 1619 2177 in
1636 2137 1757 2188 ipso-

117 2222 220 2251 rum
232 2212 404 2263 templo
417 2211 759 2262 cocionaretur,
779 2223 1066 2264 quamquam
1083 2211 1389 2251 excusatione
1406 2209 1618 2250 modesta
1630 2220 1757 2258 usus,

118 2294 176 2322 ne
198 2283 550 2323 clarmontanos
572 2283 699 2323 ciues
722 2283 914 2323 cocione
937 2283 1162 2335 priuaret,
1187 2293 1348 2322 eorum
1365 2281 1579 2333 petitioni
1600 2279 1760 2320 suffra-

118 2360 257 2405 gatus
278 2365 374 2394 non
394 2360 478 2405 est,
497 2366 608 2394 nam
624 2354 755 2395 feriis
773 2354 1105 2406 Conceptionis
1122 2353 1300 2394 Mariae
1318 2353 1365 2393 in
1382 2353 1519 2393 solita
1536 2351 1759 2403 paroecia

120 2424 431 2465 Clarmotensi
453 2430 592 2466 sacru
613 2426 808 2477 peregit,
834 2432 878 2466 et
900 2425 1142 2466 cocionem
1162 2425 1339 2465 habuit.

200 2496 334 2536 Multi
354 2497 597 2549 utriusque
619 2508 760 2537 sexus
776 2497 1151 2548 frequentissime
1169 2496 1218 2536 Ρ.
1237 2496 1531 2546 Hieronymu
1548 2495 1760 2534 obsecra-

121 2573 195 2608 rut
216 2574 264 2608 ut
285 2567 431 2607 victui
453 2575 497 2608 et
519 2568 711 2608 amictui
737 2569 1029 2619 necessaria,
1061 2568 1099 2608 si
1129 2580 1250 2620 quae
1279 2567 1590 2615 desideraret,
1624 2565 1758 2605 liber-

119 2639 236 2679 rime
257 2637 546 2690 significaret
574 2639 707 2690 ipsis3
741 2640 992 2691 pecuniam
1021 2640 1309 2689 obtulerunt,
1340 2649 1481 2689 quam
1506 2638 1581 2677 ille
1602 2637 1755 2676 renuit

120 2710 346 2762 recipere,
370 2716 561 2750 nostrae
581 2710 888 2761 professionis
911 2722 1105 2761 memor,
1130 2710 1333 2761 dumque
1360 2710 1513 2761 primu
1539 2709 1585 2748 in
1607 2707 1760 2748 Xeno-

122 2781 293 2822 dochiu
314 2782 647 2833 comigrasset,
672 2782 917 2822 Musaeum
938 2782 980 2822 ei
1001 2787 1324 2822 constructum
1345 2788 1414 2821 est
1435 2781 1492 2820 ab
1510 2779 1694 2830 amicis,
1720 2786 1763 2819 et

123 2852 179 2892 de
201 2853 414 2893 cubiculo
439 2853 697 2893 comodiori
718 2854 977 2893 extruendo
998 2853 1268 2905 frequenter
1290 2852 1562 2892 deliberatu.
1587 2851 1650 2891 At
1671 2851 1761 2902 ille,

178 3013 188 3034 ¹
228 3013 475 3042 Montserrand.
