2080 3392
251 239 324 276 634
768 236 994 274 LITTERAE
1020 245 1378 279 QUADRIMESTRES

870 684 1268 740 OGLXXXVI

326 912 374 949 Ρ.
396 913 592 959 Joannes
612 912 665 949 de
690 911 1022 950 Valderrabano

371 977 493 1014 Patri
511 977 680 1024 Ignatio
700 977 753 1014 de
772 977 955 1025 Loyola.

421 1042 696 1088 VallisoletO,
718 1043 735 1078 1
756 1042 861 1089 Maji
882 1042 973 1078 1554
991 1042 1016 1077 ¹.

1016 1249 1113 1302 jhs.

328 1460 596 1503 Admodum
616 1462 891 1503 Reverende
911 1462 1048 1502 Pater
1070 1464 1117 1502 in
1139 1462 1340 1502 Christo.

325 1531 490 1573 Gratia
511 1539 556 1573 et
577 1546 671 1585 pax
698 1533 887 1573 Domini
915 1534 1061 1574 nostri
1090 1534 1201 1586 Jesu
1232 1533 1406 1574 Christi
1437 1534 1495 1574 sit
1526 1546 1707 1586 semper
1729 1535 1883 1576 nobis-

250 1615 371 1643 cum.
394 1603 564 1644 Amen.
590 1621 592 1623 ·

321 1674 382 1715 Ut
417 1675 705 1715 satisfaciam
737 1682 988 1727 praecepto
1025 1681 1132 1715 tuae
1159 1675 1212 1715 R.
1246 1674 1294 1716 Ρ.
1330 1676 1377 1715 in
1408 1677 1757 1717 conscribendis
1791 1677 1878 1728 his,

243 1757 362 1796 quae
392 1757 474 1796 per
503 1758 588 1786 nos
620 1746 742 1795 (licet
775 1747 955 1786 inutilia
986 1746 1311 1796 instrumenta>
1343 1746 1571 1787 Dominus
1601 1753 1761 1788 noster
1791 1747 1883 1788 hoc

243 1816 571 1867 quadrimestri
598 1818 851 1868 praeterito
882 1817 1069 1868 operari
1101 1816 1321 1868 dignatus
1349 1824 1417 1857 est
1446 1818 1567 1868 (licet
1595 1819 1741 1859 multa
1769 1825 1882 1870 agat

242 1885 471 1927 Dominus
501 1888 547 1927 in
581 1888 732 1927 servis
760 1888 875 1938 suis,
907 1899 1026 1939 quae
1056 1887 1115 1927 ad
1144 1887 1353 1938 ipsarum
1379 1900 1536 1928 rerum
1565 1889 1766 1929 ministri
1786 1901 1881 1929 non

240 1958 518 2009 perveniant
551 1958 795 2009 notitiam),
834 1965 991 1998 tamen
1024 1969 1200 2008 eorum,
1238 1969 1356 2010 quae
1392 1959 1451 1999 ad
1485 1971 1570 1999 nos
1604 1971 1876 2011 pervenere.

241 2040 393 2080 pauca
415 2029 490 2068 hic
512 2029 780 2069 recensebo.

322 2099 436 2139 Cum
457 2099 533 2139 hic
553 2099 811 2151 principale
833 2100 1110 2140 exercitium
1130 2104 1341 2139 nostrum
1363 2100 1421 2139 sit
1439 2100 1566 2140 circa
1583 2099 1876 2140 administra-

241 2169 413 2209 tionem
435 2176 838 2210 sacramentorum
858 2170 1171 2221 poenitentiae
1199 2177 1243 2210 et
1271 2169 1616 2221 Eucharistiae,
1641 2170 1688 2210 in
1711 2178 1875 2211 sancto

238 2239 462 2291 jubilaeo,
495 2240 617 2292 quod
649 2241 737 2280 hoc
771 2241 1101 2292 quadrimestri
1130 2241 1382 2292 praeterito
1412 2242 1757 2292 promulgatum
1787 2248 1871 2291 est,

238 2310 323 2351 fuit
354 2316 510 2351 tantus
538 2323 796 2351 concursus
825 2311 1111 2352 venientium
1140 2310 1198 2351 ad
1225 2311 1348 2351 hanc
1368 2317 1579 2351 nostram
1600 2312 1787 2352 domum
1817 2312 1876 2352 ad

239 2381 553 2422 confitendum
573 2388 768 2434 peccata
790 2393 889 2432 sua,
912 2387 961 2421 ut
982 2382 1118 2422 facile
1149 2382 1208 2422 sit
1233 2381 1394 2421 videre
1415 2382 1463 2421 in
1492 2381 1590 2422 dies
1619 2393 1704 2422 nos
1725 2382 1877 2433 magis

240 2458 459 2503 acceptos
481 2464 582 2492 esse
610 2453 656 2492 in
683 2452 773 2492 hoc
795 2452 989 2504 oppido,
1020 2458 1259 2492 crescente
1287 2463 1471 2503 semper
1503 2453 1711 2503 ipsorum
1739 2452 1875 2492 devo-

239 2523 363 2562 tione
393 2533 507 2574 erga
536 2534 642 2573 nos,
679 2523 930 2574 praecipue
964 2523 1011 2562 in
1045 2522 1417 2574 frequentatione
1452 2528 1871 2562 sacramentorum.

239 2593 310 2633 Ex
331 2593 402 2633 his
423 2594 565 2644 enim,
590 2594 668 2642 qui
688 2594 735 2633 in
757 2594 880 2633 dicto
896 2592 1099 2644 jubilaeo
1122 2599 1165 2633 et
1186 2593 1232 2632 in
1253 2593 1617 2644 quadragesima
1639 2592 1763 2644 apud
1785 2604 1871 2632 nos

240 2663 442 2704 confessi
463 2670 588 2714 sunt,
612 2664 743 2704 multi
764 2669 1026 2704 statuerunt
1046 2663 1147 2714 ipsa
1168 2669 1463 2703 sacramenta
1485 2663 1774 2714 frequentius
1794 2663 1873 2703 ite-

239 2745 365 2783 rare,
397 2740 442 2774 et
468 2735 515 2774 in
545 2733 598 2774 eo
625 2740 981 2786 perseverantes
1012 2733 1071 2773 ad
1100 2745 1186 2773 nos
1216 2734 1465 2782 accedunt,
1495 2733 1560 2773 ita
1588 2740 1638 2773 ut
1670 2733 1748 2784 qui
1769 2733 1877 2773 huic

240 2804 307 2843 rei
338 2805 641 2856 intendimus,
678 2806 761 2845 vix
795 2804 1005 2845 sufficere
1033 2805 1266 2855 possimus
1295 2803 1354 2843 ad
1384 2803 1663 2844 audiendum
1697 2814 1872 2853 omnes,

300 2986 309 3005 ¹
349 2986 614 3021 Autographum
628 2986 662 3014 in
682 2988 762 3014 folio
777 2987 899 3021 duplici
916 2987 1016 3014 nullis
1031 2986 1180 3013 numeris
1201 2986 1372 3020 distincto,
1394 2986 1425 3013 in
1441 2993 1505 3020 quo
1530 2986 1636 3013 solum
1659 2994 1777 3013 nomen
1799 2987 1876 3013 sub-

240 3032 406 3067 scriptum
429 3038 479 3060 est
495 3041 597 3061 manu
614 3034 720 3068 ipsius
734 3034 873 3067 joannis
888 3033 1162 3061 Valderrabano.
