2080 3392
831 128 915 166 AN.
948 128 1038 167 1553
1688 130 1759 167 477
1772 158 1775 160 .

116 226 342 278 pecuniae
363 226 651 277 lucrabatur,
675 226 753 278 qui
775 226 915 267 etiam
937 238 1021 267 suo
1042 227 1209 279 spiritu
1229 227 1506 280 prophetico
1534 239 1628 268 non
1647 240 1759 280 pau-

107 308 194 337 cos
215 297 434 348 angebat;
458 297 541 338 sed
561 297 764 337 Domino
786 297 853 337 sic
876 297 1167 350 disponente,
1191 299 1252 339 ad
1272 311 1357 339 nos
1375 299 1556 350 ductus,
1578 300 1756 340 inveni-

109 379 214 408 mus
235 369 442 419 maligno
464 369 631 420 spiritu
652 369 910 419 obsessum,
935 381 991 410 ac
1011 370 1093 409 tali
1114 370 1300 421 spiritu,
1326 383 1353 411 a
1373 382 1464 422 quo
1495 383 1589 411 non
1619 371 1756 411 facile

108 438 300 479 liberari
320 440 505 491 poterit,
536 451 627 491 quo
661 452 824 480 omnes
850 453 957 481 cum
983 441 1149 492 quibus
1180 447 1397 482 versatur
1424 441 1595 493 inficit,
1625 448 1670 482 et
1699 443 1758 483 ad

106 510 278 550 suimet
295 522 504 551 amorem
519 511 763 562 pertrahit,
783 517 827 551 et
844 511 1097 563 praecipue
1115 512 1257 552 viros.
1281 512 1370 552 Hic
1391 513 1530 553 homo
1552 525 1638 554 nec
1660 525 1756 553 mu-

110 581 195 621 lier
216 593 302 621 nec
323 581 396 621 vir
418 587 502 622 est:
525 581 673 633 brevi,
697 588 746 622 ut
773 594 934 634 spero,
968 583 1015 622 in
1046 595 1286 624 carcerem
1314 584 1590 625 coniicietur
1619 591 1699 625 aut
1730 597 1756 625 a

108 652 303 692 civitate
323 653 597 704 expelletur.
616 653 708 693 Uni
725 654 866 694 etiam
884 653 1011 693 adfui
1028 654 1146 704 viro,
1167 655 1246 705 qui
1263 666 1312 694 se
1330 661 1437 695 ante
1459 667 1608 696 annos
1625 655 1753 707 quin-

113 734 202 775 que
225 723 411 763 diabolo
433 723 713 775 tradiderat,
746 735 830 776 per
857 735 995 777 quem
1024 723 1171 765 Satan
1203 726 1348 766 multa
1378 726 1472 766 iam
1499 727 1623 767 mala
1653 739 1759 778 ope-

109 794 208 834 rari
243 794 532 846 incoeperat;
570 795 651 835 sed
680 807 764 847 per
792 795 1136 836 confessionem
1164 801 1208 836 et
1235 808 1402 837 sacrae
1430 798 1758 838 Eucharistiae

107 865 422 917 sumptionem
443 865 671 906 liberatus
691 872 775 915 est;
801 866 881 918 qui
901 872 946 907 et
966 867 1060 906 iam
1081 867 1307 907 mundum
1327 868 1528 920 reliquit,
1553 878 1598 909 et
1619 880 1669 909 se
1691 875 1755 909 to-

111 942 210 976 tum
231 935 405 977 Christi
426 937 621 977 servitio
644 937 948 989 mancipavit.
972 937 1023 978 In
1044 939 1284 979 exercitiis
1305 939 1447 979 etiam
1469 940 1650 992 aliquos
1674 940 1757 980 ha-

106 1007 307 1058 buimus,
333 1008 411 1060 qui
432 1007 570 1048 modo
593 1009 741 1049 vitam
764 1009 953 1049 omnino
975 1009 1023 1049 in
1044 1009 1208 1050 mellus
1229 1016 1520 1051 commutare
1550 1012 1755 1052 student.

108 1079 267 1120 Vicini
288 1080 451 1130 nostri,
475 1080 554 1132 qui
575 1080 777 1121 antehac
798 1093 906 1121 raro
929 1080 1139 1121 confiteri
1172 1081 1405 1131 solebant,
1438 1082 1531 1122 iam
1558 1083 1757 1135 singulis

109 1150 273 1191 diebus
308 1150 555 1191 dominicis
590 1151 650 1192 ad
685 1151 859 1192 Christi
893 1164 1106 1193 mensam
1141 1164 1191 1193 se
1220 1164 1390 1204 parare
1427 1154 1635 1206 student,
1669 1167 1756 1195 nec

109 1234 260 1274 parvo
284 1235 390 1263 cum
411 1222 581 1263 fructu.

188 1294 335 1345 Haec,
359 1293 459 1335 Rde
474 1294 567 1346 Pr„
591 1294 841 1336 scribenda
863 1302 1131 1347 occurrunt,
1156 1297 1230 1337 cui
1252 1297 1389 1337 unice
1412 1308 1502 1337 nos
1525 1309 1757 1337 commen-

113 1366 281 1406 damus
303 1372 347 1406 et
367 1366 453 1406 toti
473 1364 715 1407 Societati.

194 1436 419 1477 Coloniae
438 1437 464 1476 5
484 1437 588 1477 idus
610 1438 872 1478 decembris
898 1438 1013 1478 1553.

191 1508 246 1549 R.
271 1507 318 1548 P.
344 1509 404 1549 V.
428 1520 595 1549 servus
617 1509 850 1561 indignus,

1024 1653 1310 1695 LEONARDUS
1340 1653 1541 1696 KESSEL.

191 1865 254 1905 In
274 1866 371 1906 ima
391 1867 624 1907 secundae
638 1866 868 1919 pagellae
887 1879 974 1909 ora
995 1869 1107 1909 haec
1126 1868 1376 1920 leguntur.
1401 1868 1611 1920 Colonia,
1639 1869 1757 1919 1553,

110 1937 137 1976 5
157 1935 264 1978 Idus
286 1937 421 1977 X.¹³s¹¹8
443 1937 687 1989 Originale
713 1938 738 1980 ¹.

168 2128 178 2149 ¹
219 2127 285 2162 Sic;
301 2128 487 2163 significari
502 2133 616 2157 tamen
631 2130 695 2157 hae
711 2137 795 2157 voce
810 2130 946 2158 minime
960 2134 1075 2164 potest
1098 2131 1291 2165 exemplum
1312 2130 1375 2158 hoc
1396 2137 1470 2157 esse
1493 2132 1757 2166 autographum

114 2184 235 2203 manus
251 2176 339 2203 enim
355 2178 488 2204 omnino
507 2177 646 2205 diversa
661 2181 713 2204 est
729 2184 748 2204 a
761 2177 916 2206 Kesselii.
