2080 3392
301 194 350 231 86
809 191 1034 227 LITTERAE
1061 198 1417 231 QUADRIMESTRES

303 295 458 330 mento
480 289 857 329 corroborarunt.
886 285 1105 325 Nonnulli
1125 285 1265 324 etiam
1285 296 1342 323 ex
1364 283 1585 323 fratribus
1606 282 1817 323 morienti
1840 293 1935 321 mu—

303 361 405 400 lieri
433 372 525 400 non
547 360 645 399 sine
675 358 819 398 multo
849 357 1003 397 fructu
1030 355 1292 395 adfuerunt.
1326 354 1515 394 Plurimi
1543 354 1673 403 item,
1704 352 1865 404 pietati
1892 358 1937 392 et

303 431 588 471 christianae
618 428 832 479 religioni
864 427 1062 468 caeteris
1097 427 1200 477 plus
1230 425 1385 475 dediti,
1419 424 1580 464 diebus
1615 423 1858 464 dominicis
1893 428 1936 462 et

306 502 556 553 praecipue
595 500 721 540 seriis
761 497 1120 539 solemnioribus
1159 495 1555 545 sacratissimam,
1597 500 1704 534 ante
1742 499 1937 545 peccata

305 585 390 613 sua
421 572 643 619 confessi,
678 571 867 611 Domini
888 581 1096 610 mensam
1127 568 1371 608 accedunt.
1396 566 1556 606 Plures
1578 566 1717 605 etiam
1745 575 1937 616 genera—

306 645 395 684 lem
431 644 572 683 totius
606 642 732 682 vitae
767 653 878 681 suae
916 640 1255 680 confessionem
1291 638 1598 690 protulerunt.
1640 635 1797 687 Aliqui
1830 635 1938 675 item

307 714 640 754 exercitiorum
670 718 939 752 nostrorum
969 711 1204 762 palaestra
1241 720 1344 748 sese
1379 712 1705 748 exercuerunt.
1747 705 1941 756 Insuper

305 791 492 836 praeter
519 790 614 824 tres
646 795 792 834 nuper
821 782 1017 822 Romam
1047 782 1216 821 missos
1246 780 1567 819 adolescentes
1591 776 1617 827 ¹,
1643 783 1835 828 quartus
1865 775 1939 816 ad-

306 856 397 895 huc
431 855 615 907 quidem
648 855 798 893 bonae
833 854 931 904 spei
966 852 1148 892 iuvenis
1183 851 1257 891 hic
1292 850 1427 890 nobis
1469 849 1716 889 adiunctus
1755 853 1844 897 est3
1887 846 1942 886 de

307 927 542 967 nonnullis
573 926 712 965 etiam
746 925 849 964 aliis
880 936 973 964 non
1006 924 1226 973 exiguam
1255 933 1384 974 spem
1417 920 1732 971 concepimus.
1768 918 1818 958 P.
1849 917 1941 957 An—

309 997 704 1046 d1·eas1'oeminiS‚
731 1007 848 1047 quas
874 996 1019 1045 vulgo
1052 1004 1309 1033 conversas
1336 997 1530 1039 vocant,
1564 989 1809 1041 aliquoties
1839 999 1942 1027 con-

307 1070 521 1110 cionatus
557 1074 648 1107 est:
685 1067 807 1107 idem
842 1066 888 1105 in
923 1065 1141 1116 hospitali
1175 1063 1501 1104 incurabilium
1540 1060 1778 1112 sigillatim
1815 1058 1944 1098 viros

309 1153 364 1181 ac
390 1140 608 1180 mulieres
636 1137 807 1178 ibidem
835 1136 1183 1185 decumbentes,
1209 1134 1499 1186 saepiuscule
1521 1133 1680 1172 habita
1703 1131 1942 1180 concione,

309 1213 368 1252 ad
395 1211 668 1263 patientiam
695 1209 877 1248 fortiter
905 1207 1146 1247 animavit.
1183 1205 1431 1246 Praeterea
1467 1205 1513 1244 in
1548 1203 1768 1243 Adventu
1799 1202 1846 1241 in
1873 1212 1942 1240 sa-

307 1284 424 1323 cello
448 1287 607 1322 nostro
630 1280 935 1320 concionatus
956 1285 1048 1318 est:
1075 1278 1234 1318 diebus
1255 1276 1442 1317 veneris
1467 1286 1596 1315 more
1617 1274 1752 1314 solito
1776 1271 1943 1312 doctri-

308 1365 418 1394 nam
462 1353 766 1393 christianam
804 1350 932 1401 legit.
967 1349 1237 1389 Lectionem
1271 1348 1578 1399 psalmorum,
1619 1356 1758 1397 quam
1788 1345 1834 1384 in
1871 1355 1940 1383 ae-

308 1430 429 1464 state
460 1424 750 1474 incoeperat,
775 1427 1051 1473 prosecutus
1080 1425 1149 1459 est
1175 1430 1321 1470 usque
1350 1417 1459 1457 dum
1480 1417 1578 1456 Rus
1599 1415 1649 1455 P.
1671 1421 1830 1455 noster
1850 1415 1944 1456 Sal-

307 1507 469 1535 meron
490 1493 504 1512 2
522 1494 612 1534 huc
636 1493 903 1544 appelleret,
928 1491 1006 1543 qui
1028 1490 1137 1530 huic
1160 1488 1416 1529 succedens
1446 1487 1650 1539 incoepit
1681 1497 1945 1526 sermonem

307 1565 496 1605 Domini
534 1565 579 1604 in
620 1564 776 1603 Monte
807 1561 1118 1613 interpretari.
1154 1560 1317 1610 Porro,
1359 1565 1532 1610 quanto
1568 1558 1836 1597 auditorum
1869 1568 1942 1608 ap-

307 1638 473 1687 plausu
497 1648 551 1675 ac
572 1634 834 1686 frequentia
855 1639 1122 1684 quantaque
1150 1631 1433 1671 authoritate
1465 1636 1603 1680 atque
1630 1629 1784 1680 gratia
1814 1628 1860 1667 in
1891 1640 1945 1667 ea

308 1707 506 1747 lectione
542 1711 770 1754 versetur,
799 1703 955 1744 multis
990 1703 1064 1743 hic
1091 1702 1307 1753 persequi
1340 1713 1433 1740 non
1463 1700 1653 1750 attinet3
1682 1699 1771 1739 hoc
1801 1710 1945 1738 unum

308 1784 466 1818 tamen
497 1777 601 1816 dico
624 1776 871 1816 universos
892 1786 918 1813 a
941 1774 1131 1814 minimo
1164 1784 1309 1824 usque
1340 1772 1397 1811 ad
1427 1771 1685 1811 maximum
1714 1771 1945 1820 legentem

307 1847 545 1896 admirari,
565 1853 608 1886 et
626 1858 758 1895 sane,
780 1845 900 1897 quod
917 1845 1086 1885 mirum
1102 1850 1186 1894 est,
1211 1843 1507 1892 dexteritate,
1532 1853 1621 1892 qua
1645 1841 1690 1881 in
1712 1845 1940 1891 suggestu

306 1918 430 1970 apud
465 1919 684 1970 populum
721 1922 958 1965 versatur,
997 1915 1160 1955 eadem
1201 1920 1280 1954 aut
1315 1913 1455 1953 etiam
1494 1912 1662 1952 maiori
1701 1912 1821 1951 inter
1861 1922 1946 1950 nos

307 1991 425 2041 agit,
462 1990 618 2030 omnia
652 1989 769 2028 mira
803 1987 1004 2038 quadam
1038 1986 1268 2026 industria
1303 1996 1357 2024 ac
1392 1983 1621 2035 sapientia
1656 1982 1937 2033 ponderans,

308 2061 561 2112 disponens
583 2060 942 2110 moderansque;
967 2057 1048 2097 sed
1070 2062 1148 2096 aut
1171 2068 1274 2096 mea
1294 2067 1367 2095 me
1394 2054 1510 2094 fallit
1539 2054 1712 2105 opiniO,
1745 2059 1823 2092 aut
1852 2064 1946 2092 non

309 2132 487 2182 indiget
510 2137 671 2171 nostra
693 2128 1117 2170 commendatione:
1148 2138 1257 2166 nam
1278 2125 1428 2177 qualis
1450 2125 1524 2164 vir
1545 2125 1592 2164 in
1621 2124 1759 2164 rebus
1786 2134 1947 2174 geren-

309 2203 381 2243 dis
415 2203 494 2252 sit,
533 2202 647 2241 satis
684 2205 973 2251 compertum
1007 2204 1089 2237 cst.
1129 2197 1376 2237 Lectiones
1411 2202 1598 2235 nostras
1634 2195 1692 2234 ad
1728 2194 1949 2234 calendas

312 2273 592 2314 Novembris
633 2271 996 2322 resumpsimus,
1039 2269 1204 2320 quibus
1245 2273 1338 2307 tres
1384 2267 1622 2306 orationes
1662 2265 1948 2317 praemissae

312 2351 442 2394 sunt,
473 2354 670 2396 quarum
704 2353 845 2382 unam
882 2340 1006 2390 Mag.
1041 2340 1261 2379 Nicolaus
1291 2337 1319 2387 ⁵,
1357 2338 1553 2377 alteram
1587 2336 1712 2387 Mag.
1747 2335 1948 2376 Leonar-

310 2415 398 2456 dus
425 2415 455 2465 ⁴,
492 2415 704 2455 ultimam
735 2413 923 2464 quidam
949 2423 972 2450 e
1003 2410 1243 2461 discipulis
1277 2408 1458 2449 Nicolai
1485 2408 1866 2460 pronunciarunt.
1898 2406 1949 2446 In

317 2487 404 2537 his,
430 2487 621 2537 copioso
644 2484 758 2524 satis
786 2482 1118 2533 discipulorum
1147 2491 1356 2530 numero,
1380 2491 1544 2519 verum
1564 2479 1737 2529 fructu,
1772 2484 1819 2518 ut
1850 2489 1947 2529 spe-

313 2570 380 2607 ro,
422 2557 652 2606 uberiori,
694 2565 954 2595 versamur.
992 2553 1156 2592 Patres
1190 2557 1234 2591 et
1267 2551 1451 2600 fratres,
1488 2562 1649 2590 omnes
1683 2549 1948 2601 quindecim

313 2640 522 2677 numero,
547 2628 663 2667 bene
691 2627 868 2676 valent,
899 2635 1095 2676 quorum
1116 2622 1304 2662 nomina
1326 2622 1442 2661 haec
1462 2627 1591 2662 sunt:
1616 2621 1664 2661 Ρ.
1689 2620 1946 2668 Salmeron‚

372 2765 382 2782 ¹
426 2763 554 2789 Horum
582 2769 664 2789 unus
689 2761 751 2788 fuit
780 2759 925 2787 Micha'el
954 2758 1101 2792 Vignes,
1130 2755 1328 2789 Hieronymi
1356 2756 1475 2782 frater.
1505 2755 1670 2789 POLANco,
1701 2755 1834 2787 Chron„
1863 2758 1885 2781 t.
1913 2761 1948 2786 τι,

315 2819 395 2846 pag.
414 2811 477 2843 524,
495 2818 570 2837 ann.
589 2809 665 2841 1552,
680 2816 711 2835 n.
727 2808 789 2834 267.

373 2859 386 2877 ‘2
426 2859 461 2886 P.
486 2858 681 2891 Alphonsus
706 2855 892 2887 Salmeron,
918 2854 970 2888 qui
997 2853 1173 2886 Neapolim
1197 2852 1301 2878 Roma
1322 2852 1421 2885 juxta
1436 2851 1582 2878 medium
1597 2849 1778 2877 Octobrem
1794 2853 1946 2876 venerat.

318 2908 423 2939 Ibid„
438 2915 516 2941 pag.
531 2906 593 2937 526,
612 2913 640 2931 n.
658 2904 719 2931 ⁴:72.

379 2956 393 2974 5
431 2954 645 2981 Paradensis.

379 3003 393 3021 ²⁴
430 3000 637 3028 Parmensis.
