2080 3392
244 181 316 218 350
757 183 982 221 LITTERAE
1009 194 1366 226 QUADRIMESTRES

325 276 415 317 Dio
450 288 551 316 nro.
588 275 677 317 5.οῑ
710 290 768 317 ne
803 278 879 318 dia
911 278 969 318 ad
1003 279 1243 319 intendere
1269 280 1314 320 la
1344 292 1427 320 sua
1457 288 1554 321 §.ma
1580 283 1792 335 volunta,
1829 290 1875 324 et

245 359 347 398 gra.
371 358 453 398 per
474 359 657 399 sempre
679 349 939 401 adimpirla.

325 417 385 457 Di
404 417 618 458 Palermo
640 419 718 458 alli
737 419 762 459 2
783 419 838 459 de
859 419 1026 472 Giulio,
1051 420 1165 461 1553.

326 487 385 528 Di
407 487 465 528 V.
490 488 543 528 R.
568 489 616 528 Ρ.

327 558 656 609 Indignissimo
679 571 816 601 servo
838 561 884 601 in
907 561 1051 602 Giesu
1073 561 1213 602 Chro.

1187 706 1344 748 PAOLO
1368 720 1428 748 DE
1449 707 1662 749 ACHILLI.

328 915 678 967 Sztperscw'ptio
700 917 748 956 in
770 923 943 969 quarta
957 919 1164 970 pagina:
1184 921 1211 966 †
1225 919 1285 960 Al
1301 920 1444 961 Molto
1461 920 1562 960 R.d0
1581 921 1628 960 in
1645 920 1772 960 ehro.
1791 920 1875 960 Pa-

248 986 329 1026 dre
350 987 380 1026 il
400 986 449 1026 P.
483 987 543 1026 M.
572 987 753 1038 Ignatio
783 989 838 1028 de
868 990 1047 1041 Loyola
1077 989 1320 1042 preposito
1350 991 1579 1032 Generale
1606 991 1724 1032 della
1753 1003 1875 1031 com-

247 1057 382 1108 pag.a
401 1057 447 1097 di
469 1057 626 1098 Giesu.

327 1128 378 1168 In
399 1128 561 1168 Roma.

328 1198 439 1238 Alia
460 1211 628 1239 manu:
662 1201 776 1240 1553.
801 1200 1031 1253 Palermo,
1057 1201 1145 1242 Del
1166 1202 1238 1242 Ρ.Ε
1260 1203 1367 1243 Don
1388 1203 1546 1254 paolo,
1570 1204 1594 1243 2
1615 1204 1670 1244 de
1691 1204 1874 1255 Luglio.

341 1270 602 1320 Vestigium
623 1282 754 1311 cerae
774 1275 818 1312 et
838 1272 1006 1323 sigilli.

882 1655 887 1660 Ι
919 1700 1227 1754 CCXXXV

327 1923 374 1961 P.
396 1924 556 1962 Petrus
575 1924 628 1963 de
647 1925 782 1964 Santa
802 1925 916 1964 Cruz

374 1989 495 2027 Patri
512 1989 681 2037 Ignatio
701 1990 754 2028 de
773 1991 955 2039 Loyola.

421 2054 705 2103 Ulyssipone‚
728 2056 768 2092 11
789 2056 892 2103 Julii
912 2057 1003 2094 1553
1023 2058 1047 2093 ¹.

1013 2318 1110 2360 IHS

336 2544 448 2596 Muy
470 2545 570 2585 R.d0
590 2545 757 2586 Padre.

336 2615 447 2656 Gra.
478 2622 521 2656 et
547 2628 641 2668 pax
668 2616 775 2657 Dni.
806 2618 892 2658 nri.
930 2618 1041 2671 Jesu
1076 2618 1249 2659 Christi
1283 2621 1342 2660 sit
1376 2631 1559 2671 semper
1594 2620 1642 2659 in
1662 2619 1878 2660 cordibus

257 2687 443 2727 nostris.
467 2687 632 2728 Amen.

333 2756 443 2798 Nro.
468 2757 617 2798 Sefior
638 2760 748 2799 sabe
769 2760 875 2806 bien
896 2767 1070 2812 quanta
1090 2762 1413 2812 repugnaneia
1434 2762 1583 2802 sentia
1606 2762 1669 2801 mi
1691 2773 1879 2801 sensua-

256 2827 381 2867 lidad
403 2840 458 2868 en
475 2828 620 2869 hauer
639 2829 694 2869 de
711 2831 917 2870 escrevis
939 2833 965 2870 a
985 2831 1042 2871 V.
1066 2830 1134 2882 P.,
1158 2843 1244 2882 por
1264 2843 1339 2872 ser
1355 2844 1415 2883 yo
1433 2837 1514 2872 tan
1531 2832 1723 2882 indigno
1745 2845 1776 2883 y
1797 2837 1877 2872 tan

312 2987 322 3006 1
362 2987 608 3022 Autographae
625 2996 724 3016 manu
741 2989 854 3017 Patris
870 2990 908 3016 de
926 2990 1123 3024 Santacruz,
1141 2990 1173 3018 in
1190 2991 1312 3026 duplici
1327 2992 1416 3025 folio,
1433 2999 1463 3018 n.
1478 2992 1539 3020 547.
