2080 3392
268 191 338 228 460
777 188 1004 224 LITTERAE
1031 197 1387 230 QUADRIMESTRES

266 287 527 327 animorum
558 284 860 334 exultatione,
886 289 954 323 tot
973 278 1207 334 tantisque
1235 283 1545 323 oblationibus
1572 294 1748 333 eorum,
1778 295 1900 334 quae

264 359 310 397 in
334 356 542 406 Collegio
559 354 845 406 praestanda
867 359 1036 402 essent,
1062 354 1332 394 inchoatum
1359 358 1448 403 est,
1481 360 1530 393 ut
1551 365 1637 405 pro
1670 359 1798 393 certo
1819 339 1896 394 hal

263 429 455 467 beamus
472 426 604 465 brevi
620 425 770 465 maius
789 424 1148 465 Conimbricano
1165 423 1385 464 futurum:
1409 424 1454 463 id
1472 430 1625 463 autem
1645 424 1779 464 huius
1797 424 1899 465 Col-

265 497 374 548 legii
395 496 596 536 certiora
626 495 738 535 facit
760 507 914 535 annua
943 495 1209 545 vectigalia,
1243 494 1368 546 quod
1389 501 1486 534 tum
1513 495 1751 545 piissimus
1778 494 1898 545 Rex,

264 576 360 608 tum
395 568 536 607 etiam
563 573 659 606 tam
685 567 931 618 praeclara
969 566 1137 606 civitas
1164 566 1299 605 huius
1328 566 1396 605 rei
1427 577 1589 605 curam
1623 566 1898 616 susceperit;

264 639 525 690 promissae
548 645 703 677 autem
728 637 953 677 lectiones
975 649 1001 676 a
1029 637 1125 676 divi
1152 636 1310 676 Lucae
1339 637 1457 676 festo
1484 637 1788 687 incoeperunt
1819 649 1893 676 ex-

262 710 395 761 poni,
427 709 486 749 ad
507 721 624 760 quas
650 714 807 748 tantus
830 708 1052 748 confluxit
1080 708 1345 747 auditorum
1376 718 1612 757 numerus,
1644 713 1694 746 ut
1723 707 1845 747 hanc
1867 719 1894 746 a

261 780 495 821 Societate
517 779 852 830 obligationem
875 779 1117 829 exigerent
1140 779 1268 818 cives
1296 784 1346 818 ut
1366 778 1497 829 prius
1520 777 1899 828 Olissiponenses

266 863 405 902 quam
428 856 647 890 externos
668 850 714 889 in
737 850 996 900 Collegium
1019 849 1298 889 admitteret.

346 921 568 972 Largitus
589 928 832 972 praeterea
855 927 923 960 est
944 920 1287 960 Illustrissimus
1308 919 1409 959 Rex
1427 919 1613 959 domum
1630 931 1772 959 unam
1794 930 1901 959 cum

265 993 456 1044 egregio
495 993 689 1044 templo,
727 993 773 1032 in
808 1004 899 1044 qua
940 992 1207 1031 habitarent
1248 990 1468 1042 professi,
1512 991 1735 1042 optimam
1771 991 1900 1030 illam

263 1064 453 1115 quidem
473 1069 517 1103 et
538 1064 584 1102 in
606 1063 847 1114 aptissimo
867 1063 1005 1102 sitam
1026 1063 1142 1112 loco,
1162 1074 1252 1113 qua
1270 1061 1443 1111 habita,
1464 1061 1669 1101 maxima
1687 1061 1901 1101 omnibus

268 1136 314 1174 in
336 1133 539 1174 Domino
561 1134 736 1174 laetitia
758 1140 802 1173 et
823 1134 903 1173 lux
925 1134 1139 1173 accessit.

345 1205 564 1245 Deiectus
587 1206 728 1245 etiam
751 1214 859 1244 tunc
880 1205 998 1244 inter
1020 1216 1114 1254 eos,
1139 1204 1215 1255 qui
1238 1204 1283 1243 in
1306 1203 1514 1254 Collegio
1536 1209 1669 1243 erant
1689 1209 1758 1242 est
1779 1202 1902 1242 habi—

263 1283 350 1327 tus,
374 1285 470 1317 tres
491 1277 682 1326 scilicet,
705 1276 754 1316 P.
780 1275 1100 1326 Gondicalvus
1119 1288 1144 1315 a
1167 1275 1391 1322 Silveira‚
1419 1274 1468 1314 Ρ.
1501 1274 1768 1314 Gonsalvus
1797 1273 1900 1313 Vaz

262 1354 307 1387 et
327 1347 376 1386 P.
399 1347 631 1387 Antonius
653 1359 680 1386 a
701 1346 917 1397 Quadros
938 1347 1161 1398 professis
1182 1346 1467 1386 solemnibus
1494 1345 1617 1385 votis
1645 1356 1746 1384 sese
1775 1343 1899 1384 addi-

265 1418 447 1458 derunt.
467 1418 628 1458 Voluit
648 1418 928 1469 professioni
949 1418 1175 1457 interesse
1194 1418 1292 1468 ipse
1308 1416 1410 1456 Rex
1427 1428 1481 1456 ac
1498 1416 1731 1467 princeps,
1750 1423 1793 1454 et
1810 1426 1903 1455 una

265 1500 369 1528 cum
400 1489 525 1528 omni
560 1489 689 1528 curia
717 1489 775 1529 ad
802 1488 962 1528 divum
992 1488 1205 1528 Rochum
1236 1488 1366 1528 venit
1398 1487 1478 1537 (ita
1508 1487 1631 1526 enim
1665 1487 1905 1537 templum,

265 1560 388 1611 quod
418 1559 629 1609 dederat,
655 1560 935 1611 appellatur)
964 1560 1192 1611 simulque
1227 1571 1399 1599 novam
1435 1559 1623 1598 domum
1653 1564 1697 1597 et
1727 1556 1900 1608 profes-

266 1631 443 1670 sionem
494 1642 576 1670 suo
623 1631 828 1670 adventu
871 1642 925 1669 ac
964 1630 1227 1681 praesentia
1279 1629 1548 1669 celebravit.
1590 1628 1910 1669 Concionatus

265 1707 335 1740 est
382 1701 431 1740 P.
468 1701 774 1751 Franciscus,
805 1702 860 1741 de
899 1713 989 1752 quo
1026 1700 1218 1740 inferius
1248 1700 1422 1750 dicam,
1456 1700 1661 1739 maxima
1691 1699 1833 1749 Regis
1863 1704 1907 1737 et

265 1772 470 1811 omnium
484 1771 820 1822 aedificatione3
837 1771 1205 1823 adhortatusque
1223 1777 1292 1811 est
1309 1771 1558 1823 praecipue
1574 1782 1659 1810 nos
1676 1776 1805 1809 tanto
1818 1769 1903 1809 fer-

265 1853 380 1881 vore
402 1848 626 1894 tantaque
646 1843 836 1893 spiritus
858 1843 1171 1891 vehementia,
1187 1849 1237 1882 ut
1258 1842 1391 1882 nobis
1408 1841 1620 1881 omnibus
1642 1840 1905 1880 innovati-o-

264 1925 370 1952 nem
404 1913 654 1964 quamdam
676 1913 965 1965 spiritualem
986 1913 1205 1953 attulerit.
1236 1913 1306 1952 Ex
1337 1912 1703 1964 professionibus
1733 1916 1903 1960 autem,

263 1984 431 2023 mirum
451 1984 577 2024 dictu
598 1984 755 2033 fuerit,
780 1991 955 2036 quanta
976 1997 1069 2024 non
1092 1985 1241 2023 solum
1270 1989 1539 2023 nostrorum
1568 1994 1733 2022 Verum
1764 1982 1906 2021 etiam

262 2055 468 2094 omniurn
498 2056 813 2106 praesentium
834 2056 1001 2095 animis
1023 2055 1208 2095 devotio
1231 2054 1492 2094 accreverit
1514 2065 1521 2103 ;
1553 2053 1598 2092 id
1628 2053 1900 2104 lachrymae

263 2125 532 2165 indicabant
558 2132 695 2177 atque
717 2127 931 2178 suspiria.
961 2126 1154 2166 Tradita
1181 2125 1333 2165 fuerat
1363 2124 1482 2175 Regi
1508 2130 1726 2163 votorum
1752 2123 1903 2163 forma

265 2196 553 2247 conscripta,
579 2208 718 2248 quam
739 2203 783 2236 et
804 2196 853 2236 P.
877 2197 1158 2236 Franciscus
1175 2196 1453 2247 explicabat.
1477 2195 1644 2235 Postea
1663 2205 1776 2234 Vero
1794 2205 1905 2245 qua—

264 2274 384 2317 tuor,
399 2266 722 2307 coadiutorum
739 2267 1049 2319 spiritualium
1070 2267 1214 2316 votis,
1233 2277 1282 2306 se
1300 2265 1671 2315 adstrinxerunt,
1693 2264 1771 2304 alii
1786 2275 1902 2304 vero

265 2343 483 2388 quatuor,
513 2338 851 2389 temporalium.
891 2337 977 2388 Qui
1012 2349 1125 2377 vero
1165 2336 1412 2377 Societatis
1444 2335 1713 2376 scholastici
1746 2334 1905 2374 idonei

266 2414 404 2459 atque
423 2408 669 2459 approbati
686 2420 787 2448 esse
808 2414 1037 2459 poterant,
1058 2419 1240 2447 necnon
1262 2413 1306 2446 et
1327 2407 1404 2458 qui
1425 2406 1518 2446 iam
1540 2407 1654 2446 duos
1676 2417 1824 2446 annos
1854 2405 1903 2445 in

265 2477 498 2518 Societate
520 2485 798 2529 exegerant,
821 2490 905 2518 sua
926 2486 1037 2518 vota
1059 2484 1400 2529 nuncuparunt.
1425 2477 1520 2517 Alii
1540 2489 1654 2516 vero
1675 2477 1805 2526 item,
1826 2476 1905 2527 qui

264 2548 470 2588 nondum
491 2548 549 2588 ad
571 2549 617 2589 id
637 2550 860 2601 temporis
881 2549 1208 2599 adimpletione
1238 2536 1564 2599 obligabantu‘r
1593 2547 1823 2596 fecerunt3
1855 2547 1903 2586 in

263 2619 429 2670 quibus
451 2620 664 2659 omnibus
686 2620 799 2660 ordo
823 2632 877 2660 ac
898 2619 1063 2669 forma,
1088 2619 1134 2658 in
1155 2618 1563 2658 constitutionibus
1584 2618 1778 2668 tradita,
1807 2629 1905 2657 ser-

263 2696 373 2729 vata
392 2697 475 2730 est.
494 2690 698 2730 Professi
718 2703 847 2740 vero,
872 2689 925 2730 R.
949 2689 1020 2739 R,
1045 2690 1075 2729 ii
1097 2696 1202 2729 sunt
1224 2689 1388 2740 spiritu
1410 2696 1453 2728 et
1475 2689 1613 2728 rebus
1635 2689 1682 2728 in
1697 2687 1901 2728 Societa-

262 2768 306 2799 te
326 2761 493 2811 gestis,
518 2761 574 2801 de
596 2761 763 2813 quibus
782 2773 956 2812 magna
978 2761 1036 2800 sit
1060 2767 1288 2811 concepta
1311 2771 1432 2811 spes.
1462 2759 1644 2810 Reliqui
1671 2770 1785 2798 vero
1814 2770 1899 2809 pro

262 2843 346 2870 suo
368 2832 560 2882 quisque
582 2844 773 2872 munere
796 2831 1020 2872 eiusmodi
1042 2838 1149 2871 sunt
1172 2831 1249 2882 qui
1270 2842 1372 2870 esse
1393 2829 1577 2869 debent.

342 2903 391 2942 In
413 2903 508 2942 divi
529 2909 683 2942 autem
706 2903 852 2943 Rochi
874 2909 968 2942 tres
989 2902 1147 2942 statim
1167 2901 1366 2953 professi
1380 2907 1487 2940 sunt
1504 2899 1758 2950 constituti,
1783 2899 1893 2939 duo-

263 2984 351 3023 que
372 2973 418 3011 in
440 2972 757 3023 spiritualibus
778 2985 833 3012 ac
855 2979 950 3012 tres
964 2973 1011 3012 in
1026 2971 1359 3023 temporalibus
1381 2971 1690 3010 coadiutores.
1712 2969 1893 3020 Reliqui
