2080 3392
328 168 398 205 380
834 168 1060 206 LirrssaAE
1087 178 1446 211 QUADRIMESTRES

329 265 498 312 tiones,
524 263 747 314 invidiae,
767 264 1132 315 desperationes,
1152 270 1248 304 tum
1263 265 1492 317 virorum,
1514 272 1611 306 tum
1631 266 1958 318 foeminarum,

328 335 519 374 minoris
540 333 660 374 forte
681 334 896 385 periculi,
920 335 1012 374 imo
1033 340 1077 374 et
1097 335 1332 385 gravioris
1353 335 1399 375 in
1429 337 1683 386 nonnullis,
1709 337 1876 388 quippe
1898 337 1958 377 ad

327 406 566 456 propriam
586 405 672 444 sibi
692 405 839 457 vitam
861 405 1175 454 adimendam,
1200 406 1399 446 CHR1sTo
1417 405 1630 457 juvante,
1660 407 1822 447 sedata
1850 414 1957 448 sunt

328 482 464 526 atque
485 475 737 515 exstincta:
761 475 863 514 aliis
884 475 1080 527 denique
1102 475 1193 515 alia
1214 482 1320 516 sunt
1341 476 1524 525 effecta3
1549 489 1735 529 nempe,
1758 477 1960 518 fornica-

326 552 466 594 tores,
490 545 702 596 adulteri,
727 546 1059 595 concubinarii,
1077 552 1307 597 raptores,
1327 547 1506 597 illisque
1524 549 1667 587 multo
1684 547 1955 598 deterioreS,

325 617 547 656 haeretici
568 628 661 656 non
682 617 842 667 pauci,
867 616 924 656 ab
940 616 1198 667 iniquitate,
1217 616 1428 668 perfidia,
1449 617 1715 668 impuritate
1731 624 1775 658 et
1792 618 1959 669 rapina

324 688 634 738 resipuerunt.
677 686 889 737 Plerique
923 698 1039 726 vero
1067 698 1231 727 eorum
1257 687 1618 738 frequentiorem
1644 689 1959 739 postmodum,

324 764 436 809 puta
464 758 896 808 hebdomadariam,
927 762 1237 806 menstruam,
1267 758 1556 806 bimestrem,
1587 765 1674 799 etc.
1707 758 1956 799 confessio-

323 841 428 869 nem
450 829 642 868 subinde
664 834 892 880 repetunt.
916 828 1049 868 Duae
1078 840 1190 868 vero
1213 828 1334 868 inter
1365 829 1449 868 hos
1471 829 1753 879 insigniores
1781 830 1955 871 adulte-

323 911 403 939 rae
438 900 709 949 extiterunt,
740 911 890 950 neque
918 910 1091 949 genere
1120 910 1269 950 neque
1296 899 1484 939 fortuna
1511 899 1762 951 ignobiles,
1794 900 1959 952 flagitii

323 976 476 1010 autem
498 970 734 1020 adulterii,
768 969 1102 1010 veneficiorum
1132 976 1271 1021 atque
1302 969 1348 1009 id
1377 981 1526 1021 genus
1554 971 1782 1010 scelerum
1809 971 1958 1023 inqui·

323 1041 618 1081 natissimae:
662 1042 809 1081 altera
844 1040 1072 1092 siquidem
1115 1041 1271 1080 multis
1312 1041 1448 1080 annis
1494 1041 1666 1092 duplici
1710 1042 1956 1082 moechata

323 1112 565 1162 adulterio,
589 1112 737 1151 altera
758 1111 1005 1162 pauciores
1033 1111 1219 1162 quidem
1248 1122 1419 1158 annOS,
1453 1112 1533 1151 sed
1564 1112 1719 1151 multis
1750 1118 1956 1152 scortum

322 1183 476 1234 procis
510 1183 722 1234 exposita
755 1182 854 1222 fuit.
890 1182 959 1222 Ea
986 1188 1144 1222 tamen
1174 1182 1370 1222 istarum
1398 1182 1520 1233 apud
1547 1194 1631 1222 nos
1663 1183 1746 1222 sub
1778 1183 1957 1223 confes-

322 1254 450 1293 sione
474 1254 636 1304 (quam
656 1260 706 1293 ut
736 1254 1009 1293 simularent
1033 1253 1088 1293 de
1113 1265 1241 1292 more
1264 1264 1346 1292 suo
1377 1253 1686 1303 advenerant)
1710 1254 1958 1294 conversio

322 1331 459 1376 atque
481 1324 805 1375 resipiscentia
837 1324 1007 1374 extitit,
1031 1330 1104 1374 ut,
1134 1323 1528 1374 frequentioribus
1562 1329 1667 1375 post
1703 1323 1953 1364 confessio-

320 1395 475 1441 nibus,
505 1396 660 1435 multis
688 1394 965 1446 lachrymis,
990 1395 1036 1434 in
1059 1394 1224 1434 altaris
1255 1394 1475 1434 convivio
1505 1394 1663 1444 rigare
1692 1395 1834 1445 pedes
1865 1394 1957 1435 Do-

321 1467 432 1506 mini
453 1478 546 1506 non
568 1466 798 1506 desinant.
830 1465 926 1505 Nec
957 1477 1124 1505 vereor
1154 1465 1265 1516 quin
1297 1465 1489 1504 dimissa
1520 1465 1611 1505 sint
1639 1472 1682 1505 et
1710 1465 1822 1516 ipsis
1853 1477 1954 1516 pec-

321 1547 425 1577 cata
448 1538 605 1586 multa,
631 1536 816 1588 quando
838 1537 1034 1576 multum
1055 1536 1267 1587 diligunt.
1292 1536 1453 1587 Neque
1470 1537 1667 1576 alterum
1689 1536 1955 1587 quemdam,

322 1609 408 1648 etsi
446 1608 662 1658 festinus,
706 1607 860 1647 adhuc
898 1596 1093 1646 tacitum
1132 1607 1419 1658 praeteribo,
1462 1606 1539 1658 qui
1580 1606 1740 1646 decem
1783 1613 1861 1646 aut
1901 1619 1955 1647 eo

321 1679 518 1730 amplius
550 1690 698 1719 annos
719 1678 986 1718 foedissime
1007 1678 1054 1718 in
1075 1678 1389 1718 concubinatu
1420 1679 1657 1717 volutatus
1688 1683 1952 1729 corruptus-

319 1761 427 1801 que,
466 1751 605 1801 gravi
631 1750 820 1790 tandem
842 1749 1003 1789 morbo
1025 1749 1307 1799 flagitiosam
1339 1749 1650 1800 increpitante
1681 1749 1841 1799 vitam,
1873 1749 1956 1788 vix

320 1823 395 1862 vel
416 1822 483 1861 sic
505 1821 698 1861 affectus
718 1820 867 1871 potuit
896 1832 922 1860 a
950 1819 1237 1859 confessario
1274 1818 1443 1859 adduci
1470 1825 1519 1859 ut
1546 1820 1621 1858 Vel
1651 1819 1697 1858 in
1726 1825 1949 1867 extremo,

320 1893 443 1945 quod
469 1903 693 1944 praesens
725 1891 1044 1940 incumbebat,
1077 1890 1203 1930 vitae
1231 1896 1275 1930 et
1303 1890 1467 1929 salutis
1500 1890 1793 1940 discrimine,
1830 1889 1955 1929 foca-

319 1966 436 2005 riam
455 1964 720 2011 dimitteret,
744 1962 931 2011 dimisit,
959 1972 1143 2001 omnem
1165 1960 1522 2000 fornicationem
1539 1960 1787 2012 abjuravit,
1808 1972 1956 2012 eoque

319 2042 554 2086 postremo
577 2033 754 2073 infinita
776 2032 865 2072 Dei
886 2032 1131 2072 clementia
1153 2031 1359 2080 devenit,
1385 2038 1435 2070 ut
1454 2031 1845 2082 gravissimorum
1866 2031 1955 2071 sibi

321 2106 535 2146 conscius
556 2105 806 2154 scelerum,
832 2103 919 2142 sibi
940 2108 1065 2142 totus
1087 2102 1277 2152 diffisus,
1301 2113 1483 2141 summa
1504 2103 1551 2142 in
1578 2101 1666 2142 Dei
1694 2102 1952 2142 misericor-

321 2178 397 2218 dia
418 2176 586 2217 fiducia
614 2181 831 2222 mortem‚
862 2180 959 2214 tum
985 2174 1031 2213 in
1059 2173 1236 2224 flagitia
1269 2174 1745 2223 animadversionem,
1779 2180 1876 2213 tum
1907 2174 1954 2213 in

320 2249 524 2289 futuram
560 2258 743 2287 omnem
779 2246 966 2286 divinae
1002 2244 1205 2285 offensae
1242 2245 1506 2285 cautionem
1541 2251 1586 2285 et
1612 2245 1794 2295 fugam,
1829 2245 1952 2284 vitae

321 2320 407 2371 ipsi
429 2319 487 2369 (si
508 2319 573 2358 sic
602 2316 702 2357 Deo
721 2316 926 2368 placeat)
948 2316 1276 2367 praeelegerit,
1297 2316 1555 2367 laetiorque
1578 2323 1636 2366 et,
1656 2327 1794 2367 quam
1813 2321 1859 2355 ut
1876 2327 1953 2355 ex-

321 2391 495 2442 plicare
517 2400 699 2440 queam,
732 2386 1025 2437 tranquillior
1052 2398 1155 2425 eam
1185 2385 1323 2426 fuerit
1351 2387 1736 2438 praeamplexus;
1759 2387 1823 2426 ita
1840 2398 1954 2426 sane

321 2468 369 2501 ut
391 2460 544 2510 Pater,
575 2459 651 2511 qui
672 2456 950 2498 moribundo
971 2462 1108 2508 atque
1132 2457 1291 2507 agenti
1313 2457 1517 2497 animam
1540 2457 1707 2505 astitit,
1740 2468 1844 2496 eam
1874 2457 1953 2496 ho-

322 2533 493 2572 minem
528 2536 724 2570 mortem
759 2539 949 2580 passum
983 2527 1202 2578 affirmet,
1241 2528 1315 2567 cui
1350 2540 1483 2568 nemo
1519 2540 1610 2567 non
1650 2528 1858 2568 invideat
1896 2539 1953 2566 ac

321 2602 595 2654 gratuletur.
620 2599 711 2640 Sed
738 2600 854 2639 haec
883 2599 938 2638 de
965 2597 1189 2649 ejusmodi
1219 2599 1437 2638 videntur
1467 2599 1697 2650 sufficere,
1728 2610 1820 2638 non
1842 2609 1952 2649 pau·

322 2685 401 2713 cas
436 2672 558 2711 enim
594 2671 783 2710 chartas
818 2670 1054 2720 expleam,
1086 2669 1124 2709 si
1150 2669 1422 2720 singillatim
1456 2676 1624 2709 cuncta
1661 2680 1948 2709 recenseam.

323 2743 385 2783 At
406 2754 529 2782 nunc
550 2741 606 2780 de
629 2741 815 2781 scholis.

404 2812 583 2852 Paucos
605 2811 809 2862 quidem,
834 2822 998 2861 nempe
1029 2810 1269 2860 octoginta
1290 2810 1393 2861 plus
1415 2810 1566 2850 minus
1594 2810 1816 2849 habemus
1848 2810 1856 2828 ¹
1886 2809 1952 2849 di-

379 2972 385 2990 ¹
429 2970 618 2996 Habuimus
635 2969 815 2995 hactenus.
835 2968 1010 2995 Polancus.
