2080 3392
291 192 363 229 298
804 188 1030 225 LITTERAE
1057 195 1414 229 QUADRIMESTRES

972 635 1257 691 GCXXIV

366 868 414 905 P.
437 867 630 914 Joannes
650 866 871 904 Gonzalez

415 932 536 970 Patri
553 932 722 979 Ignatio
743 931 796 968 de
815 931 1001 978 Loyola.

462 996 746 1043 Salmantica,
769 996 813 1033 10
834 996 935 1043 Maji
956 995 1048 1033 1553
1065 995 1090 1030 ¹.

1072 1254 1170 1296 IHS

376 1489 542 1530 Gratia
564 1501 622 1529 ex
643 1500 739 1540 pax
760 1487 933 1528 domini
954 1486 1105 1526 nostri
1125 1486 1235 1538 Jesu
1267 1484 1441 1525 Christi
1472 1489 1515 1523 et
1545 1483 1802 1524 consolatio
1829 1494 1933 1522 san-

294 1561 357 1600 cti
379 1561 568 1612 spiritus
590 1560 648 1599 sit
671 1570 858 1609 semper
877 1557 1136 1597 nobiscum.
1161 1555 1328 1596 Amen.

375 1632 623 1682 Nunquam
659 1636 812 1670 cessat
846 1628 1075 1668 Dominus
1110 1638 1251 1677 agere
1277 1626 1522 1666 nobiscum
1550 1624 1932 1673 misericorditer,

296 1702 604 1755 impartiendo
626 1701 759 1741 nobis
780 1699 1010 1752 quaedam
1033 1711 1090 1738 ex
1112 1699 1206 1747 his,
1232 1709 1351 1749 quae
1374 1697 1433 1737 ad
1459 1708 1572 1736 suae
1602 1695 1929 1736 sanctissimae

295 1774 472 1825 gloriae
500 1779 543 1813 et
572 1772 764 1812 honoris
798 1770 1156 1810 illustrationem
1191 1769 1437 1820 pertinent.
1474 1767 1646 1808 Vocati
1682 1778 1821 1817 saepe
1856 1777 1930 1805 ac-

295 1844 526 1885 currimus
546 1843 632 1887 his.
658 1842 735 1894 qui
754 1842 802 1881 in
832 1852 983 1891 agone
1010 1840 1174 1880 mortis
1201 1845 1307 1879 sunt
1329 1837 1590 1886 constituti,
1615 1836 1932 1877 custodientes

294 1925 629 1965 nonnunquam
664 1924 804 1964 super
835 1924 914 1952 eos
948 1911 1139 1962 vigilias
1168 1910 1339 1960 noctis,
1378 1908 1563 1960 quando
1597 1908 1857 1948 necessitas
1890 1912 1935 1946 et

294 1986 500 2026 charitas
527 1985 572 2024 id
600 1984 789 2035 exigere
820 1983 1053 2023 videntur.
1084 1982 1237 2033 Atque
1264 1981 1339 2021 hic
1368 1981 1485 2020 solet
1520 1978 1751 2019 Dominus
1787 1978 1933 2029 (quae

297 2057 384 2097 sibi
404 2063 473 2096 est
506 2056 738 2095 humanae
775 2054 937 2094 salutis
969 2053 1120 2103 cura),
1140 2053 1237 2103 hic,
1261 2053 1471 2103 inquam,
1503 2051 1619 2090 solet
1650 2050 1719 2100 (ut
1752 2049 1933 2100 experti

297 2127 534 2176 novimus>
556 2132 599 2166 et
627 2125 871 2166 morientis
892 2109 1101 2175 periculo
1124 2129 1168 2177 et
1191 2122 1486 2163 admonentis
1514 2120 1841 2160 exhortatione
1865 2131 1934 2159 re-

299 2199 469 2238 ducere
503 2197 684 2248 aliquos
715 2194 1117 2251 circumstantium
1149 2193 1206 2233 ad
1238 2192 1574 2244 poenitentiam
1601 2191 1726 2231 vitae
1756 2196 1935 2242 praete-

298 2269 439 2319 ritae,
473 2268 532 2308 ad
566 2267 909 2307 correctionem
945 2265 1148 2314 futurae,
1187 2265 1245 2304 ad
1279 2269 1457 2303 rectam
1490 2263 1686 2314 denique
1714 2262 1842 2301 Viam
1869 2261 1933 2300 in—

299 2347 459 2380 ternae
481 2339 660 2388 salutis
686 2338 745 2378 ad
767 2337 1098 2385 confessiones
1125 2335 1183 2375 ad
1204 2334 1429 2374 exercitia
1446 2334 1723 2385 spiritualia,
1749 2332 1932 2372 demum

300 2417 344 2450 et
367 2410 425 2449 ad
446 2409 736 2460 religionem.

382 2481 485 2520 Hac
508 2480 585 2520 via
605 2479 714 2519 fecit
734 2489 858 2518 nunc
880 2477 1110 2517 Dominus
1132 2482 1180 2515 ut
1203 2475 1390 2527 quidam
1412 2476 1458 2515 in
1486 2475 1558 2514 his
1588 2474 1798 2526 partibus
1828 2473 1933 2513 insi-

301 2551 406 2602 gnis
433 2557 477 2590 et
509 2550 727 2601 egregius
757 2549 963 2589 musicus
990 2546 1018 2598 ²,
1051 2547 1128 2598 qui
1157 2546 1212 2586 ab
1244 2558 1390 2586 uxore
1418 2546 1511 2585 iam
1543 2544 1620 2584 diu
1655 2544 1932 2594 divertebat,

356 2710 366 2730 ¹
413 2710 600 2743 Exemplar
623 2708 894 2743 autographum,
917 2707 1013 2733 unico
1035 2707 1113 2733 folio
1135 2710 1304 2738 constan5‚
1326 2705 1387 2732 sub
1408 2712 1439 2731 n.
1462 2704 1524 2731 4116.
1547 2704 1661 2736 Plura,
1684 2711 1745 2738 pro
1761 2710 1852 2730 more
1869 2711 1928 2730 suo

304 2758 339 2784 P.
356 2758 523 2784 Polancus
540 2757 572 2783 in
593 2757 655 2783 hoc
671 2756 857 2789 exemplari
874 2754 1079 2787 emendavit,
1103 2757 1135 2780 et
1154 2761 1194 2779 ex
1211 2753 1281 2786 ipso
1299 2753 1346 2779 sic
1366 2752 1544 2779 emendato
1559 2773 1563 2784 ,
1579 2751 1671 2778 aliud
1692 2751 1935 2784 transcriptum

303 2810 353 2832 est
364 2827 370 2838 ,
386 2805 473 2839 quod
488 2808 689 2831 asservatur
705 2804 736 2830 in
758 2804 831 2836 ipso
846 2802 1016 2829 volumine
1031 2800 1342 2835 quadrimestrium,
1360 2807 1391 2826 n.
1407 2799 1506 2826 4413.—
1516 2798 1645 2826 Harum
1662 2798 1935 2824 emendationum

304 2860 408 2879 unam
428 2853 630 2884 alteramve,
648 2851 725 2884 quia
740 2851 891 2877 utilitate
906 2856 968 2876 sua
979 2856 1043 2875 non
1062 2852 1169 2880 caret,
1185 2848 1407 2875 indicabimus
1421 2847 1464 2873 ad
1478 2846 1624 2880 paginae
1641 2846 1779 2872 calcem.

359 2900 372 2918 2
411 2899 591 2933 Sapienter
614 2899 780 2925 Polancus
805 2898 868 2924 has
889 2904 992 2924 voces
1014 2898 1046 2923 et
1062 2896 1226 2929 egregius
1247 2896 1404 2922 musicus
1425 2894 1564 2921 delevit.
1586 2893 1659 2920 Hac
1682 2893 1769 2919 enim
1792 2892 1847 2919 vel
1862 2893 1936 2919 sola

304 2950 386 2973 nota
400 2946 498 2973 facile
520 2946 552 2973 in
568 2953 682 2972 eorum
698 2949 861 2977 mentem,
884 2945 938 2978 qui
954 2945 1016 2971 has
1037 2943 1174 2971 litteras
1190 2947 1268 2970 tunc
1284 2941 1447 2976 temporis
1461 2941 1642 2975 legissent.
1659 2939 1775 2966 venire
1798 2942 1935 2973 poterat

307 2994 381 3027 quis
395 2994 451 3020 ille
468 2998 556 3020 esset
573 2993 612 3020 de
629 3001 692 3027 quo
708 2993 762 3019 hic
778 2992 813 3019 fit
830 2999 951 3019 sermo.
