2080 3392
259 177 329 216 486
770 174 997 210 LITTERAE
1024 180 1381 214 QUADR1MESTRES

261 281 380 315 sunt.
405 272 617 322 Denique
639 283 719 322 pes
747 277 896 320 totus,
929 269 1093 309 eodem
1119 268 1281 308 morbo
1310 267 1694 318 comprehensus,
1726 278 1898 307 novem

262 343 483 384 cauteriis
505 342 698 382 adustus
721 341 970 392 multisque
992 340 1038 379 in
1058 338 1270 391 partibus
1291 338 1452 377 cultris
1469 337 1688 377 tonsoriis
1711 344 1898 377 secatus

262 420 344 455 est.
368 412 666 453 Minabantur
688 417 933 463 praeterea
953 410 1018 450 illi
1040 415 1238 449 mortem
1265 408 1494 459 chirurgi3
1525 408 1749 447 timebant
1776 408 1899 448 enim

264 496 319 524 ne
341 483 538 535 putredo
560 483 638 522 illa
665 482 889 533 paulatim
919 480 978 521 ad
1008 480 1232 520 interiora
1262 490 1408 530 usque
1438 484 1660 529 serperet.
1687 478 1806 517 Tum
1826 478 1901 517 ille

264 554 453 595 tandem
473 554 519 593 in
540 559 698 593 tantas
719 552 921 603 undique
939 551 1183 602 angustias
1199 549 1419 589 redactus
1437 548 1496 588 ad
1512 560 1561 588 se
1578 548 1736 599 rediit,
1756 559 1901 599 quan-

266 625 415 676 tisque
450 624 497 663 in
531 623 769 663 erroribus
803 628 848 662 et
882 621 1087 662 tenebris
1121 625 1411 669 versaretur,
1452 619 1698 668 intellexit3
1737 618 1900 658 Recto-

266 706 456 746 remque
477 700 688 734 nostrum
706 691 1010 743 accirijubet,
1036 704 1062 731 a
1085 703 1175 743 quo
1193 690 1375 742 peccati
1391 689 1578 730 Veniam
1596 701 1777 729 summa
1794 701 1900 729 cum

267 766 527 806 humilitate
561 771 747 816 petens,
779 776 851 814 en,
885 764 1052 814 inquit,
1085 775 1158 802 me
1192 768 1299 801 tuae
1336 761 1627 801 obedientiae
1664 760 1901 809 submitto;

269 849 359 889 quo
390 848 463 877 me
491 835 717 885 volueris,
748 835 902 885 mitte3
931 834 1007 874 Vel
1037 833 1132 884 hic,
1162 833 1237 872 Vel
1267 832 1396 880 alibi,
1428 831 1706 881 ubicumque
1735 830 1903 870 consti-

269 908 433 958 tueris,
457 907 652 947 libenter
674 906 897 956 maneb03
921 904 1171 945 dummodo
1190 904 1359 943 iterum
1374 903 1422 942 in
1436 901 1719 942 Societatem
1742 900 1903 941 admit-

270 986 357 1019 tar.
388 978 592 1029 Negavit
620 989 669 1017 se
698 977 744 1017 id
771 977 926 1016 facere
963 987 1101 1027 posse
1135 974 1294 1025 Pater,
1328 984 1434 1013 cum
1463 985 1490 1012 a
1522 978 1566 1012 te
1601 973 1906 1012 constitutum

272 1055 393 1090 esset
414 1055 462 1089 ut
483 1049 568 1099 illi,
593 1048 690 1100 qui,
710 1047 807 1099 jam
835 1046 987 1098 ejecti,
1022 1046 1189 1086 iterum
1217 1050 1372 1085 essent
1406 1044 1453 1084 in
1483 1031 1764 1084 Societatem
1791 1043 1906 1082 reci-

272 1120 448 1172 piendi,
480 1119 678 1159 Romam
707 1119 826 1159 irent
857 1117 882 1155 ¹.
915 1117 1006 1158 Sed
1037 1128 1085 1157 se
1116 1117 1205 1156 hac
1236 1115 1292 1155 de
1322 1127 1371 1155 re
1402 1115 1461 1155 ad
1491 1114 1539 1154 P.
1573 1113 1788 1154 Natalem
1810 1113 1905 1165 (qui

268 1191 364 1244 jam
385 1190 680 1240 discesserat)
699 1191 984 1241 scripturum
1000 1188 1128 1228 dixit.
1149 1188 1322 1228 Laetus
1339 1187 1413 1226 ille
1431 1186 1545 1226 satis
1562 1186 1754 1230 mansit.
1780 1185 1906 1236 quod

273 1263 428 1314 aliqua
459 1262 611 1302 adhuc
640 1274 689 1302 se
719 1261 767 1301 in
794 1259 1075 1300 Societatem
1105 1258 1444 1299 admittendum
1470 1268 1577 1308 spes
1608 1257 1821 1306 daretur3
1845 1261 1906 1306 et,

273 1334 397 1386 quod
426 1333 639 1373 miraculi
666 1334 769 1372 loco
798 1331 961 1371 haberi
989 1336 1161 1382 potest,
1194 1336 1440 1389 postquam
1469 1328 1544 1368 ille
1573 1327 1723 1367 nostri
1760 1326 1912 1367 Patris

273 1406 494 1457 potestati
530 1416 578 1445 se
614 1404 836 1454 subdidit,
873 1403 990 1455 pede
1028 1402 1260 1451 abscisso,
1298 1412 1392 1441 non
1426 1400 1547 1440 ultra
1577 1398 1773 1450 putredo
1809 1410 1912 1449 pro-

274 1488 438 1528 gressa
460 1482 553 1526 est,
578 1487 682 1515 cum
703 1482 860 1514 tamen
888 1480 1041 1523 antea,
1067 1472 1225 1523 digitis
1247 1472 1387 1511 etiam
1417 1470 1611 1519 secatis,
1636 1469 1774 1509 latius
1796 1480 1911 1508 sem-

274 1559 357 1599 per
388 1546 673 1595 funderetur,
709 1552 752 1585 et
789 1545 964 1585 frustra
1000 1550 1146 1583 totum
1175 1543 1341 1594 pedem
1377 1540 1712 1592 amputandum
1744 1539 1912 1580 medici

274 1618 616 1668 existimarent,
641 1617 764 1668 quod
784 1616 961 1656 nullam
982 1615 1045 1654 illi
1068 1614 1230 1654 morbo
1252 1612 1531 1653 medicinam
1557 1611 1753 1662 reperiri
1774 1621 1911 1662 posse

274 1689 627 1729 arbitrarentur.
654 1687 771 1728 Cum
792 1692 948 1726 autem
968 1685 1199 1726 secandus
1223 1683 1309 1724 fuit
1335 1695 1439 1735 pes,
1472 1682 1658 1732 rogavit
1687 1682 1762 1721 ille
1794 1681 1913 1721 mitti

275 1772 332 1800 ex
352 1760 525 1800 nostris
547 1759 767 1809 aliquem,
792 1758 869 1809 qui
891 1758 932 1797 ei
953 1757 1151 1797 adesset.
1184 1755 1314 1795 Missi
1334 1760 1441 1794 sunt
1471 1760 1627 1793 autem
1650 1752 1912 1804 presbyteri

275 1831 386 1881 duo,
412 1831 488 1882 qui
510 1841 635 1879 cum,
660 1830 770 1869 dum
790 1841 871 1880 pes
893 1827 1267 1877 abscinderetur,
1290 1826 1401 1879 Jesu
1423 1836 1592 1865 nomen
1622 1823 1809 1874 saepius
1834 1823 1913 1863 ite-

275 1908 457 1952 rarent,
481 1907 662 1941 tantum
683 1901 757 1940 ille
779 1899 896 1939 dixit
917 1899 1072 1938 animo
1090 1910 1139 1937 se
1162 1897 1304 1938 robur
1321 1896 1574 1947 sumpsisse
1595 1901 1644 1934 ut
1666 1893 1912 1934 abscissio-

276 1973 348 2013 nis
369 1972 580 2012 dolorem
601 1972 745 2011 ullum
773 1970 855 2010 vix
884 1969 1099 2009 senserit.
1129 1968 1211 2008 Est
1239 1967 1390 2007 adhuc
1424 1967 1470 2006 in
1500 1965 1814 2015 xenodochio,
1852 1964 1915 2003 in-

276 2044 525 2095 visuntque
557 2054 662 2082 eum
689 2041 941 2093 aliquando
971 2040 1163 2089 fratres,
1194 2050 1311 2090 quos
1342 2038 1416 2078 ille
1448 2037 1609 2077 beatos
1645 2048 1700 2076 ac
1734 2035 1908 2086 felices,

277 2116 659 2167 quotiescumque
681 2113 830 2163 videt,
856 2113 951 2152 alta
972 2123 1091 2151 voce
1115 2111 1332 2161 appellat.

358 2185 487 2225 Haec
523 2191 649 2234 sunt,
680 2182 972 2223 observande
1000 2182 1046 2222 in
1076 2181 1158 2221 ΚΡ
1186 2186 1340 2232 pater,
1365 2191 1485 2231 quae
1505 2189 1630 2218 nunc
1666 2177 1914 2217 scribenda

280 2262 547 2297 occurrunt.
578 2255 717 2295 Faxit
748 2254 978 2294 Dominus
1012 2258 1062 2292 ut
1097 2263 1280 2302 semper
1310 2251 1651 2290 incrementum
1686 2248 1733 2287 in
1755 2247 1919 2287 melius

281 2327 436 2367 omnia
467 2331 666 2366 sumant.
697 2325 771 2365 Ad
792 2324 916 2375 quod
937 2329 1122 2363 tuarum
1149 2333 1339 2373 precum
1369 2327 1412 2360 et
1440 2319 1819 2360 obsecrationum
1841 2329 1917 2357 au-

281 2398 450 2438 xilium
470 2397 702 2448 supplices
724 2396 1042 2446 imploramus.

367 2468 499 2508 Vale.
524 2466 841 2516 Conimbriae,
866 2464 930 2504 3.⁰
954 2463 967 2482 '²
988 2463 1182 2504 Kalend.
1207 2462 1440 2515 Januarii,
1469 2460 1584 2501 1554.

367 2539 437 2579 Ex
459 2537 787 2578 commissione
809 2535 1075 2586 Superioris

1307 2603 1558 2645 NICOLAUS.

343 2747 352 2766 ¹
394 2746 512 2772 Verba
527 2745 611 2771 haec
628 2750 706 2770 cum
724 2750 743 2768 a
761 2744 794 2768 te
811 2742 1041 2768 constitutum
1059 2743 1153 2768 esset
1169 2742 1205 2767 ut
1221 2740 1287 2772 illi,
1303 2739 1461 2774 qui,]'am
1478 2737 1591 2773 ejecti,
1607 2737 1737 2763 iterum
1754 2735 1871 2762 essent
1885 2734 1921 2760 in

293 2794 503 2820 Societatem
521 2789 749 2821 admittendi,
766 2789 917 2815 Romam
935 2789 1046 2820 irent,
1061 2788 1149 2815 linea
1165 2794 1266 2822 super
1281 2787 1383 2813 ducta
1404 2785 1517 2812 deleta
1542 2788 1619 2811 sunt
1641 2784 1673 2810 in
1696 2781 1922 2816 autographo,

290 2845 323 2868 et
340 2840 558 2867 nihilominus
576 2839 608 2865 in
630 2837 867 2871 apographum
884 2836 1105 2870 transcripta.
1122 2835 1171 2862 De
1187 2836 1252 2862 hac
1268 2842 1304 2861 re
1321 2834 1397 2861 vide
1414 2833 1581 2865 POLANCO,
1607 2831 1795 2858 chronicon
1807 2850 1816 2861 ,
1831 2832 1858 2856 t.
1876 2835 1923 2861 111,

293 2895 368 2922 paq.
384 2888 445 2918 410,
463 2895 494 2913 n.
511 2886 574 2913 971.

347 2936 360 2954 *2
398 2935 474 2961 Vox
493 2934 715 2962 Conimbriae
730 2932 847 2959 addita
864 2935 913 2958 est
930 2931 962 2958 in
975 2930 1194 2965 autographo
1210 2936 1229 2956 a
1246 2929 1283 2956 P.
1299 2929 1464 2961 Polanco;
1480 2926 1532 2954 3.⁰
1547 2931 1660 2953 autem
1681 2925 1776 2951 deest
1798 2924 1829 2950 in
1850 2930 1926 2958 apo-

292 2982 438 3017 grapho.
