2080 3392
298 193 368 231 436
803 191 1028 228 LITTERAE
1057 201 1413 233 QUADmMESTREs

1013 640 1207 695 GOLV

371 868 417 906 P.
439 869 632 916 Jacobus
652 869 796 906 Miron

417 935 538 972 Patri
555 934 723 982 Ignatio
743 934 795 971 de
814 934 998 981 Loyola.

463 999 809 1047 Ulyssipone‚‚10
827 997 1028 1036 Octobris
1049 998 1142 1034 1553
1161 998 1185 1034 ¹.

378 1421 491 1472 Muy
518 1419 619 1459 Rd0
640 1420 806 1459 Padre.

379 1491 448 1531 La
474 1502 576 1542 gra.
607 1503 638 1542 y
664 1502 752 1541 paz
778 1489 834 1529 de
861 1488 983 1540 Xpo.
1013 1500 1114 1528 nro.
1144 1487 1291 1529 Sefior
1317 1500 1396 1529 sea
1427 1489 1626 1540 siempre
1656 1500 1714 1528 en
1740 1493 1936 1528 nuestro

301 1563 520 1603 continuo
541 1562 678 1601 fauor
698 1573 729 1612 y
750 1560 918 1611 ayuda.
944 1559 1112 1599 Amen.

379 1632 467 1673 Sea
489 1631 676 1672 bendito
697 1631 813 1670 Dios
838 1630 989 1670 Padre
1011 1630 1066 1669 de
1088 1629 1210 1681 Xpo.
1241 1641 1340 1670 nro.
1371 1629 1518 1670 Senor
1542 1629 1692 1669 Padre
1720 1630 1775 1669 de
1798 1629 1930 1669 mise-

300 1703 502 1744 ricordia
525 1716 554 1755 y
575 1703 691 1743 Dios
714 1702 769 1741 de
790 1701 901 1741 toda
922 1701 1215 1741 consolation
1234 1714 1265 1753 y
1287 1701 1343 1741 de
1363 1702 1473 1741 toda
1494 1700 1652 1741 virtud
1679 1713 1710 1752 y
1736 1712 1931 1741 renoua-

299 1775 392 1815 tion
415 1788 446 1826 y
468 1779 720 1824 augmento
742 1772 997 1824 espiritual.

378 1846 449 1886 En
471 1850 593 1884 estos
615 1850 781 1895 quatro
803 1854 970 1893 meses,
993 1842 1143 1882 Paclre
1164 1848 1369 1893 nuestro‚
1392 1843 1616 1883 hauemos
1643 1855 1701 1883 en
1721 1844 1762 1882 el
1783 1841 1932 1882 Senor

300 1929 398 1957 nro.
424 1927 534 1967 muy
556 1916 842 1954 clai-amente
863 1913 1244 1965 experimentado
1267 1914 1311 1953 lo
1340 1925 1427 1964 que
1449 1914 1649 1965 siempre
1671 1924 1881 1953 creemos
1901 1926 1932 1964 y

301 1987 524 2027 sentimos
560 1988 683 2037 quan
720 1984 899 2035 grande
927 1997 958 2035 y
986 1984 1161 2035 special
1191 1995 1293 2035 gra.
1322 1997 1353 2035 y
1379 1983 1664 2035 benignidad
1694 1996 1784 2035 aya
1815 1996 1932 2024 mos-

303 2059 437 2099 trado
455 2069 555 2097 nra.
580 2056 688 2107 guia
707 2068 737 2106 y
759 2061 962 2095 maestro
982 2055 1093 2107 Jesu
1114 2054 1235 2107 Xpo.
1260 2067 1317 2095 en
1338 2061 1437 2095 esta
1459 2067 1620 2095 menor
1640 2062 1773 2107 parte
1795 2055 1850 2095 de
1877 2066 1931 2095 su

301 2130 490 2171 minima
507 2129 723 2179 copania.
742 2126 903 2167 Gloria
921 2139 952 2177 y
969 2127 1198 2176 alabanca
1216 2129 1243 2166 a
1260 2138 1314 2166 su
1331 2126 1489 2166 diuina
1504 2127 1692 2166 bondad
1710 2139 1739 2177 y
1758 2126 1932 2166 miseri-

301 2201 475 2241 cordia.
491 2198 729 2242 Sabemos.
746 2196 896 2237 Padre
908 2203 1114 2248 nuestro,
1128 2197 1198 2237 las
1212 2197 1535 2237 tribulationes
1550 2209 1637 2248 que
1656 2208 1739 2247 por
1758 2197 1932 2248 special

300 2283 402 2324 gra.
423 2269 510 2322 [de]
530 2282 583 2309 su
600 2269 757 2309 diuina
775 2268 1067 2319 prouidentia
1085 2269 1304 2319 padescio
1321 2268 1381 2308 V.
1400 2268 1448 2308 P.
1469 2281 1499 2319 y
1517 2272 1648 2308 antes
1667 2280 1754 2319 que
1771 2274 1931 2318 cogre-

301 2353 438 2393 gasse
460 2343 503 2381 la
525 2341 739 2391 copania3
762 2352 793 2390 y
814 2339 1037 2379 sentimos
1057 2339 1101 2378 lo
1123 2350 1210 2390 que
1233 2351 1291 2379 en
1308 2340 1421 2379 ellas
1441 2339 1551 2392 Jesu
1569 2339 1690 2390 Xpo.
1719 2351 1930 2379 accomo—

302 2414 423 2453 daua
439 2425 470 2463 y
487 2422 750 2463 preparaua
766 2411 806 2450 61
822 2410 996 2461 primes
1012 2409 1312 2449 fundamento
1325 2409 1380 2450 de
1394 2422 1448 2450 su
1466 2412 1678 2461 copania.
1693 2410 1933 2450 Hauemos

301 2484 449 2523 vistas
476 2484 544 2522 las
571 2481 893 2521 tribulationes
922 2484 947 2520 0
976 2481 1373 2520 contradictiones
1404 2480 1459 2520 de
1486 2482 1530 2520 la
1562 2483 1759 2532 copafiia
1790 2479 1930 2520 desde

302 2555 342 2594 el
375 2553 604 2605 principio
638 2551 693 2591 de
728 2563 782 2591 su
811 2551 1169 2601 congregation,
1205 2564 1236 2602 y
1269 2562 1353 2602 por
1388 2552 1502 2591 ellas
1537 2551 1578 2591 el
1615 2557 1855 2602 augmeto,
1889 2550 1932 2590 el

354 2713 365 2732 ἱ
404 2712 517 2739 Tertia
529 2716 606 2738 sunt
622 2711 721 2745 hujus
737 2710 902 2744 epistolae
919 2710 1084 2744 exempla.
1102 2710 1260 2744 Primum,
1275 2710 1538 2744 autographum,
1556 2710 1699 2744 hispano
1714 2717 1879 2743 sermone,
1896 2713 1929 2736 et

301 2759 434 2793 quidem
458 2762 567 2785 totum
588 2765 690 2784 manu
711 2757 815 2791 ipsius
837 2757 951 2784 Patris
966 2756 1090 2791 Miron,
1115 2756 1149 2783 in
1170 2757 1258 2784 foliis
1274 2757 1417 2791 quinque
1433 2764 1453 2784 a
1467 2765 1498 2784 n.
1519 2757 1569 2783 571
1586 2757 1628 2784 ad
1643 2757 1705 2784 575.
1728 2756 1928 2789 Secundum,

300 2807 547 2841 apographum,
564 2806 678 2837 latine,
695 2805 728 2831 in
744 2805 821 2831 folio
835 2803 968 2838 duplici,
985 2812 1014 2831 n.
1031 2805 1083 2831 569
1098 2809 1131 2831 et
1145 2804 1207 2831 570.
1224 2804 1386 2838 Tertium,
1403 2805 1484 2831 item
1499 2805 1746 2839 apographum,
1764 2808 1796 2831 et
1812 2804 1929 2837 latine,

300 2853 333 2879 in
347 2852 426 2879 folio
442 2852 576 2886 duplici,
593 2859 645 2878 nn.
659 2851 711 2877 623
725 2855 758 2878 et
772 2851 834 2884 024,
851 2851 908 2877 sed
922 2851 1059 2878 brevius
1071 2852 1176 2878 multo
1192 2859 1292 2885 quam
1307 2851 1370 2878 duo
1385 2852 1511 2885 priora,
1528 2852 1679 2878 continet
1694 2852 1782 2878 enim
1798 2855 1929 2878 tantum

302 2902 466 2933 excerpta
482 2900 657 2933 quaedam
675 2906 718 2924 ea:
729 2898 875 2931 litteris,
889 2906 929 2925 ea
944 2898 1084 2932 scilicet,
1102 2906 1187 2932 quae
1203 2898 1473 2931 universaliora,
1488 2903 1524 2925 ut
1541 2899 1728 2932 dicebatur,
1745 2903 1821 2925 sunt
1837 2902 1869 2925 et
1883 2898 1931 2925 di-

300 2946 420 2979 gniora
436 2954 520 2980 quae
536 2946 578 2973 ad
594 2945 740 2972 omnium
761 2945 927 2972 sociorum
948 2945 1104 2973 notitiam
1127 2945 1356 2979 pervenirent.
1373 2946 1476 2979 Atqui
1499 2945 1565 2973 tria
1586 2946 1670 2972 haec
1698 2946 1853 2980 exempla
1868 2953 1932 2973 suo

301 2992 355 3018 hic
372 2992 487 3018 ordine
510 2991 736 3025 subjiciemus.
