2080 3392
803 181 886 218 AN.
917 180 1010 217 1552
1677 178 1725 214 65

76 295 188 324 >nem
208 294 236 322 a
255 281 390 322 nobis
411 280 571 330 habet;
594 279 765 330 flagrat
785 278 908 318 enim
930 277 1160 318 desiderio
1182 275 1412 327 principio
1443 275 1580 315 huius
1613 276 1723 316 anni

82 361 210 394 tuam
226 352 557 405 paternitatem
578 356 623 390 et
643 350 815 390 fratres
836 361 892 389 ac
913 354 1071 400 patres
1093 358 1315 388 romanos
1337 346 1584 386 invisendi.

165 423 360 465 Addixit
382 429 427 463 et
448 433 498 462 se
519 427 668 462 totum
699 426 887 461 nostrae
908 419 1122 459 societati
1143 419 1361 458 alumnus
1391 417 1582 469 quidam
1617 417 1722 457 ado-

84 499 288 545 lescens,
313 493 538 545 magister
566 492 736 532 artium
768 491 1012 531 nobiscum
1043 502 1096 529 eo
1128 488 1322 529 honoris
1351 488 1501 539 gradu
1534 487 1724 538 insigni-

78 574 179 617 tus,
205 564 442 618 quondam
462 563 724 604 studiorum
751 568 1019 602 nostrorum
1048 560 1239 600 intimus
1270 559 1440 609 socius,
1466 559 1597 599 cuius
1619 570 1723 598 con-

86 637 351 678 versionem
372 642 416 675 et
437 640 640 675 tractum
662 639 823 685 utpote
843 633 922 684 qui
949 631 1176 671 mirabilis
1207 631 1370 681 fuerit,
1402 630 1542 670 latius
1572 641 1726 681 perse-

81 708 163 760 qui
183 707 390 747 charitas
412 707 610 757 instigat
630 717 725 746 non
748 704 901 744 studio
924 702 1122 742 alicuius
1144 702 1419 752 iactantiae,
1444 701 1526 741 sed
1555 700 1725 752 glorifi-

83 778 221 819 candi
267 785 310 818 et
356 776 701 828 quodammodo
740 773 1041 827 gratificandi
1082 778 1179 813 tam
1219 773 1424 824 benigno
1468 779 1512 813 et
1547 772 1728 812 liberali

84 850 310 899 Domino,
352 849 430 900 qui
468 859 554 888 nos
594 847 735 887 tantis
773 846 1003 886 bonorum
1043 844 1241 884 cumulis
1278 849 1463 893 onerat,
1506 849 1557 883 ut
1591 843 1729 883 simul

85 922 139 962 R,
176 920 235 961 V.
273 919 528 960 maioribus
555 918 741 969 gaudiis
776 916 1030 957 delibutam
1065 914 1277 955 reddant.
1314 915 1428 955 Erat
1465 915 1539 954 hic
1571 915 1726 954 animo

87 998 211 1033 totus
232 1002 429 1032 aversus
451 1002 477 1029 a
499 996 663 1030 nostra
684 988 919 1029 Societate
939 1018 946 1036 ,
970 999 1028 1027 ne
1050 987 1200 1027 dicam
1233 986 1519 1034 contrarius,
1552 997 1658 1026 cum
1684 985 1727 1025 ei

83 1076 161 1104 me
182 1063 344 1104 darem
359 1095 385 1120 ,t
403 1073 568 1101 verum
590 1073 693 1101 meo
726 1060 941 1111 exemplo
963 1064 1246 1109 commotus,
1270 1058 1423 1098 subito
1451 1064 1575 1097 totus
1605 1069 1726 1098 corn-

88 1141 316 1175 mutatus:
354 1133 465 1185 quid
500 1133 672 1172 multa?
707 1138 833 1172 totus
868 1131 1087 1181 deinceps
1123 1130 1170 1169 in
1204 1129 1419 1169 flammas
1453 1140 1726 1179 conversus,

94 1206 358 1246 insalutatis
380 1204 617 1253 omnibus,
641 1203 802 1243 insciis
831 1202 1129 1254 parentibus,
1155 1201 1456 1241 incomitatus
1486 1206 1530 1239 et
1560 1200 1606 1240 in
1635 1212 1729 1240 ma-

86 1290 181 1330 gna
217 1277 339 1317 aeris
374 1275 669 1326 intemperie,
707 1274 878 1326 quippe
908 1273 1158 1325 impatiens
1185 1283 1368 1322 morae,
1398 1271 1422 1310 7
1449 1271 1609 1311 iduum
1642 1271 1729 1311 No-

87 1361 208 1390 vem.
247 1346 493 1388 incolumis
528 1347 587 1386 ad
622 1358 708 1386 nos
736 1345 795 1385 ad
830 1345 1055 1384 vexillum
1090 1343 1264 1384 Christi
1300 1343 1570 1399 advolavit,
1599 1343 1730 1382 cuius

87 1422 176 1461 iter
197 1420 366 1460 mirum
387 1419 434 1458 in
455 1417 645 1457 modum
673 1416 1061 1457 clementissimus
1090 1415 1219 1455 Iesus
1240 1414 1525 1454 fecundavit.
1559 1413 1729 1453 Postri-

82 1492 162 1532 die
201 1491 300 1531 eius
340 1490 431 1529 diei
470 1488 695 1529 exercitia
743 1488 1034 1539 aggreditur.
1084 1486 1207 1537 Quid
1250 1486 1408 1526 multis
1453 1486 1641 1525 moror?
1679 1485 1730 1525 In

90 1563 240 1615 prima
277 1561 511 1601 dominica
555 1560 801 1601 Adventus
835 1558 1026 1599 Domini
1060 1569 1172 1598 vere
1211 1557 1443 1608 benignus
1481 1557 1610 1597 Iesus
1643 1555 1728 1596 fre-

83 1633 334 1686 quentavit
355 1643 481 1680 eum,
505 1631 736 1683 siquidem
765 1637 949 1670 tantum
979 1631 1135 1669 lumen
1168 1628 1350 1680 gratiae
1382 1629 1510 1668 illum
1537 1628 1731 1668 circum-

87 1705 238 1755 fulsit,
279 1710 328 1744 ut
367 1703 503 1755 quasi
541 1702 715 1754 apertis
751 1702 898 1742 oculis
939 1700 1199 1742 clarissime
1239 1706 1452 1740 cerneret
1492 1700 1730 1740 miseriam

87 1787 245 1826 suam,
274 1775 321 1815 in
348 1786 439 1826 qua
467 1774 769 1825 consepultus
804 1773 1040 1813 iacuisset.
1078 1773 1135 1812 Et
1162 1778 1304 1812 exuto
1340 1771 1490 1812 veteri
1524 1771 1727 1822 homine,

89 1849 241 1889 Iesum
258 1846 496 1887 Christum
517 1845 667 1885 induit
688 1844 912 1885 dedicans
933 1856 982 1884 se
1003 1850 1152 1885 totum
1173 1843 1214 1884 ei
1235 1843 1282 1883 in
1298 1849 1462 1883 nostra
1478 1841 1727 1883 Societate.

89 1919 128 1960 O
175 1917 454 1969 stupendam
518 1916 964 1968 metamorphosim!
1021 1915 1059 1956 O
1106 1915 1438 1955 inexhaustam
1485 1914 1574 1954 Dei
1624 1913 1729 1966 Opt.

85 1990 215 2030 Max.
239 1989 517 2029 bonitatem!
549 1987 693 2028 Venit
723 1987 782 2027 ad
809 1999 902 2038 me,
926 1999 951 2027 o
977 1987 1024 2027 in
1051 1987 1228 2039 quanta
1258 1986 1540 2027 humilitate!
1570 1986 1729 2026 Iucun-

90 2061 200 2101 dum
221 2071 334 2101 sane
356 2060 681 2111 spectaculum
701 2059 802 2099 Deo
825 2065 869 2099 et
890 2059 972 2099 toti
996 2058 1292 2099 hierarchiae
1314 2058 1525 2098 coelesti!
1559 2070 1730 2110 expan-

91 2133 156 2173 sis
175 2131 401 2182 brachiis,
427 2143 453 2171 o
475 2131 656 2182 quoties
677 2142 750 2171 me
772 2130 1085 2182 amplectitur,
1120 2142 1146 2170 o
1179 2137 1354 2182 quanto
1381 2129 1567 2170 fervore
1595 2130 1728 2170 strin-

88 2204 232 2255 gebat
270 2209 433 2254 pectus
474 2214 651 2253 meum,
694 2215 720 2242 o
761 2208 935 2254 quanta
975 2201 1202 2242 aviditate
1237 2207 1400 2241 sancta
1435 2200 1731 2252 imprimebat

89 2276 255 2316 oscula
277 2274 480 2325 indignis
507 2274 712 2314 maxillis
746 2274 884 2323 meis,
918 2273 1031 2313 illud
1067 2273 1255 2325 saepius
1290 2273 1649 2324 congeminans:
1687 2284 1727 2322 o,

94 2347 157 2386 mi
191 2345 425 2396 Gerarde,
455 2345 567 2396 quid
596 2345 798 2385 referam
825 2345 907 2385 tibi
935 2356 1021 2396 pro
1047 2345 1191 2384 tantis
1217 2343 1474 2394 beneficiis,
1512 2343 1590 2395 qui
1620 2343 1731 2382 mihi

94 2417 282 2458 occasio
313 2416 441 2456 fuisti
474 2416 778 2468 perveniendi
814 2417 872 2456 ad
907 2416 1031 2456 hanc
1065 2422 1279 2456 sanctam
1314 2415 1618 2465 Societatem;
1654 2415 1728 2465 oh,

94 2489 175 2540 oh,
198 2500 323 2529 nunc
354 2487 541 2528 demum
570 2488 752 2528 intueor
780 2488 1034 2537 miseriam3
1069 2486 1217 2527 donec
1239 2487 1286 2527 in
1307 2487 1569 2535 gratiarum
1591 2486 1730 2526 actio—

95 2571 201 2600 nem
228 2559 465 2611 erupimus
492 2559 629 2599 simul
662 2559 838 2611 optimo
866 2559 969 2599 iesu
1013 2559 1072 2599 Te
1098 2559 1252 2598 Deum
1279 2558 1537 2598 laudamus
1565 2569 1730 2598 canen-

93 2639 178 2672 tes.
214 2631 312 2671 Iam
339 2642 453 2670 vero
482 2630 530 2670 in
551 2631 766 2682 incoepto
789 2631 1030 2682 proposito
1059 2637 1248 2670 strenue
1270 2629 1443 2680 pergit,
1468 2629 1582 2669 nihil
1603 2629 1734 2681 prius

93 2703 273 2743 habens
304 2713 444 2753 quam
472 2702 519 2741 in
546 2701 760 2741 omnibus
790 2713 893 2742 sese
920 2702 1213 2751 submittere,
1251 2701 1457 2753 nihilque
1494 2700 1733 2741 ardentius

91 2773 365 2814 desiderans
407 2784 548 2824 quam
581 2772 775 2813 humilia
810 2772 963 2812 officia
1007 2773 1188 2812 culinae
1229 2783 1465 2812 exercere.
1508 2771 1734 2812 Parentes

94 2856 201 2884 eum
221 2855 305 2896 per
326 2843 514 2884 nuntios
535 2849 579 2883 et
601 2843 784 2884 blandis
805 2844 986 2884 technis
1015 2856 1121 2884 eum
1150 2843 1393 2884 retrahere
1422 2856 1477 2884 ac
1507 2855 1734 2884 revocare

93 2915 252 2956 conati
274 2922 394 2955 sunt.
418 2914 597 2955 Verum
619 2915 847 2955 obturatis
878 2915 1069 2956 auribus
1098 2916 1213 2956 istas
1239 2927 1438 2967 syrenas
1466 2922 1732 2967 praeterna-

95 2987 300 3037 vigavit,
324 2986 541 3037 illicoque
563 2986 766 3026 suboluit
787 2985 919 3026 dolos
941 2987 1242 3038 quantumvis
1262 2986 1463 3026 fucatos.

289 3062 338 3097 T.
370 3074 412 3097 11.
1480 3071 1496 3106 5
