2080 3392
348 241 396 280 3¹2
859 242 1086 280 LITTERAE
1113 252 1472 286 QUADRIMESTRES

346 342 512 387 agant.
539 337 667 388 Quae
688 338 825 378 modo
845 338 1103 378 nuntianda
1124 349 1226 378 sese
1247 334 1444 379 offerunt
1471 339 1537 390 (ut
1563 341 1876 393 obedientiae,
1901 342 1983 381 cm·

349 419 524 448 morem
545 419 713 459 gerere
727 408 825 459 piis
852 408 1099 448 desideriis
1127 413 1372 460 optamus,
1400 409 1628 451 faciamus
1658 412 1786 455 satis)
1808 413 1974 464 paucis

347 479 730 530 perstringemus.

428 550 516 600 Qui
549 550 595 588 in
630 548 836 601 Collegio
866 549 955 590 hoc
989 550 1184 601 degunt,
1218 562 1469 602 suppresso
1503 557 1665 592 nostro
1704 554 1977 593 venerando

346 621 394 661 P.
419 621 589 661 Torres
612 620 637 671 ¹,
669 620 941 673 duobusque
966 621 1188 662 fratribus
1217 621 1327 662 alibi
1357 623 1776 675 commorantibus,
1807 624 1977 675 vigesi-

344 703 470 731 mum
489 702 732 731 numerum
753 692 1006 743 complent,
1030 704 1229 744 quorum
1249 693 1409 732 decem
1430 692 1552 733 intra
1579 704 1662 733 sex
1691 705 1875 735 menses
1896 694 1976 735 So—

346 762 500 801 cietati
521 773 569 801 se
590 761 903 813 devoverunt3
926 763 1140 814 bonaque
1162 774 1272 814 pars
1302 764 1488 803 illorum
1517 775 1703 804 sacram
1731 764 1978 816 profitetur

346 832 650 882 theologiam,
675 844 793 883 quos
815 833 873 872 ad
894 833 1100 873 maxima
1121 846 1222 874 esse
1242 840 1378 874 natos
1399 834 1549 885 dices,
1582 835 1702 874 inter
1723 846 1837 886 quos
1857 847 1978 876 unus

346 908 678 942 annumeratur
699 903 796 954 qui,
828 909 929 943 esto
959 904 1224 955 quindecim
1252 911 1433 945 tantum
1463 905 1522 945 sit
1552 917 1803 957 annorum,
1826 907 1980 957 probi—

346 980 440 1013 tate
475 979 632 1013 tamen
667 979 711 1013 et
746 973 845 1013 acri
875 973 1049 1025 judicio
1085 981 1154 1015 est
1191 976 1546 1025 cohonestatus3
1584 987 1694 1016 nam
1729 982 1775 1016 et-
1808 977 1979 1017 artium

347 1043 607 1083 liberalium
646 1044 928 1084 curriculum
967 1045 1085 1085 mira
1120 1057 1226 1085 cum
1261 1046 1538 1086 dexteritate
1577 1052 1621 1086 et
1660 1047 1868 1086 omnium
1902 1058 1979 1098 ap—

344 1116 510 1166 plausu
548 1114 751 1165 peregit,
788 1120 858 1165 et,
897 1121 1146 1167 antequam
1180 1128 1228 1156 56
1269 1115 1493 1157 Societati
1533 1124 1854 1168 consecraret,
1892 1129 1977 1169 per

345 1185 455 1224 anni
487 1185 689 1236 spatium
715 1191 883 1225 octavo
914 1197 1096 1237 quoque
1132 1186 1228 1237 die,
1262 1200 1288 1227 a
1320 1188 1556 1238 sordibus,
1595 1187 1633 1227 si
1667 1199 1785 1239 quae
1821 1189 1867 1227 in
1899 1188 1977 1228 illo

344 1262 500 1306 erant,
524 1262 722 1306 purgata
755 1257 1066 1308 conscientia,
1095 1257 1440 1298 Eucharistiam
1469 1259 1547 1310 pia
1577 1259 1881 1299 veneratione
1903 1270 1975 1299 511-

342 1327 511 1366 mebat.
545 1326 649 1365 Duo
677 1338 790 1366 vero
826 1327 905 1367 alii
941 1339 1046 1367 cum
1081 1329 1292 1379 apprime
1324 1329 1492 1369 divites
1527 1335 1627 1369 arte
1660 1329 1976 1370 foeneratoria

342 1397 508 1436 irretiti
529 1402 704 1446 essent,
733 1397 781 1437 in
801 1397 1005 1449 urbeque
1037 1398 1128 1448 (cui
1158 1404 1227 1438 est
1256 1410 1427 1439 nomen
1456 1399 1652 1439 inditum
1684 1400 1875 1440 Mediam
1902 1400 1979 1440 del

351 1466 543 1518 Campo)
566 1467 855 1516 victitarent,
879 1473 923 1507 et
943 1468 992 1508 P.
1016 1468 1228 1519 Baptista
1250 1469 1278 1519 ⁶²,
1305 1470 1376 1510 vir
1408 1482 1546 1510 rarae
1566 1471 1836 1522 probitatis,
1871 1482 1974 1510 cum

343 1538 389 1577 in
411 1537 512 1577 foro
534 1538 806 1578 concionem
832 1538 1043 1589 haberet,
1068 1545 1112 1579 et
1132 1539 1411 1580 firmissimis
1437 1541 1661 1581 lateribus
1691 1541 1738 1581 in
1768 1540 1978 1581 foenera-

342 1614 467 1648 tores
490 1609 810 1659 inveheretur‚
834 1615 958 1648 metu
989 1610 1275 1650 consternati
1303 1611 1482 1660 divino,
1513 1611 1701 1651 domum
1726 1619 1978 1663 pergentes

342 1678 606 1718 indicarunt
627 1679 739 1730 ipsis
761 1679 807 1719 in
827 1680 950 1719 Votis
981 1692 1083 1720 esse
1111 1680 1393 1721 Societatem
1423 1682 1626 1733 ingredi,
1651 1683 1977 1734 supplicesque

342 1750 635 1800 postularunt
657 1761 713 1788 ne
736 1750 889 1789 aditus
917 1751 983 1790 eis
1012 1751 1332 1802 clauderetur,
1364 1758 1408 1791 et
1439 1753 1695 1804 exploratis
1724 1753 1892 1793 animis
1913 1753 1976 1793 fa—

343 1826 507 1871 ctoque
529 1821 734 1870 periculo
755 1832 815 1860 an
836 1821 995 1861 divino
1017 1828 1269 1872 agerentur
1302 1823 1488 1874 spiritu,
1512 1823 1571 1863 ad
1591 1835 1675 1864 nos
1693 1856 1700 1874 ,
1724 1836 1782 1864 ne
1803 1835 1973 1875 cogna-

342 1897 496 1930 torum
517 1902 609 1930 non
631 1891 788 1930 nzl'mts
808 1891 1035 1942 improbis
1055 1904 1196 1943 qnam
1218 1892 1403 1933 blandis
1421 1894 1637 1944 precibus
1653 1894 1967 1945 flecterentur,
1991 1892 1994 1896 ’

342 1961 589 2012 1111561·11111;
614 1969 657 2001 61
679 1968 776 2001 6510
799 1963 856 2002 ab
878 1963 1041 2003 amicis
1063 1970 1107 2003 et
1129 1965 1492 2015 consanguineis
1513 1965 1716 2017 undique
1739 1966 1971 2006 obruenti-

343 2032 450 2081 bUS,
486 2038 535 2071 ut
563 2032 736 2083 aliquid
769 2034 939 2074 veneni
974 2034 1021 2073 in
1055 2034 1239 2074 illorum
1271 2036 1455 2075 animos
1490 2036 1804 2083 insibilarent,
1837 2037 1974 2076 varia

343 2103 469 2153 passi
499 2114 678 2153 sumus,
712 2115 769 2143 ne
797 2104 842 2144 id
872 2104 1002 2144 fieret
1031 2117 1124 2145 non
1154 2105 1376 2146 mediocri
1404 2118 1429 2145 a
1458 2107 1590 2146 nobis
1621 2107 1828 2147 adhibita
1860 2119 1974 2147 cura

344 2171 594 2212 effecimus.

421 2242 695 2293 Nuper-rime
730 2256 842 2284 vero
877 2244 967 2284 duo
1002 2246 1080 2285 alii
1114 2247 1173 2286 ad
1206 2258 1292 2286 nos
1327 2254 1433 2286 sunt
1464 2247 1742 2298 intromissi,
1775 2260 1974 2300 quorum

345 2325 488 2364 unus,
514 2325 651 2353 cursu
668 2313 785 2365 juris
807 2316 1022 2356 canonici
1043 2328 1252 2367 emenso,
1285 2317 1344 2357 ad
1364 2318 1752 2358 baccalaureatus
1771 2319 1974 2370 gradum

342 2384 427 2423 fuit
466 2391 723 2434 promotus.
764 2385 922 2426 Alium
958 2387 1147 2438 insuper
1183 2386 1403 2438 juvenem
1437 2394 1599 2429 nostro
1633 2390 1974 2430 associavimus

345 2455 499 2505 gregi,
523 2467 719 2506 corpore
740 2457 916 2507 pariter
939 2463 983 2497 et
1003 2458 1159 2498 animo
1182 2459 1577 2510 robustissimum,
1609 2465 1658 2500 ut
1685 2461 1754 2500 rei
1780 2460 1973 2501 familia-

347 2525 411 2563 ris
443 2537 603 2565 curam
637 2533 834 2577 gereret.
875 2527 1048 2567 Omnes
1084 2539 1195 2568 vero
1231 2529 1417 2569 virtutis
1452 2530 1605 2570 allecti
1635 2542 1816 2582 amore,
1852 2530 1971 2570 miro

347 2607 450 2634 611111
485 2596 636 2636 fructu
672 2608 725 2636 ac
763 2599 1084 2638 aestuantibus
1124 2599 1387 2650 desideriis,
1428 2612 1621 2641 munera
1657 2600 1972 2651 abjectissima

344 2671 573 2716 tractant,
613 2674 655 2706 et
691 2668 747 2706 ab
780 2668 1064 2719 hominibus,
1095 2675 1144 2709 ut
1172 2676 1382 2710 stercora
1412 2672 1680 2712 conculcari
1706 2672 1973 2723 eisdemque

398 2846 406 2866 ¹
446 2846 480 2873 Ρ.
494 2847 634 2875 Micha'cl
651 2849 689 2875 de
707 2849 838 2878 Torres.
862 2851 922 2878 “In
938 2851 1196 2879 Salmanticensi
1214 2853 1364 2887 collegio
1389 2856 1510 2882 bonam
1530 2859 1664 2889 partem
1685 2854 1784 2889 hujus
1806 2855 1883 2882 anni
1906 2855 1973 2882 Do-

310 2913 318 2924 .
343 2896 417 2920 ctor
432 2893 616 2921 Turrianus
633 2901 760 2929 exegit:
777 2899 932 2931 quamvis
952 2899 1028 2925 aliis
1052 2899 1084 2926 in
1104 2900 1204 2926 rebus
1225 2904 1258 2926 et
1279 2900 1311 2926 in
1327 2902 1521 2929 valetudine
1541 2902 1785 2936 recuperanda,
1801 2910 1879 2929 nam
1895 2901 1967 2929 Sal-

342 2940 510 2966 manticae
527 2941 639 2967 dolore
655 2943 776 2975 capitis
791 2944 846 2970 diu
867 2949 1013 2971 vexatus
1033 2945 1162 2979 fuerat,
1185 2946 1318 2979 aliquot
1337 2955 1477 2975 menses
1495 2951 1596 2976 extra
1619 2948 1973 2983 Salmanticamsue·

344 2987 425 3019 rit.„
441 2986 624 3020 PoLANcus,
642 2987 775 3021 Clzron„
790 2995 811 3016 t.
827 2997 862 3023 11,
877 2998 955 3024 pag.
970 2991 1033 3024 613,
1048 2999 1101 3018 an.
1118 2992 1195 3026 1552,
1212 3000 1242 3020 n.
1259 2993 1321 3019 455.

396 3033 409 3051 2
447 3032 481 3060 P.
495 3033 639 3065 Joannes
655 3034 812 3069 Baptista
829 3035 990 3063 Sanchez.
