2080 3392
253 151 326 188 702
763 151 990 187 LITTERAE
1016 161 1372 193 QUADRIMESTRES

253 247 375 285 bona
396 245 582 296 quidem
602 245 870 285 valetudine
896 245 1118 294 fruentes,
1142 247 1189 286 in
1219 247 1311 287 tuis
1338 247 1580 289 sacrificiis
1610 255 1747 301 atque
1777 263 1875 291 ora-

253 316 456 356 tionibus
476 314 677 354 Domino
699 315 875 356 habeas
897 317 1262 358 commendatos.

335 385 381 424 17
404 384 625 425 calendas
645 385 769 438 Junii
795 398 919 426 anno
946 386 1061 427 1554.

330 455 403 495 Ex
423 456 754 496 commissione
775 456 825 496 P.
847 457 1059 508 Mironis,

328 526 474 566 Filius
495 526 714 577 indignus
737 527 865 567 Tuae
886 527 954 578 P.‚

1093 669 1332 711 ANTONIUS
1362 684 1394 712 A
1425 671 1662 722 QUADROS.

328 878 392 917 In
413 883 586 930 quarta
601 880 815 931 pagina:
838 881 910 921 Ex
931 882 1232 935 Ulyssipona.

329 949 630 991 Alz'czmamt:
655 951 769 992 1554.
796 951 943 1003 Quad.
968 953 1270 1006 Ulyssipona‚
1298 955 1346 994 16
1365 954 1492 995 Maii.

925 1378 1204 1433 OGXCVI

318 1605 510 1642 Annibal
530 1616 555 1641 a
574 1604 797 1643 Coudreto

364 1669 486 1707 Patri
503 1670 671 1717 Ignatio
691 1670 744 1708 de
763 1670 948 1718 Loyola.

409 1734 633 1782 Messana,
655 1736 697 1772 21
719 1735 825 1783 Maji
844 1736 935 1773 1554
956 1737 979 1772 ¹.

1007 1945 1105 1997 Jhs.

323 2153 467 2193 Molto
489 2153 765 2195 Reverendo
793 2156 840 2196 in
862 2156 1048 2197 Christo
1069 2157 1234 2199 Padre.

321 2224 389 2264 La
409 2225 572 2275 gracia
594 2232 638 2265 et
660 2238 776 2277 pace
798 2227 843 2267 di
865 2227 1049 2268 Christo
1070 2235 1230 2269 nostro
1251 2228 1450 2280 Signore
1473 2241 1655 2282 sempre
1685 2230 1754 2270 sia
1785 2241 1875 2270 con

243 2295 351 2335 tutti
370 2296 463 2335 noi.
488 2296 653 2337 Amen.

321 2366 372 2406 In
393 2368 544 2418 questi
574 2373 761 2419 quattro
792 2370 907 2409 mesi
932 2382 1024 2410 non
1050 2372 1086 2411 s’
1116 2371 1177 2410 ha
1206 2371 1322 2411 fatto
1356 2383 1466 2412 cosa
1496 2383 1670 2412 nuova.
1697 2371 1755 2411 Et
1786 2383 1872 2423 pur

240 2437 349 2477 nelli
381 2438 503 2478 soliti
536 2439 763 2479 essercitii
803 2440 849 2480 di
882 2441 1122 2491 prediche‚
1160 2442 1339 2483 lettioni
1373 2447 1417 2483 et
1452 2442 1733 2483 confessioni
1767 2442 1871 2482 liasi

239 2508 354 2548 fatto
376 2514 506 2549 tanto
528 2509 680 2551 buono
701 2522 968 2563 progresso,
992 2524 1075 2564 pei·
1095 2514 1249 2564 gratia
1271 2514 1344 2554 del
1364 2513 1583 2564 Signore‚
1607 2513 1692 2553 che
1713 2517 1737 2553 e
1760 2524 1871 2553 cosa

242 2591 323 2630 per
357 2580 469 2620 dare
503 2582 658 2631 gratia
694 2583 785 2622 alla
813 2595 898 2623 sua
929 2583 1087 2623 divina
1115 2584 1452 2625 misericordia.
1492 2583 1763 2635 Imperoche
1796 2584 1875 2634 gia

243 2651 327 2690 che
355 2651 402 2691 in
434 2652 715 2703 particolare
750 2666 843 2693 non
871 2666 987 2694 sono
1015 2666 1122 2694 cose
1151 2655 1209 2696 da
1239 2656 1324 2707 dir,
1356 2656 1403 2695 in
1432 2655 1625 2707 general
1655 2654 1756 2694 diro
1785 2655 1876 2694 alla

242 2722 297 2762 R.
325 2722 374 2764 P.
404 2723 475 2764 Vs
495 2723 580 2763 che
607 2725 737 2764 molti
763 2725 808 2765 di
835 2726 988 2777 quelli,
1019 2726 1105 2766 che
1127 2725 1432 2778 frequentano
1453 2728 1498 2766 la
1518 2732 1678 2766 nostra
1700 2724 1875 2775 chiesa,

242 2793 319 2843 piu
347 2793 502 2833 hanno
533 2794 682 2835 forma
711 2795 756 2835 di
782 2796 924 2836 buoni
950 2797 1157 2847 religiosi
1185 2797 1270 2837 che
1300 2798 1345 2837 di
1366 2797 1576 2838 secolari.
1602 2797 1659 2836 Et
1679 2796 1768 2836 ben
1791 2795 1876 2835 che

296 2953 305 2972 ¹
345 2954 602 2989 Autograpnae,
621 2959 713 2983 totae
730 2963 830 2983 manu
846 2956 880 2983 P.
898 2956 1076 2984 Annibalis
1092 2957 1123 2984 in
1139 2957 1217 2984 folio
1233 2956 1367 2991 duplici,
1384 2963 1414 2982 n.
1432 2955 1483 2981 155
1497 2958 1530 2982 et
1554 2954 1612 2981 156.
