2080 3392
266 219 337 256 570
784 214 1012 251 LITTERAE
1039 223 1396 256 QUADRIMESTRES

268 316 406 356 sortis
427 314 472 353 in
494 312 703 363 Collegio
726 316 887 351 nostro
910 322 1151 361 exercere,
1176 316 1401 362 tanquam
1427 321 1546 349 unus
1574 321 1632 349 ex
1660 309 1901 361 fratribus,

269 387 471 426 deberet.
495 384 692 424 Factum
714 382 906 422 tandem
925 382 1011 422 fuit
1032 381 1096 422 illi
1117 381 1251 432 satis,
1276 381 1363 421 etsi
1384 380 1615 421 admissus
1636 391 1730 419 non
1760 379 1901 420 fuerit

268 457 416 495 bonae
447 454 546 506 spei
575 453 872 504 adolescens,
909 453 986 504 qui
1021 452 1236 504 quamvis
1271 452 1507 503 repulsam
1543 462 1712 502 passus
1746 450 1901 501 fuerit,

269 537 450 577 semper
472 530 629 565 tamen
651 524 774 576 apud
794 535 880 564 nos
902 523 1153 564 conciones
1173 523 1354 572 audire,
1380 521 1590 562 confiteri
1617 521 1900 573 frequenter,

268 602 312 636 ct
333 595 627 636 convictibus
649 595 876 635 interesse
899 594 1101 634 assiduis
1121 605 1206 645 pro
1227 593 1353 633 virili
1373 593 1569 632 laborat.
1823 646 1824 649 Ἴ

348 666 483 718 Quod
503 672 662 706 tamen
682 666 848 705 attinet
880 664 939 704 ad
965 665 1227 718 litterarum
1252 664 1432 713 ludum,
1462 663 1628 703 Patres
1657 673 1819 702 omnes
1848 674 1903 702 ae

268 738 438 777 fratres
459 737 629 777 litteris
651 726 1121 788 quidem⁰invigilant,
1142 735 1223 775 sed
1243 733 1542 774 nihilominus
1564 733 1758 784 Collegii
1780 733 1902 773 aedi-

270 809 373 849 ficio
395 808 604 848 vicissim
627 819 819 859 operam
841 807 1138 858 impendunt,
1164 811 1302 857 atque
1324 805 1580 845 domestica
1600 816 1794 844 munera
1815 804 1905 844 sin-

269 879 392 931 gulis
414 879 668 919 commissa
690 879 862 918 obeunt
884 877 1058 917 sedulo.

351 950 525 991 Omnes
542 962 628 990 nos
645 949 860 990 Christus
877 948 1078 999 optimus
1095 948 1328 987 maximus
1339 946 1625 987 Paternitate
1642 952 1721 986 tua
1739 946 1907 996 dignos

271 1021 439 1061 efficiat
460 1021 594 1071 filios,
613 1020 784 1071 Teque,
803 1019 943 1059 Pater
960 1018 1302 1070 probatissime,
1323 1017 1408 1057 sibi
1425 1017 1502 1057 diu
1524 1017 1754 1068 sospitare
1778 1016 1904 1056 velit.

353 1092 655 1143 Methymnae
677 1103 759 1130 vm
780 1090 866 1129 eal.
889 1088 1135 1128 Februarii
1155 1088 1351 1128 MDLIII
1374 1087 1399 1128 ¹.

352 1162 657 1203 Paternitatis
679 1162 808 1201 Tuae
829 1159 1049 1210 indignus

352 1234 664 1285 minimusque
684 1232 824 1282 filius,

1192 1377 1219 1422 †
1247 1375 1450 1428 JACOBUS
1480 1374 1665 1414 DURAN.

332 1538 341 1558 ¹
382 1537 445 1565 Hic
462 1541 540 1564 ante
557 1536 700 1564 nominis
716 1536 1008 1570 subscriptionem,
1025 1536 1080 1570 qui
1096 1535 1232 1563 litteras
1244 1535 1450 1569 emendavit,
1464 1534 1640 1568 sequentia
1655 1533 1778 1568 adjecit
1791 1533 1910 1560 verba-

279 1586 372 1612 Haec
387 1585 507 1611 omnia
524 1586 586 1617 (ea,
607 1591 748 1618 quorum
770 1584 987 1618 praecedenti
1005 1583 1225 1611 annotatione
1246 1583 1470 1615 meminimus)
1492 1582 1769 1615 interponantur
1790 1581 1826 1607 in
1843 1580 1909 1614 epi:

275 1633 366 1659 stola
381 1632 413 1659 B
434 1633 516 1659 ante
542 1632 633 1658 illud
656 1631 801 1665 siguum
817 1630 963 1665 'Vpost
985 1631 1046 1658 z'lla
1069 1631 1177 1658 verba
1198 1630 1412 1657 Intellexisse
1436 1634 1468 1657 te
1482 1651 1488 1663 ,
1511 1629 1547 1656 Ρ.
1563 1630 1691 1661 obsame,
1712 1628 1912 1656 arbitror.—

275 1680 434 1714 Epistola
449 1684 565 1707 autem
580 1679 607 1706 B
622 1687 662 1706 ea
678 1682 738 1712 est,
755 1687 855 1713 quam
872 1687 975 1714 supra
990 1680 1061 1706 sub.
1079 1687 1108 1705 n.
1126 1686 1232 1712 CCLIV,
1250 1685 1329 1712 pag.
1342 1677 1404 1711 430,
1418 1677 1593 1704 edidimus.
