2080 3392
855 217 939 255 ΑΝ.
970 217 1062 255 1553
1706 218 1778 256 425

134 313 458 355 confessiones
495 320 796 366 expetantur:
833 315 963 355 hisce
999 314 1163 355 diebus
1200 326 1284 366 per
1323 326 1485 354 eorum
1525 314 1774 366 quemdam

132 385 311 425 factum
358 397 461 426 esse
511 386 791 427 miraculum
834 386 1150 438 praedicatur.
1196 386 1337 426 Faxit
1382 386 1774 427 clementissimus

132 457 181 497 P.
206 456 335 497 Deus
356 463 406 497 ut
428 458 545 498 haec
574 458 730 510 opinio
761 457 820 497 ad
847 458 1073 498 maiorem
1109 469 1164 497 ac
1196 458 1460 498 uberiorem
1491 464 1774 510 proventum

133 527 397 568 animarum
417 529 464 568 in
485 529 583 569 dies
605 528 801 569 accedat
825 528 850 579 ¹,
875 535 919 569 et
941 529 988 569 id
1017 528 1097 569 fiat
1132 529 1180 569 in
1211 529 1454 569 affectibus
1486 529 1766 580 animorum,

132 599 257 650 quod
290 611 533 651 speramus
563 599 652 640 Dei
678 610 780 650 gra.
817 599 1046 647 futurum,
1084 600 1163 651 qui
1193 606 1262 640 est
1294 600 1337 640 in
1368 602 1557 640 saecula
1588 612 1774 652 semper

131 670 378 720 gloriosus.
409 670 540 721 Quae
560 676 609 710 ut
630 682 715 721 pro
740 670 875 711 nobis
903 676 1003 710 oret
1031 670 1085 711 R.
1119 669 1168 711 P.
1203 670 1279 721 T.,
1314 672 1388 711 cui
1417 672 1619 712 maxime
1651 683 1774 712 com-

130 741 376 781 mendatos
413 741 794 792 essevolumus,
834 753 893 781 ex
932 741 1087 781 animo
1128 742 1462 793 supplicamus.
1507 742 1610 783 Non
1651 743 1774 783 enim

129 812 284 863 ignari
304 823 465 852 sumus
486 823 625 864 egere
646 824 733 852 nos
754 802 1005 864 plurimum
1032 813 1211 853 sanctis
1238 814 1328 853 tuis
1357 814 1575 865 precibus
1597 814 1769 854 sacrifi-

127 883 305 935 ciisque
344 883 642 936 omniumque
680 895 864 934 eorum,
902 884 980 935 qui
1014 884 1152 924 isthic
1190 890 1317 935 sunt,
1350 884 1543 925 Patrum
1586 897 1642 926 ac
1683 886 1772 926 fra-

129 961 266 996 trum.
293 953 384 995 Sed
405 962 449 994 et
467 955 581 1006 ipse,
604 967 698 995 non
718 955 895 995 inscius
916 960 1027 1007 quot
1043 955 1130 995 sim
1147 955 1274 995 vitiis
1291 962 1335 996 et
1352 956 1676 1007 iniquitatibus
1698 957 1773 997 ob-

126 1026 317 1077 noxius,
340 1038 394 1066 eo
418 1026 657 1066 ardentius
677 1026 769 1066 tuis
791 1038 865 1067 me
884 1026 1236 1078 precationibus
1259 1027 1551 1077 commendo,
1577 1027 1625 1068 P.
1654 1029 1768 1080 opti-

127 1108 223 1148 me,
246 1108 337 1148 quo
366 1098 502 1149 plura
530 1098 621 1138 sint
649 1109 790 1149 quam
818 1103 868 1138 ut
894 1099 1147 1148 recenseri,
1179 1104 1223 1138 et
1257 1099 1485 1149 graviora
1517 1111 1658 1150 quam
1694 1099 1770 1139 hic

126 1168 354 1220 explicari
375 1175 563 1221 queant.
587 1169 780 1209 Utinam
800 1168 948 1209 Dnus.
972 1169 1036 1209 ita
1059 1170 1104 1209 in
1126 1169 1294 1209 animis
1322 1170 1496 1210 nostris
1528 1176 1765 1221 operetur,

126 1246 175 1279 ut
204 1250 339 1280 suam
372 1251 558 1292 semper
592 1241 882 1280 voluntatem
917 1241 1174 1281 sentiamus
1209 1252 1406 1293 eamque
1441 1241 1508 1281 sic
1546 1241 1593 1281 in
1628 1243 1770 1282 terris

130 1311 472 1362 compleamus,
497 1311 617 1351 sicut
639 1311 685 1351 in
702 1311 846 1352 coelis
867 1311 1039 1363 iugiter
1061 1313 1336 1364 completur.

207 1381 484 1433 Panhormi,
515 1394 639 1423 nono
661 1382 759 1423 Cal.
782 1382 1015 1434 Octobris,
1044 1390 1150 1435 post
1181 1383 1421 1425 Christum
1450 1391 1613 1424 natum
1647 1396 1771 1424 anno

135 1453 249 1494 1553.

204 1524 254 1565 Ρ.
277 1524 329 1565 Τ.
353 1523 710 1576 indignissimus
731 1525 854 1566 filius
875 1532 919 1566 et
943 1537 1110 1566 servus
1131 1526 1179 1567 in
1200 1526 1404 1577 Christo,

1004 1669 1228 1711 ANGELUS
1258 1670 1551 1711 PULLICINUS.

204 1883 277 1924 Ex
297 1883 628 1924 commissione
648 1882 699 1924 Ρ.
722 1884 810 1924 nri.
835 1883 893 1924 D.
917 1884 1049 1925 Pauli
1070 1884 1285 1925 Achillis.

203 1955 301 1995 Iam
335 1966 453 2007 pene
488 1954 676 2007 fugerat
711 1955 770 1995 V.
808 1955 858 1996 Ρ.
896 1956 1023 2008 quod
1056 1957 1262 1996 maxime
1294 1957 1415 1997 scire
1451 1963 1495 1997 te
1531 1957 1764 2007 volebam,

122 2037 289 2078 nempe
316 2037 564 2067 numerum
589 2026 638 2067 P.
667 2032 808 2079 atque
834 2027 1036 2068 fratrum
1070 2027 1146 2068 hic
1170 2028 1455 2079 degentium.
1493 2027 1610 2069 Cum
1643 2029 1767 2068 enim

123 2097 245 2138 bona
269 2109 431 2138 eorum
456 2109 590 2149 pars,
615 2098 694 2150 qui
719 2098 795 2138 hic
823 2098 952 2139 hisce
982 2098 1144 2139 diebus
1175 2100 1473 2150 morabatur,
1504 2100 1648 2140 missa
1674 2099 1770 2140 fue-

123 2168 182 2208 rit
202 2168 593 2220 Montemregium
622 2175 761 2221 atque
787 2169 1079 2221 Messanam,
1108 2182 1219 2222 pars
1247 2171 1389 2211 etiam
1425 2171 1489 2221 (ut
1521 2171 1637 2211 duos
1666 2171 1771 2211 illos

122 2239 198 2280 hic
219 2239 452 2289 omittam,
477 2240 555 2292 qui
576 2241 624 2280 in
645 2241 828 2281 coelum
849 2242 1098 2282 evolarunt
1114 2240 1143 2292 ⁶²)
1162 2247 1242 2282 tuo
1265 2242 1323 2282 sit
1343 2242 1473 2282 iussu
1492 2242 1646 2282 isthuc
1661 2254 1765 2294 pro-

122 2310 264 2360 fecta,
289 2310 507 2351 effectum
527 2317 597 2352 est
616 2318 667 2352 ut
688 2324 1042 2364 superessemus
1063 2314 1224 2366 pauci:
1249 2325 1412 2353 omnes
1448 2314 1572 2353 enim
1604 2325 1768 2354 sumus

120 2393 217 2422 non
237 2382 396 2433 plures
419 2394 558 2435 quam
577 2395 662 2423 sex
683 2389 728 2424 et
749 2384 932 2436 viginti.
956 2384 1159 2425 Proinde
1190 2385 1356 2425 messis
1387 2384 1642 2425 Dominum
1663 2397 1766 2437 pre-

121 2465 284 2494 camur
307 2454 383 2506 qui
405 2454 558 2494 mittat
580 2455 823 2506 operarios
845 2456 893 2496 in
913 2468 1116 2497 messem
1139 2468 1289 2497 suam.

200 2525 313 2565 Alia
334 2537 481 2566 mama
503 2525 552 2565 in
573 2526 661 2566 Izac
681 2530 856 2578 quarta
871 2527 1086 2579 pagina:
1108 2527 1162 2579 Q.
1186 2527 1426 2578 Palermo,
1449 2528 1516 2579 53,
1542 2528 1707 2569 Octob.

176 2661 186 2680 ¹
228 2661 415 2689 redundet.
432 2662 611 2690 Polancus.

174 2709 187 2728 ‘2
226 2709 374 2743 Joannes
388 2710 549 2745 Baptista
564 2710 603 2737 de
615 2709 740 2738 Sancto
756 2709 859 2738 Petro
874 2715 908 2738 et
923 2711 1070 2744 Joannes
1085 2711 1243 2739 Forcada
1258 2719 1316 2738 seu
1330 2710 1571 2738 Forcadamus.
1595 2710 1766 2743 POLANco,

124 2756 328 2791 (hronicon,
340 2762 364 2785 t.
379 2764 428 2792 111,
438 2765 518 2793 pag.
528 2758 590 2791 212,
603 2765 635 2785 n.
650 2758 713 2785 418.
