2080 3392
828 170 912 208 AN.
944 171 1044 208 1554
1688 172 1760 208 673

115 268 209 307 iam
230 267 290 307 ad
310 267 587 318 pariendum
607 267 813 308 vicinam
837 267 863 319 ¹,
887 279 972 319 pro
995 279 1087 319 qua
1115 267 1170 308 de
1199 267 1272 308 die
1298 274 1526 319 nocteque
1548 268 1755 308 maxima

114 338 397 390 frequentia,
422 350 604 379 summa
626 339 873 390 religione,
897 339 1080 390 publice
1101 340 1416 391 supplicatum
1438 345 1507 379 est
1530 339 1588 379 ab
1610 340 1755 379 omni-

114 410 201 449 bus
222 409 446 461 cuiusque
468 410 644 450 ordinis
674 416 814 462 atque
846 410 1028 450 aetatis.
1061 410 1112 450 In
1142 410 1276 450 cuius
1296 410 1504 461 gratiam
1524 409 1757 450 Dominus

116 480 382 520 Cardinalis
415 480 624 532 Legatus
660 480 673 499 ²
709 481 1051 532 indulgentiam
1092 481 1350 532 concessit,
1394 492 1514 532 quae
1557 480 1755 521 duorum

114 551 360 592 dumtaxat
381 552 600 592 altarium
627 552 952 593 adorationem
982 552 1273 604 requirebat:
1298 564 1465 593 verum
1485 553 1640 603 multi,
1664 564 1755 604 quo

114 622 258 663 tutius
279 623 546 675 certiusque
567 635 622 663 ea
643 623 927 675 potirentur,
957 623 1164 673 ieiuniis,
1194 623 1590 674 confessionibus,
1616 630 1756 675 atque

112 700 411 734 sacramento
432 702 766 735 sacrosanctae
786 695 1101 735 eucharistiae
1118 706 1167 734 se
1184 701 1546 746 praepararunt.
1566 694 1640 735 Ex
1661 696 1758 746 qui-

113 765 200 804 bus
219 763 408 804 ducenti
429 765 553 816 apud
574 777 662 805 nos
688 765 987 806 sanctissimo
1008 764 1183 805 Christi
1215 777 1414 817 corpore
1444 765 1608 806 refecti
1628 773 1752 805 sunt.

114 835 158 875 A
178 836 312 886 regia
332 836 607 876 mandatum
628 843 698 877 est
718 846 768 877 ut
790 843 834 877 et
864 837 955 877 viri
985 837 1157 876 mortui
1191 844 1235 877 et
1265 837 1427 877 uxoris
1447 837 1758 889 periclitantis

113 918 323 947 essemus
343 918 596 956 memores,
619 919 753 960 quos,
776 914 826 948 ut
847 907 1182 959 aequissimum
1203 914 1292 958 est,
1317 908 1514 958 ieiuniis,
1540 909 1757 959 precibus

114 990 169 1017 ac
190 977 437 1018 sacrificiis
457 979 615 1019 multis
636 991 721 1031 pro
752 986 915 1019 nostra
945 979 1073 1019 tenui
1099 985 1234 1031 parte
1263 980 1546 1020 adiuvimus.
1571 980 1660 1031 Qui
1680 992 1756 1020 no-

113 1049 184 1089 bis
212 1061 406 1101 operam
435 1050 569 1101 dant‚
603 1051 868 1102 angelicam
898 1050 1220 1102 precationem
1248 1051 1560 1102 quinquagies
1594 1051 1757 1103 identi-

114 1121 221 1161 dem
241 1122 536 1173 repetebant,
569 1122 780 1174 aliasque
811 1133 976 1174 preces
1006 1120 1212 1162 Domino
1235 1121 1493 1162 offerebant
1521 1124 1757 1174 postulan-

116 1199 187 1233 tes
210 1192 333 1244 quod
356 1193 445 1244 ipsi
466 1199 589 1233 esset
610 1193 950 1244 gratissimum.

194 1264 270 1304 Ad
297 1264 550 1304 conciones
580 1271 720 1316 atque
746 1265 971 1305 lectiones
1001 1265 1132 1304 multi
1163 1265 1424 1315 confluunt,
1449 1272 1588 1316 atque
1609 1267 1758 1317 quoti-

114 1335 187 1375 die
208 1336 362 1387 magis
385 1336 554 1376 crescit
574 1348 812 1376 numerus.
836 1335 1158 1376 Concionatur
1179 1335 1318 1376 Pater
1348 1337 1546 1378 Iacobus
1568 1338 1625 1378 de
1646 1337 1758 1378 San-

115 1413 191 1447 cta
205 1411 269 1457 5⁶3
294 1407 517 1458 dogmata
535 1407 792 1448 christiana
814 1407 1005 1459 exponit
1022 1406 1161 1447 Pater
1178 1407 1463 1448 Franciscus
1478 1408 1754 1449 Rodericus.

122 1477 329 1530 Uterque
350 1478 486 1518 nobis
506 1484 551 1518 et
571 1478 864 1519 auditoribus
884 1478 1130 1518 satisfacit.

198 1549 538 1602 Praeceptores
577 1550 836 1602 funguntur
870 1561 955 1589 suo
986 1561 1179 1590 munere
1202 1561 1315 1590 sane
1345 1557 1554 1591 strenue:
1587 1551 1680 1592 duo
1711 1553 1758 1592 in

117 1621 333 1662 morbum
362 1621 646 1673 inciderunt3
678 1622 796 1661 alter
824 1620 895 1660 bis
925 1631 1150 1671 magnam
1180 1621 1427 1672 sanguinis
1457 1623 1643 1674 copiam
1674 1623 1759 1663 eie>

117 1693 203 1744 cit;
226 1693 274 1733 in
295 1704 497 1744 quorum
518 1693 673 1732 locum
696 1698 1026 1732 successerunt
1056 1692 1148 1732 alii.
1180 1691 1345 1732 Studia
1372 1694 1526 1743 magis
1556 1694 1761 1745 quotidie

118 1765 393 1815 florescunt,
426 1775 624 1816 quorum
656 1763 1000 1803 administratio
1035 1763 1358 1804 admirabilem
1389 1765 1761 1805 consolationem

117 1835 584 1887 aedificationemque
604 1835 820 1875 omnibus
841 1834 996 1885 affert,
1017 1835 1138 1874 unde
1156 1835 1372 1886 ingentes
1393 1835 1481 1875 Dei
1500 1837 1665 1876 laudes
1683 1849 1758 1876 na-

116 1914 325 1947 scuntur.
362 1907 561 1947 Iuvenes
589 1906 821 1946 maximos
849 1917 1132 1957 progressus
1167 1907 1214 1946 in
1247 1907 1501 1947 virtutibus
1536 1915 1580 1947 et
1614 1908 1761 1957 literis

114 1979 314 2028 faciunt,
338 1978 456 2018 adeo
478 1984 528 2018 ut
549 1978 735 2029 singula
759 1978 975 2029 persequi
992 1977 1186 2028 longum
1207 1985 1344 2018 esset.
1365 1978 1626 2029 Quemdam
1642 1980 1759 2020 inse-

114 2051 330 2090 ctabatur
353 2051 471 2090 alter
497 2055 742 2098 externus,
774 2060 973 2100 cumque
1002 2057 1135 2100 pater
1162 2050 1302 2089 vellet
1328 2050 1548 2090 iniuriam
1579 2051 1758 2101 ulcisci,

115 2134 195 2171 ne,
232 2121 407 2173 inquit,
445 2121 668 2171 obsecro,
705 2127 869 2171 pater,
906 2119 1055 2160 facias
1090 2126 1255 2160 contra
1290 2132 1368 2168 ea,
1408 2133 1528 2172 quae
1570 2121 1757 2162 doceor.

114 2192 247 2233 Multi
278 2193 556 2234 confitentur
592 2204 647 2233 ac
683 2193 1032 2233 communicant
1068 2192 1264 2243 singulis
1300 2193 1463 2233 diebus
1493 2193 1758 2245 dominicis;

115 2270 402 2316 praeparant
428 2276 478 2304 se
507 2264 580 2304 die
607 2263 797 2304 Saturni
824 2263 1162 2315 pomeridianis
1184 2264 1335 2314 horis,
1359 2276 1470 2304 nam
1499 2272 1597 2304 tum
1625 2265 1762 2305 citius

114 2335 407 2375 dimittuntur
435 2334 469 2386 5;
502 2335 733 2386 reliquum
754 2343 939 2386 tempus
970 2335 1016 2374 in
1046 2334 1264 2386 precibus
1285 2342 1629 2375 consumentes.
1655 2335 1760 2376 Non

118 2407 492 2457 praetermittam
519 2417 728 2456 sacrum,
758 2406 832 2445 cui
861 2418 1043 2446 summa
1074 2406 1332 2446 attentione
1363 2407 1615 2457 intersunt,
1650 2407 1761 2447 inte-

115 2479 203 2518 rim
225 2477 281 2518 de
302 2478 432 2518 libris
463 2478 612 2518 sacris
643 2477 818 2529 aliquid
839 2477 1108 2517 recitantes.
1142 2476 1191 2516 In
1220 2478 1340 2517 vicis
1360 2490 1508 2529 usque
1530 2490 1585 2518 eo
1608 2479 1762 2530 quiete

170 2666 179 2685 ¹
220 2665 362 2698 Joanna,
379 2665 493 2692 Caroli
509 2665 540 2691 V
556 2664 626 2692 filia
640 2669 674 2692 et
689 2664 839 2698 joannis,
852 2664 1088 2698 Portugalliae
1104 2664 1283 2699 Principis.
1297 2672 1394 2699 uxor,
1407 2664 1511 2692 filium
1523 2666 1556 2693 in
1568 2667 1676 2693 lucem
1692 2667 1760 2694 edi-

113 2713 162 2740 dit
179 2712 437 2746 Sebastianum,
453 2712 515 2740 200¹
531 2712 685 2745 Januarii
701 2712 801 2747 hujus
816 2712 894 2739 anni
914 2712 997 2745 1551,
1014 2713 1066 2739 die
1082 2713 1212 2739 seilicet
1227 2717 1304 2746 post
1319 2712 1460 2746 Joannis
1475 2714 1605 2741 obitum
1620 2714 1764 2747 decima,

118 2764 254 2788 octava.

169 2809 183 2828 ἓ
222 2808 253 2836 Is
268 2809 332 2836 hoc
347 2812 498 2843 tempore
515 2813 590 2836 erat
605 2809 676 2843 ipse
692 2808 878 2843 Henrieus,
893 2808 1087 2836 Cardinalis
1107 2812 1140 2834 et
1163 2808 1348 2835 Eborensis
1364 2809 1670 2845 Archiepiscopus,
1694 2812 1757 2843 cui,

115 2861 280 2892 tanquam
296 2856 470 2884 Pontificis
484 2858 618 2891 legato,
635 2864 755 2884 munus
770 2857 834 2884 hoc
849 2856 1087 2891 promulgandi
1103 2857 1136 2883 in
1152 2856 1366 2890 Portugallia
1379 2857 1521 2891 jubilaei
1541 2859 1759 2887 commissum

114 2908 176 2932 est.
192 2905 253 2932 Ait
269 2906 356 2932 enim
371 2905 557 2939 PoLANcus,
576 2905 781 2935 Chrom‘con,
794 2909 817 2932 t.
834 2912 880 2938 iv,
894 2905 971 2931 dum
987 2905 1072 2931 haec
1088 2904 1301 2931 transcribit:
1318 2903 1523 2933 Cardinalz‘s
1537 2908 1576 2933 ut
1592 2906 1759 2941 Legatus.

167 2953 181 2973 5
220 2953 354 2981 Dimitti
371 2953 471 2981 citius
487 2954 642 2980 alumnos
656 2953 709 2979 die
725 2952 868 2980 Sabbati
884 2956 1036 2986 tempore
1060 2952 1258 2987 vespertino
1274 2952 1307 2979 in
1329 2954 1616 2987 consuetudinem,
1637 2959 1765 2989 tempo-

114 3001 161 3028 ris
178 3001 332 3035 decursu,
348 3001 434 3029 abiit
450 3005 482 3028 et
497 3002 572 3035 lege
589 3004 756 3027 statutum
771 3000 804 3027 in
819 2999 1006 3027 societatis
1022 2998 1194 3033 Collegiis.

308 3061 358 3099 T.
384 3073 426 3099 Π.
1388 3062 1390 3065 ’
1474 3073 1519 3107 43
