2080 3392
335 200 401 235 loo
842 198 1069 235 LITTERAE
1095 209 1452 241 QUADRIMESTRES

333 295 408 335 dal
435 294 536 345 S.r0,
569 295 656 334 hor
681 293 980 345 predicando,
1010 294 1097 333 hor
1126 294 1392 344 esortand0,
1429 294 1647 334 etiamdio
1681 295 1788 334 nelli
1819 295 1965 335 sacri—

332 365 422 405 ficii
457 372 501 405 et
536 364 937 405 administratione
976 364 1032 404 de
1071 364 1084 403 i
1123 365 1419 405 sacramenti.
1457 365 1514 405 Et
1548 365 1595 404 in
1630 370 1794 416 questo
1829 371 1963 405 tanto

332 437 409 487 piu
449 440 472 476 6
505 435 772 475 necessario
807 434 1047 475 attendere
1080 441 1124 475 et
1158 435 1470 486 essercitarsi,
1501 442 1674 488 quanto
1700 437 1956 487 maggiore,

333 519 524 558 apresso
546 507 601 546 de
623 506 715 556 piu,
740 505 866 546 odor'
890 506 929 545 si
949 517 1121 557 sparge
1142 505 1261 546 della
1283 506 1588 558 Compagnia.
1608 507 1756 547 Lasso
1778 508 1819 547 16
1836 508 1957 547 inco-

331 579 505 618 modita
527 578 599 617 del
620 578 774 628 luogo.

412 650 586 701 Questo
620 660 704 700 per
735 648 767 688 il
800 654 990 700 passato
1025 649 1281 688 solamente
1315 649 1355 688 si
1387 649 1520 690 facea
1556 651 1690 701 quasi
1719 651 1837 690 nelle
1871 650 1958 701 pri-

331 721 485 771 gioni,
523 720 741 771 hospitali
776 725 820 759 et
854 720 1144 759 monasterii.
1182 719 1258 759 Ma
1294 719 1460 760 adesso
1497 721 1644 760 anche
1678 722 1880 771 altrove,
1922 723 1959 761 si

330 793 452 832 nella
474 792 653 842 chiesa,
678 791 797 831 dove
820 790 1047 841 sogliamo
1069 791 1167 830 sare
1189 791 1203 830 i
1224 790 1442 831 sacrificii
1466 797 1510 831 et
1533 792 1736 832 dott1·ina
1754 792 1898 841 Xna,
1922 795 1961 832 si

332 865 473 904 etiam
494 863 615 902 dove
637 868 681 902 et
702 874 728 902 a
750 861 888 913 quelli
910 861 924 901 i
945 861 1071 912 quali
1091 873 1183 901 non
1203 873 1405 912 possono
1426 863 1551 902 uscir
1571 862 1727 913 suora,
1753 863 1794 902 ci
1816 874 1961 903 esser-

332 936 537 975 citiamo.
566 934 694 974 Vero
726 937 750 973 6
777 934 861 973 che
896 933 943 972 in
967 933 1161 973 nissuna
1191 933 1400 973 maniera
1428 934 1505 984 piu
1541 946 1589 974 se
1625 939 1648 974 6
1675 940 1892 985 scoperta
1917 934 1963 974 la

332 1007 490 1046 divina
512 1005 855 1053 misericordia,
880 1005 964 1044 che
985 1004 1031 1044 in
1053 1004 1205 1056 questi
1233 1005 1424 1045 amalati
1453 1012 1496 1045 et
1524 1005 1826 1055 incarcerati,
1857 1005 1967 1045 delli

333 1078 457 1126 quali
483 1077 613 1117 molti
641 1076 904 1125 habbiamo,
937 1077 1127 1127 auspice
1156 1075 1356 1127 Christo,
1380 1076 1505 1116 tirati
1536 1089 1561 1117 a
1596 1078 1640 1117 la
1670 1077 1964 1117 confessione

331 1160 413 1200 per
447 1148 586 1188 molte
617 1147 904 1187 esortationi.
942 1147 1072 1186 Molti
1106 1147 1165 1186 da
1191 1147 1236 1195 5,
1272 1146 1320 1186 10
1345 1154 1389 1187 et
1421 1149 1468 1187 15
1496 1149 1604 1187 anni
1633 1160 1725 1188 non
1754 1149 1789 1187 s’
1820 1159 1962 1188 erano

333 1218 596 1267 confessati,
623 1218 698 1258 chi
718 1229 801 1269 per
821 1218 1124 1269 negligentia,
1145 1218 1251 1257 altri
1267 1230 1349 1269 per
1371 1217 1642 1269 dispreggio
1659 1218 1767 1258 delli
1788 1218 1864 1258 Sti
1884 1217 1965 1258 Sa·

333 1290 578 1337 eramenti3
603 1295 646 1329 et
667 1288 860 1340 pigliato
892 1288 923 1328 il
950 1287 1256 1329 Sacramento
1287 1288 1373 1328 del’
1404 1290 1550 1339 altar',
1582 1290 1611 1329 il
1640 1290 1724 1329 che
1747 1290 1839 1329 mai
1870 1301 1962 1329 non

333 1362 547 1401 haveano
575 1360 706 1409 fatto,
740 1359 916 1400 benche
950 1360 1029 1410 gia
1060 1360 1212 1409 vechi,
1244 1360 1395 1400 subito
1422 1361 1558 1400 usciti
1590 1361 1706 1400 delle
1741 1360 1958 1412 prigioni‚

332 1432 527 1472 faceano
550 1438 658 1471 voto
680 1444 704 1470 a
728 1431 816 1471 §.t-”²
837 1431 988 1470 Maria
1009 1430 1064 1470 de
1085 1430 1271 1471 Loreto.
1295 1431 1593 1472 Tornavansi
1618 1431 1766 1472 anche
1795 1444 1820 1471 a
1851 1442 1962 1471 casa

333 1515 419 1543 con
440 1514 672 1554 pregarne
695 1503 750 1542 de
773 1502 858 1542 dir’
873 1513 1025 1542 messe
1043 1514 1124 1553 per
1146 1501 1415 1553 ringratiar’
1438 1504 1467 1543 il
1489 1503 1575 1543 §.¹⁴0
1598 1503 1716 1543 della
1734 1503 1835 1542 loro
1856 1502 1963 1542 libe-

332 1575 528 1614 ratione.
550 1574 759 1613 Diceano
780 1584 873 1613 non
904 1584 1031 1612 esser
1063 1573 1225 1613 venuti
1246 1585 1273 1612 a
1294 1574 1337 1612 la
1365 1574 1577 1624 prigione
1609 1574 1851 1625 corporale
1881 1585 1964 1624 per

333 1646 451 1684 altro
479 1657 526 1684 se
554 1656 646 1684 non
673 1656 755 1695 per
784 1643 1016 1694 scioglier'
1050 1644 1076 1683 l'
1104 1644 1260 1684 anima
1289 1644 1394 1684 delli
1422 1645 1583 1695 longhi
1613 1645 1732 1684 lacci
1755 1644 1828 1684 del
1856 1656 1958 1695 pec—

333 1721 452 1756 cato.

412 1787 446 1826 11
473 1786 725 1826 medesimo
754 1787 791 1825 s'
822 1790 846 1826 6
874 1786 989 1826 fatto
1017 1787 1136 1826 nelle
1163 1786 1417 1837 hospitale,
1447 1793 1519 1826 tra
1548 1787 1715 1827 soldati
1744 1785 1963 1835 indurati,

333 1864 377 1897 et
399 1858 476 1908 gia
498 1857 753 1897 invechiati
774 1860 849 1897 nel
870 1858 1016 1905 male,
1039 1857 1053 1896 i
1075 1857 1221 1908 quali,
1244 1858 1352 1908 puoi
1380 1858 1424 1897 la
1453 1858 1744 1897 confessione
1774 1857 1965 1908 guariti,

332 1934 688 1980 promettevano
712 1934 867 1968 mutar
888 1929 931 1967 la
953 1928 1050 1967 vita
1072 1928 1119 1967 in
1139 1928 1326 1978 meglio.
1351 1927 1535 1973 Alcuni,
1566 1928 1784 1967 etiamdio
1813 1939 1963 1973 sacer—

335 1999 444 2050 doti,
468 1999 808 2045 concubinarii,
832 1999 845 2038 i
866 1998 991 2049 quali
1013 1998 1091 2047 gia
1116 2010 1199 2049 per
1220 1998 1349 2038 molti
1370 1999 1479 2038 anni
1500 1999 1771 2038 rimaneano
1799 1998 1845 2037 in
1872 1999 1965 2038 tale

334 2071 570 2119 brutezze,
594 2069 749 2109 hanno
772 2069 886 2108 fatto
908 2069 952 2108 la
975 2069 1266 2109 confessione
1287 2070 1527 2119 generale,
1551 2075 1595 2108 et
1617 2069 1802 2120 pentiti,
1828 2068 1965 2119 dopoi

334 2142 481 2180 haver
497 2141 707 2180 ricevuto
725 2140 738 2179 i
754 2139 1060 2189 Sacramenti,
1081 2140 1382 2191 quiescebant
1398 2139 1444 2179 in
1466 2138 1684 2179 Domino.
1709 2139 1830 2179 Altri
1851 2150 1966 2179 sono

334 2211 508 2262 guariti
546 2222 628 2262 per
665 2211 1015 2261 ricompensare
1057 2210 1087 2249 il
1129 2210 1221 2249 mal
1256 2216 1447 2261 passato
1483 2221 1572 2249 con
1610 2211 1654 2249 la
1694 2209 1963 2260 penitentia.

335 2282 479 2323 Eravi
513 2281 662 2321 anche
693 2293 752 2320 un
780 2287 923 2329 muto,
956 2281 987 2320 il
1015 2281 1164 2332 quale,
1197 2279 1271 2320 dal
1301 2279 1389 2320 sse
1419 2280 1583 2320 sciolta
1611 2281 1653 2319 la
1680 2280 1854 2331 lingua,
1882 2281 1917 2319 s'
1941 2283 1969 2319 6·

335 2353 599 2393 confessato
633 2364 721 2391 con
746 2351 926 2402 grande
955 2351 1264 2391 admiratione
1292 2351 1347 2390 de
1379 2351 1497 2390 tutti.
1530 2350 1616 2390 Per
1643 2351 1740 2391 dire
1768 2362 1795 2390 a
1827 2350 1884 2390 V.
1907 2349 1962 2389 R.

335 2426 647 2471 brevemente,
673 2427 696 2462 6
717 2423 850 2474 quasi
870 2434 932 2462 un
955 2422 1163 2472 Collegio
1181 2422 1236 2461 de
1254 2423 1297 2461 la
1314 2421 1489 2461 Divina
1507 2420 1760 2473 Sapientia,
1781 2421 1968 2473 quando>

336 2496 348 2534 i
371 2494 541 2534 scolari
567 2494 613 2533 in
635 2499 766 2533 tanta
786 2493 969 2532 brevita
991 2492 1046 2532 de
1067 2498 1221 2543 tempo
1244 2494 1341 2531 cosi
1363 2492 1632 2543 proffittano
1662 2493 1781 2532 nelle
1811 2494 1961 2532 vertu.

336 2565 622 2605 Similmente
643 2564 773 2604 molti
795 2563 1018 2611 cittadini‚
1044 2562 1229 2602 infermi
1246 2563 1431 2613 quidem
1449 2562 1521 2602 del
1542 2574 1701 2614 corpo,
1726 2574 1801 2602 ma
1822 2562 1964 2602 molto

337 2637 414 2687 piu
436 2635 490 2675 de
511 2636 537 2674 l’
560 2635 714 2674 animo
736 2646 850 2674 sono
871 2634 951 2684 gia
973 2633 1014 2672 d'
1040 2633 1150 2683 ogni
1172 2633 1325 2672 banda
1347 2632 1515 2672 sanati.
1539 2631 1639 2672 Deo
1663 2633 1778 2672 laus.
1813 2631 1965 2672 Cotali

337 2706 537 2746 esercitii
553 2718 646 2745 non
664 2706 705 2745 ci
723 2716 954 2744 mancano
971 2704 1077 2743 mai.
1100 2703 1230 2743 Molti
1247 2704 1451 2754 scrupoli
1473 2703 1498 2753 ¹,
1522 2703 1745 2753 tribulati,
1769 2708 1813 2742 et
1833 2702 1966 2753 quasi

339 2777 590 2828 desperati,
614 2787 696 2827 per
725 2777 756 2815 il
783 2775 1039 2834 ministerio
1062 2780 1221 2814 nostro
1250 2774 1325 2814 dal
1348 2773 1434 2814 §.se
1463 2773 1682 2825 quietati,
1717 2774 1888 2813 viveno
1918 2772 1965 2812 in

339 2859 469 2898 pace.

394 3007 404 3026 1
445 3006 509 3040 Sic;
526 3006 747 3040 scrupulosi?
800 3013 804 3018 ’
