2080 3392
861 182 941 218 AN.
974 181 1066 218 1553
1716 180 1784 216 27»)

145 510 429 538 Praecedentium
451 509 627 537 Francisci
644 509 778 537 Bordon
799 509 995 536 litterarum
1010 508 1203 541 exemplum
1224 514 1242 533 a
1266 506 1466 532 P.P01anco
1489 505 1784 534 emendata1·um¹.

229 706 395 747 Gratia
418 712 462 746 et
482 718 590 758 pax,
616 713 703 746 etc.

221 777 426 828 Tempus
445 778 538 817 iam
553 778 700 829 exigit
716 785 764 818 ut
781 778 877 829 tibi,
894 790 1121 830 perquam
1135 778 1429 819 observande.
1447 779 1536 830 Pf,
1558 780 1788 819 rationem

146 849 396 889 reddamus
414 861 590 899 eorum,
610 860 729 900 quae
746 849 976 890 Dominus
993 850 1121 890 Deus
1138 851 1185 890 in
1206 851 1295 890 hoc
1313 850 1521 902 Collegio
1541 850 1789 915 Societatis

141 919 308 970 effecit,
332 920 532 960 fratrum
555 927 598 960 et
619 920 813 961 Patrum
830 921 1102 961 ministerio.
1123 921 1209 961 His
1233 922 1374 973 igitur
1401 923 1546 962 literis
1568 922 1788 974 perstrin-

140 1003 255 1042 gam
275 999 373 1033 tum
396 1004 514 1044 quae
536 992 592 1032 de
612 993 856 1033 literarum
878 993 1067 1043 studiis,
1096 1000 1195 1033 tum
1223 1005 1343 1045 quae
1380 993 1436 1033 de
1465 993 1706 1044 religionis
1733 1005 1789 1032 36

145 1063 333 1115 pietatis
356 1063 519 1104 officiis
541 1071 806 1106 occurrent.

224 1133 458 1175 Numerus
481 1136 796 1176 studiosorum
818 1136 865 1176 in
887 1137 986 1176 dies
1008 1137 1177 1176 crescit
1209 1137 1275 1187 (ut
1297 1136 1404 1176 hinc
1426 1136 1608 1176 initium
1639 1147 1789 1175 suma-

146 1208 266 1254 mus)
292 1219 347 1246 ac
369 1207 400 1246 ii
420 1207 623 1258 quidem,
648 1208 725 1259 qui
746 1207 925 1248 assidui
947 1209 994 1248 in
1021 1215 1234 1248 nostrum
1262 1208 1514 1259 collegium
1540 1207 1788 1263 ventitant,

144 1284 252 1318 sunt
273 1285 458 1319 centum
481 1279 843 1331 quinquaginta,
875 1280 1089 1331 plurimis
1121 1280 1307 1320 omissis
1336 1279 1430 1331 qui,
1454 1279 1637 1319 infirma
1668 1279 1790 1317 vale-

144 1349 303 1389 tudine
324 1349 547 1400 impediti,
566 1362 659 1390 non
681 1351 890 1391 veniunt.
909 1351 980 1391 Ac
1003 1351 1049 1391 in
1071 1351 1304 1391 universis
1325 1351 1509 1403 quidem
1529 1349 1792 1407 laudandus

146 1427 218 1461 est
238 1420 472 1461 Dominus
494 1421 617 1473 quod
640 1422 756 1462 adeo
779 1435 805 1462 a
832 1423 1030 1474 pristina
1057 1423 1249 1463 vivendi
1280 1422 1463 1462 ratione
1492 1421 1788 1470 recesserint,

151 1498 201 1532 ut
237 1492 294 1532 ab
330 1492 385 1532 iis
419 1504 570 1545 neque
610 1493 925 1534 iuramentum
945 1527 952 1544 ,
991 1506 1078 1534 nec
1112 1494 1411 1534 maledictum
1432 1526 1439 1544 ,
1475 1505 1561 1533 1166
1595 1493 1792 1532 verbum

152 1570 287 1615 turpe
319 1564 602 1616 proferatur,
627 1577 721 1605 non
743 1566 897 1606 minus
919 1578 973 1606 ac
996 1567 1034 1605 si
1061 1566 1132 1606 his
1153 1577 1393 1618 nunquam
1420 1565 1554 1605 abusi
1580 1564 1789 1604 fuissent.

152 1635 223 1675 EX
272 1635 344 1676 his
392 1636 672 1686 grandiores
719 1644 831 1677 natu
874 1644 1071 1689 peccata
1116 1637 1395 1677 confitentur
1443 1642 1489 1676 et
1539 1635 1597 1676 ad
1637 1635 1794 1675 Domi·

148 1706 306 1747 nicam
328 1708 558 1748 accedunt
577 1720 803 1748 mensam.
823 1708 1200 1760 Quadragesima
1216 1709 1433 1761 proxima
1453 1708 1500 1748 in
1517 1708 1616 1747 eius
1633 1707 1792 1747 statim

147 1779 393 1830 principio,
432 1791 538 1819 cum
568 1779 707 1820 Pater
742 1780 1074 1820 adhortaretur
1109 1781 1168 1821 ad
1203 1781 1441 1830 ieiunium,
1476 1791 1535 1819 ex
1569 1778 1792 1819 studiosis

148 1849 354 1901 quidam,
380 1851 596 1902 quamvis
618 1857 771 1891 aetate
794 1851 854 1892 ad
874 1851 964 1892 hoc
990 1852 1180 1892 minime
1207 1858 1496 1900 tenerentur,
1529 1856 1794 1890 statuerunt

147 1927 296 1961 totum
319 1922 431 1962 illud
452 1928 667 1962 sanctum
690 1929 872 1974 tempus
895 1923 1079 1963 ieiuniis
1101 1923 1370 1974 traducere,
1396 1922 1519 1974 quod
1541 1929 1667 1962 certe
1688 1932 1793 1961 con—

146 1998 327 2033 stanter
349 1994 700 2044 praestiterunt:
726 1994 804 2034 alii
826 2000 923 2034 tres
945 1994 1043 2034 dies
1066 1995 1112 2035 in
1134 1994 1451 2045 hebdomada,
1476 1993 1554 2033 alii
1575 1993 1698 2033 diem
1719 2004 1796 2032 ve-

149 2063 274 2104 neris
291 2064 475 2104 ieiuniis
493 2065 734 2105 dederunt.
757 2065 963 2117 Parvuli,
984 2066 1062 2118 qui
1083 2072 1191 2106 sunt
1213 2066 1347 2118 quasi
1364 2066 1655 2115 innocentes,
1674 2075 1794 2104 sum-

151 2146 341 2186 mopere
363 2136 598 2176 ducuntur
620 2135 930 2188 confessione,
956 2149 1103 2189 eaque
1126 2137 1243 2177 adeo
1267 2136 1546 2188 afficiuntur,
1577 2142 1626 2176 ut
1647 2136 1686 2176 si
1716 2147 1794 2175 no-

149 2206 233 2246 stri
259 2218 353 2246 non
382 2207 682 2258 gravioribus
718 2208 1053 2249 distinerentur
1073 2209 1290 2260 negotiis,
1331 2208 1674 2248 confessionem
1709 2206 1794 2247 fre-

152 2279 421 2328 quentaturi
442 2286 598 2319 essent
617 2280 676 2320 ad
693 2292 855 2320 eorum
872 2280 1131 2320 arbitrium.
1151 2280 1227 2321 Ad
1242 2280 1359 2320 haec
1378 2280 1565 2331 quidem
1580 2279 1693 2319 illud
1708 2289 1796 2319 nos

151 2359 257 2388 cum
279 2348 590 2390 admiratione
611 2351 813 2391 delectat
835 2351 960 2403 quod
980 2357 1077 2391 tam
1098 2352 1232 2391 brevi
1253 2357 1462 2403 tempore
1481 2361 1655 2402 magna
1673 2351 1794 2390 avel-

150 2421 305 2460 lantur
323 2420 454 2471 vitia,
474 2427 634 2473 turpes
651 2423 883 2473 pellantur
902 2434 1070 2473 mores,
1091 2423 1259 2475 quibus
1276 2434 1454 2463 summe
1468 2422 1627 2462 infecti
1643 2428 1791 2471 erant,

151 2502 207 2530 ac
225 2498 479 2531 cernantur
494 2491 661 2533 florere
678 2500 722 2533 et
738 2494 1008 2534 adolescere
1025 2500 1215 2534 tenerae
1231 2495 1419 2546 plantae
1437 2494 1679 2544 virtutum,
1700 2505 1792 2533 mo-

151 2562 329 2602 destiae
350 2575 486 2612 sane,
511 2564 808 2616 humilitatis,
837 2565 1061 2605 bonitatis
1089 2577 1145 2605 ac
1175 2565 1507 2606 continentiae.
1540 2563 1794 2605 Proficiunt

150 2634 361 2674 universi
388 2634 575 2686 quidem
605 2636 652 2675 in
679 2636 845 2687 1116115,
879 2648 934 2677 36
961 2637 1147 2677 illorum
1178 2638 1329 2689 prima
1358 2637 1525 2677 classis
1546 2642 1791 2677 exercetur

150 2705 486 2757 componendis
508 2707 798 2747 orationibus
814 2708 985 2759 latinis,
1007 2720 1138 2760 quas,
1162 2708 1390 2748 memoria
1406 2708 1787 2759 comprehensas,

151 2776 313 2816 diebus
329 2777 459 2817 festis
477 2778 524 2817 in
539 2784 703 2818 nostro
721 2779 893 2830 templo
912 2790 1085 2830 magna
1103 2791 1209 2819 cum
1226 2779 1515 2819 audientium
1531 2780 1788 2831 voluptate,

151 2858 239 2887 nec
260 2847 360 2888 sine
381 2849 694 2889 aemulatione
717 2849 904 2900 quidem
925 2856 1228 2890 externorum
1244 2850 1576 2901 studiosorum,
1601 2849 1789 2890 habent.

208 3009 217 3028 ¹
259 3008 343 3036 Sunt
359 3011 570 3044 exemplaria
586 3011 677 3044 bina,
693 3017 796 3037 unum
810 3009 843 3036 in
858 3009 946 3037 foliis
959 3010 995 3036 93
1009 3015 1043 3037 et
1053 3010 1096 3043 94ς
1112 3011 1260 3038 alterum
1275 3011 1306 3038 in
1323 3011 1412 3038 foliis
1426 3011 1460 3038 97
1475 3016 1509 3038 et
1523 3011 1567 3039 98.
