<?xml version="1.0" encoding="UTF-8"?>
<!DOCTYPE html PUBLIC "-//W3C//DTD XHTML 1.0 Transitional//EN"
    "http://www.w3.org/TR/xhtml1/DTD/xhtml1-transitional.dtd">
<html xmlns="http://www.w3.org/1999/xhtml" xml:lang="en" lang="en">
 <head>
  <title>
</title>
<meta http-equiv="Content-Type" content="text/html;charset=utf-8" />
  <meta name='ocr-system' content='tesseract 3.04.00' />
  <meta name='ocr-capabilities' content='ocr_page ocr_carea ocr_par ocr_line ocrx_word'/>
</head>
<body>
  <div class='ocr_page' id='page_1' title='image "./litteraequadrime14lain_0551.png"; bbox 0 0 2080 3392; ppageno 0'>
   <div class='ocr_carea' id='block_1_1' title="bbox 839 233 1763 272">
    <p class='ocr_par' dir='ltr' id='par_1_1' title="bbox 839 233 1763 272">
     <span class='ocr_line' id='line_1_1' title="bbox 839 233 1763 272; baseline 0.002 -2"><span class='ocrx_word' id='word_1_1' title='bbox 839 233 924 271; x_wconf 79' lang='lat' dir='ltr'>AN.</span> <span class='ocrx_word' id='word_1_2' title='bbox 956 233 1048 271; x_wconf 70' lang='lat'>1554</span> <span class='ocrx_word' id='word_1_3' title='bbox 1691 235 1763 272; x_wconf 67' lang='lat'>547</span> 
     </span>
    </p>
   </div>
   <div class='ocr_carea' id='block_1_2' title="bbox 83 328 1778 2952">
    <p class='ocr_par' dir='ltr' id='par_1_2' title="bbox 113 328 1770 1728">
     <span class='ocr_line' id='line_1_2' title="bbox 113 328 1762 383; baseline 0.002 -15"><span class='ocrx_word' id='word_1_4' title='bbox 113 328 212 369; x_wconf 80' lang='lat' dir='ltr'>Sex</span> <span class='ocrx_word' id='word_1_5' title='bbox 238 329 472 379; x_wconf 81' lang='lat' dir='ltr'>muliereS,</span> <span class='ocrx_word' id='word_1_6' title='bbox 506 340 625 380; x_wconf 89' lang='lat' dir='ltr'>quae</span> <span class='ocrx_word' id='word_1_7' title='bbox 659 329 738 369; x_wconf 91' lang='lat' dir='ltr'>diu</span> <span class='ocrx_word' id='word_1_8' title='bbox 766 330 980 381; x_wconf 90' lang='lat' dir='ltr'>corporis</span> <span class='ocrx_word' id='word_1_9' title='bbox 1010 330 1329 382; x_wconf 88' lang='lat' dir='ltr'>voluptatibus</span> <span class='ocrx_word' id='word_1_10' title='bbox 1361 336 1405 371; x_wconf 94' lang='lat' dir='ltr'>et</span> <span class='ocrx_word' id='word_1_11' title='bbox 1436 331 1538 372; x_wconf 89' lang='lat' dir='ltr'>aliis</span> <span class='ocrx_word' id='word_1_12' title='bbox 1568 331 1762 383; x_wconf 87' lang='lat' dir='ltr'>flagitiis</span> 
     </span>
     <span class='ocr_line' id='line_1_3' title="bbox 119 400 1762 455; baseline 0.002 -16"><span class='ocrx_word' id='word_1_13' title='bbox 119 400 416 451; x_wconf 78' lang='lat' dir='ltr'>mancipatae</span> <span class='ocrx_word' id='word_1_14' title='bbox 436 400 672 451; x_wconf 79' lang='lat' dir='ltr'>vixerant,</span> <span class='ocrx_word' id='word_1_15' title='bbox 696 408 949 441; x_wconf 80' lang='lat' dir='ltr'>revocatae</span> <span class='ocrx_word' id='word_1_16' title='bbox 972 401 1028 441; x_wconf 90' lang='lat' dir='ltr'>ab</span> <span class='ocrx_word' id='word_1_17' title='bbox 1045 402 1321 442; x_wconf 79' lang='lat' dir='ltr'>inveteratis</span> <span class='ocrx_word' id='word_1_18' title='bbox 1341 402 1533 453; x_wconf 89' lang='lat' dir='ltr'>flagitiis</span> <span class='ocrx_word' id='word_1_19' title='bbox 1551 415 1694 455; x_wconf 90' lang='lat' dir='ltr'>opera</span> <span class='ocrx_word' id='word_1_20' title='bbox 1718 410 1762 444; x_wconf 90' lang='lat' dir='ltr'>et</span> 
     </span>
     <span class='ocr_line' id='line_1_4' title="bbox 120 470 1761 526; baseline 0.003 -16"><span class='ocrx_word' id='word_1_21' title='bbox 120 483 234 511; x_wconf 87' lang='lat' dir='ltr'>cura</span> <span class='ocrx_word' id='word_1_22' title='bbox 260 470 429 522; x_wconf 88' lang='lat' dir='ltr'>Patris,</span> <span class='ocrx_word' id='word_1_23' title='bbox 459 478 504 511; x_wconf 92' lang='lat' dir='ltr'>et</span> <span class='ocrx_word' id='word_1_24' title='bbox 537 471 820 511; x_wconf 77' lang='lat' dir='ltr'>constitutae</span> <span class='ocrx_word' id='word_1_25' title='bbox 847 478 954 512; x_wconf 91' lang='lat' dir='ltr'>sunt</span> <span class='ocrx_word' id='word_1_26' title='bbox 982 473 1030 512; x_wconf 92' lang='lat' dir='ltr'>in</span> <span class='ocrx_word' id='word_1_27' title='bbox 1065 473 1293 513; x_wconf 91' lang='lat' dir='ltr'>coenobio</span> <span class='ocrx_word' id='word_1_28' title='bbox 1331 474 1600 525; x_wconf 87' lang='lat' dir='ltr'>mulierum,</span> <span class='ocrx_word' id='word_1_29' title='bbox 1638 475 1761 526; x_wconf 89' lang='lat' dir='ltr'>quod</span> 
     </span>
     <span class='ocr_line' id='line_1_5' title="bbox 119 543 1761 597; baseline 0.002 -15"><span class='ocrx_word' id='word_1_30' title='bbox 119 543 263 594; x_wconf 87' lang='lat' dir='ltr'>vulgo</span> <span class='ocrx_word' id='word_1_31' title='bbox 281 549 480 583; x_wconf 85' lang='lat' dir='ltr'>vocatur</span> <span class='ocrx_word' id='word_1_32' title='bbox 503 543 869 583; x_wconf 74' lang='lat' dir='ltr'>Conversarnm.</span> <span class='ocrx_word' id='word_1_33' title='bbox 889 543 1156 584; x_wconf 87' lang='lat' dir='ltr'>Adfuerunt</span> <span class='ocrx_word' id='word_1_34' title='bbox 1167 551 1327 596; x_wconf 83' lang='lat' dir='ltr'>patres</span> <span class='ocrx_word' id='word_1_35' title='bbox 1343 546 1579 586; x_wconf 81' lang='lat' dir='ltr'>nonnullis</span> <span class='ocrx_word' id='word_1_36' title='bbox 1597 557 1761 597; x_wconf 90' lang='lat' dir='ltr'>aegro-</span> 
     </span>
     <span class='ocr_line' id='line_1_6' title="bbox 115 614 1764 668; baseline 0.002 -14"><span class='ocrx_word' id='word_1_37' title='bbox 115 614 341 665; x_wconf 83' lang='lat' dir='ltr'>tantibus,</span> <span class='ocrx_word' id='word_1_38' title='bbox 366 614 444 665; x_wconf 90' lang='lat' dir='ltr'>qui</span> <span class='ocrx_word' id='word_1_39' title='bbox 464 626 489 653; x_wconf 91' lang='lat' dir='ltr'>e</span> <span class='ocrx_word' id='word_1_40' title='bbox 510 625 708 665; x_wconf 87' lang='lat' dir='ltr'>corpore</span> <span class='ocrx_word' id='word_1_41' title='bbox 735 622 1057 665; x_wconf 77' lang='lat' dir='ltr'>excesserunt,</span> <span class='ocrx_word' id='word_1_42' title='bbox 1083 621 1128 654; x_wconf 88' lang='lat' dir='ltr'>et</span> <span class='ocrx_word' id='word_1_43' title='bbox 1159 627 1218 655; x_wconf 83' lang='lat' dir='ltr'>ex</span> <span class='ocrx_word' id='word_1_44' title='bbox 1252 615 1323 655; x_wconf 90' lang='lat' dir='ltr'>his</span> <span class='ocrx_word' id='word_1_45' title='bbox 1351 616 1542 668; x_wconf 85' lang='lat' dir='ltr'>quidam</span> <span class='ocrx_word' id='word_1_46' title='bbox 1572 617 1764 657; x_wconf 91' lang='lat' dir='ltr'>obiisset</span> 
     </span>
     <span class='ocr_line' id='line_1_7' title="bbox 118 685 1764 739; baseline 0.002 -13"><span class='ocrx_word' id='word_1_47' title='bbox 118 686 259 726; x_wconf 90' lang='lat' dir='ltr'>rebus</span> <span class='ocrx_word' id='word_1_48' title='bbox 289 686 479 725; x_wconf 89' lang='lat' dir='ltr'>minime</span> <span class='ocrx_word' id='word_1_49' title='bbox 509 685 774 725; x_wconf 88' lang='lat' dir='ltr'>constitutis</span> <span class='ocrx_word' id='word_1_50' title='bbox 808 693 852 725; x_wconf 91' lang='lat' dir='ltr'>et</span> <span class='ocrx_word' id='word_1_51' title='bbox 882 685 1130 736; x_wconf 90' lang='lat' dir='ltr'>ordinatis,</span> <span class='ocrx_word' id='word_1_52' title='bbox 1161 686 1251 726; x_wconf 91' lang='lat' dir='ltr'>nisi</span> <span class='ocrx_word' id='word_1_53' title='bbox 1284 698 1428 739; x_wconf 88' lang='lat' dir='ltr'>opera</span> <span class='ocrx_word' id='word_1_54' title='bbox 1457 694 1501 728; x_wconf 92' lang='lat' dir='ltr'>et</span> <span class='ocrx_word' id='word_1_55' title='bbox 1531 700 1645 728; x_wconf 87' lang='lat' dir='ltr'>cura</span> <span class='ocrx_word' id='word_1_56' title='bbox 1681 687 1764 728; x_wconf 83' lang='lat' dir='ltr'>Pa-</span> 
     </span>
     <span class='ocr_line' id='line_1_8' title="bbox 120 756 1766 808; baseline 0.002 -11"><span class='ocrx_word' id='word_1_57' title='bbox 120 757 205 797; x_wconf 89' lang='lat' dir='ltr'>tris</span> <span class='ocrx_word' id='word_1_58' title='bbox 225 763 416 797; x_wconf 89' lang='lat' dir='ltr'>cautum</span> <span class='ocrx_word' id='word_1_59' title='bbox 442 756 605 796; x_wconf 86' lang='lat' dir='ltr'>fuisset</span> <span class='ocrx_word' id='word_1_60' title='bbox 635 764 680 796; x_wconf 94' lang='lat' dir='ltr'>et</span> <span class='ocrx_word' id='word_1_61' title='bbox 707 756 968 808; x_wconf 76' lang='lat' dir='ltr'>provisum.</span> <span class='ocrx_word' id='word_1_62' title='bbox 998 756 1321 798; x_wconf 86' lang='lat' dir='ltr'>Accersuntur</span> <span class='ocrx_word' id='word_1_63' title='bbox 1353 757 1519 798; x_wconf 85' lang='lat' dir='ltr'>Patres</span> <span class='ocrx_word' id='word_1_64' title='bbox 1550 772 1576 799; x_wconf 90' lang='lat' dir='ltr'>a</span> <span class='ocrx_word' id='word_1_65' title='bbox 1607 760 1766 800; x_wconf 91' lang='lat' dir='ltr'>multis</span> 
     </span>
     <span class='ocr_line' id='line_1_9' title="bbox 119 827 1766 879; baseline 0.001 -11"><span class='ocrx_word' id='word_1_66' title='bbox 119 828 352 868; x_wconf 89' lang='lat' dir='ltr'>nobilibus</span> <span class='ocrx_word' id='word_1_67' title='bbox 372 828 489 868; x_wconf 87' lang='lat' dir='ltr'>viris</span> <span class='ocrx_word' id='word_1_68' title='bbox 509 828 665 879; x_wconf 86' lang='lat' dir='ltr'>gratia</span> <span class='ocrx_word' id='word_1_69' title='bbox 686 834 784 868; x_wconf 91' lang='lat' dir='ltr'>tum</span> <span class='ocrx_word' id='word_1_70' title='bbox 812 827 1162 868; x_wconf 87' lang='lat' dir='ltr'>confessionum</span> <span class='ocrx_word' id='word_1_71' title='bbox 1193 838 1290 868; x_wconf 86' lang='lat' dir='ltr'>tum</span> <span class='ocrx_word' id='word_1_72' title='bbox 1320 830 1698 870; x_wconf 83' lang='lat' dir='ltr'>consolationum</span> <span class='ocrx_word' id='word_1_73' title='bbox 1719 831 1766 870; x_wconf 89' lang='lat' dir='ltr'>in</span> 
     </span>
     <span class='ocr_line' id='line_1_10' title="bbox 122 898 1764 952; baseline 0.001 -13"><span class='ocrx_word' id='word_1_74' title='bbox 122 899 261 939; x_wconf 91' lang='lat' dir='ltr'>rebus</span> <span class='ocrx_word' id='word_1_75' title='bbox 283 899 443 939; x_wconf 84' lang='lat' dir='ltr'>arduis</span> <span class='ocrx_word' id='word_1_76' title='bbox 463 905 508 939; x_wconf 91' lang='lat' dir='ltr'>et</span> <span class='ocrx_word' id='word_1_77' title='bbox 528 898 728 939; x_wconf 87' lang='lat' dir='ltr'>afflictis.</span> <span class='ocrx_word' id='word_1_78' title='bbox 751 899 884 939; x_wconf 82' lang='lat' dir='ltr'>Adeo</span> <span class='ocrx_word' id='word_1_79' title='bbox 901 899 1111 939; x_wconf 90' lang='lat' dir='ltr'>nonnulli</span> <span class='ocrx_word' id='word_1_80' title='bbox 1128 899 1282 940; x_wconf 85' lang='lat' dir='ltr'>animo</span> <span class='ocrx_word' id='word_1_81' title='bbox 1301 899 1455 940; x_wconf 87' lang='lat' dir='ltr'>affecti</span> <span class='ocrx_word' id='word_1_82' title='bbox 1472 908 1580 941; x_wconf 90' lang='lat' dir='ltr'>sunt</span> <span class='ocrx_word' id='word_1_83' title='bbox 1596 901 1644 941; x_wconf 93' lang='lat' dir='ltr'>in</span> <span class='ocrx_word' id='word_1_84' title='bbox 1660 913 1764 952; x_wconf 92' lang='lat' dir='ltr'>nos,</span> 
     </span>
     <span class='ocr_line' id='line_1_11' title="bbox 121 970 1764 1024; baseline 0.001 -13"><span class='ocrx_word' id='word_1_85' title='bbox 121 977 171 1011; x_wconf 92' lang='lat' dir='ltr'>ut</span> <span class='ocrx_word' id='word_1_86' title='bbox 190 970 282 1010; x_wconf 93' lang='lat' dir='ltr'>nisi</span> <span class='ocrx_word' id='word_1_87' title='bbox 302 971 349 1010; x_wconf 90' lang='lat' dir='ltr'>in</span> <span class='ocrx_word' id='word_1_88' title='bbox 369 977 531 1010; x_wconf 91' lang='lat' dir='ltr'>nostro</span> <span class='ocrx_word' id='word_1_89' title='bbox 553 971 724 1022; x_wconf 90' lang='lat' dir='ltr'>templo</span> <span class='ocrx_word' id='word_1_90' title='bbox 746 970 885 1009; x_wconf 89' lang='lat' dir='ltr'>rebus</span> <span class='ocrx_word' id='word_1_91' title='bbox 908 970 1079 1009; x_wconf 87' lang='lat' dir='ltr'>divinis</span> <span class='ocrx_word' id='word_1_92' title='bbox 1101 970 1332 1021; x_wconf 86' lang='lat' dir='ltr'>intersint,</span> <span class='ocrx_word' id='word_1_93' title='bbox 1353 972 1529 1012; x_wconf 91' lang='lat' dir='ltr'>nullam</span> <span class='ocrx_word' id='word_1_94' title='bbox 1550 974 1764 1024; x_wconf 76' lang='lat' dir='ltr'>volupta-</span> 
     </span>
     <span class='ocr_line' id='line_1_12' title="bbox 122 1041 1768 1094; baseline 0.001 -12"><span class='ocrx_word' id='word_1_95' title='bbox 122 1048 216 1082; x_wconf 90' lang='lat' dir='ltr'>tem</span> <span class='ocrx_word' id='word_1_96' title='bbox 237 1048 281 1082; x_wconf 93' lang='lat' dir='ltr'>et</span> <span class='ocrx_word' id='word_1_97' title='bbox 303 1041 447 1081; x_wconf 90' lang='lat' dir='ltr'>animi</span> <span class='ocrx_word' id='word_1_98' title='bbox 468 1041 861 1081; x_wconf 88' lang='lat' dir='ltr'>oblectamentum</span> <span class='ocrx_word' id='word_1_99' title='bbox 891 1041 1001 1080; x_wconf 89' lang='lat' dir='ltr'>alibi</span> <span class='ocrx_word' id='word_1_100' title='bbox 1022 1053 1071 1081; x_wconf 90' lang='lat' dir='ltr'>se</span> <span class='ocrx_word' id='word_1_101' title='bbox 1098 1042 1342 1092; x_wconf 88' lang='lat' dir='ltr'>percipere</span> <span class='ocrx_word' id='word_1_102' title='bbox 1369 1042 1622 1083; x_wconf 82' lang='lat' dir='ltr'>fateantur.</span> <span class='ocrx_word' id='word_1_103' title='bbox 1657 1043 1768 1094; x_wconf 82' lang='lat' dir='ltr'>Qui-</span> 
     </span>
     <span class='ocr_line' id='line_1_13' title="bbox 123 1113 1768 1164; baseline 0.002 -10"><span class='ocrx_word' id='word_1_104' title='bbox 123 1114 231 1154; x_wconf 86' lang='lat' dir='ltr'>dam</span> <span class='ocrx_word' id='word_1_105' title='bbox 252 1115 345 1154; x_wconf 84' lang='lat' dir='ltr'>Viri</span> <span class='ocrx_word' id='word_1_106' title='bbox 365 1119 410 1153; x_wconf 93' lang='lat' dir='ltr'>et</span> <span class='ocrx_word' id='word_1_107' title='bbox 430 1119 606 1154; x_wconf 89' lang='lat' dir='ltr'>matres</span> <span class='ocrx_word' id='word_1_108' title='bbox 628 1113 753 1153; x_wconf 90' lang='lat' dir='ltr'>omni</span> <span class='ocrx_word' id='word_1_109' title='bbox 775 1125 917 1164; x_wconf 89' lang='lat' dir='ltr'>opere</span> <span class='ocrx_word' id='word_1_110' title='bbox 939 1113 1149 1153; x_wconf 91' lang='lat' dir='ltr'>nituntur</span> <span class='ocrx_word' id='word_1_111' title='bbox 1173 1125 1373 1154; x_wconf 76' lang='lat' dir='ltr'>uxorem</span> <span class='ocrx_word' id='word_1_112' title='bbox 1395 1121 1474 1154; x_wconf 92' lang='lat' dir='ltr'>aut</span> <span class='ocrx_word' id='word_1_113' title='bbox 1496 1115 1614 1155; x_wconf 90' lang='lat' dir='ltr'>filias</span> <span class='ocrx_word' id='word_1_114' title='bbox 1637 1128 1663 1155; x_wconf 89' lang='lat' dir='ltr'>a</span> <span class='ocrx_word' id='word_1_115' title='bbox 1685 1115 1768 1157; x_wconf 76' lang='lat' dir='ltr'>Sa-</span> 
     </span>
     <span class='ocr_line' id='line_1_14' title="bbox 123 1185 1768 1237; baseline 0.001 -11"><span class='ocrx_word' id='word_1_116' title='bbox 123 1192 473 1226; x_wconf 91' lang='lat' dir='ltr'>cramentorum</span> <span class='ocrx_word' id='word_1_117' title='bbox 505 1192 549 1225; x_wconf 92' lang='lat' dir='ltr'>et</span> <span class='ocrx_word' id='word_1_118' title='bbox 582 1197 739 1225; x_wconf 86' lang='lat' dir='ltr'>rerum</span> <span class='ocrx_word' id='word_1_119' title='bbox 775 1185 1044 1225; x_wconf 81' lang='lat' dir='ltr'>divinarum</span> <span class='ocrx_word' id='word_1_120' title='bbox 1073 1185 1310 1225; x_wconf 83' lang='lat' dir='ltr'>deterrere</span> <span class='ocrx_word' id='word_1_121' title='bbox 1340 1185 1618 1237; x_wconf 71' lang='lat' dir='ltr'>frequentia,</span> <span class='ocrx_word' id='word_1_122' title='bbox 1651 1187 1768 1227; x_wconf 89' lang='lat' dir='ltr'>adeo</span> 
     </span>
     <span class='ocr_line' id='line_1_15' title="bbox 123 1256 1768 1309; baseline 0 -11"><span class='ocrx_word' id='word_1_123' title='bbox 123 1257 300 1309; x_wconf 86' lang='lat' dir='ltr'>passim</span> <span class='ocrx_word' id='word_1_124' title='bbox 321 1257 480 1297; x_wconf 90' lang='lat' dir='ltr'>odium</span> <span class='ocrx_word' id='word_1_125' title='bbox 507 1263 551 1297; x_wconf 94' lang='lat' dir='ltr'>et</span> <span class='ocrx_word' id='word_1_126' title='bbox 581 1257 751 1296; x_wconf 85' lang='lat' dir='ltr'>bellurn</span> <span class='ocrx_word' id='word_1_127' title='bbox 774 1256 985 1308; x_wconf 88' lang='lat' dir='ltr'>justitiae</span> <span class='ocrx_word' id='word_1_128' title='bbox 1012 1265 1057 1296; x_wconf 91' lang='lat' dir='ltr'>et</span> <span class='ocrx_word' id='word_1_129' title='bbox 1087 1257 1279 1297; x_wconf 83' lang='lat' dir='ltr'>veritati</span> <span class='ocrx_word' id='word_1_130' title='bbox 1307 1256 1543 1297; x_wconf 89' lang='lat' dir='ltr'>indicitur.</span> <span class='ocrx_word' id='word_1_131' title='bbox 1577 1258 1639 1298; x_wconf 76' lang='lat' dir='ltr'>At</span> <span class='ocrx_word' id='word_1_132' title='bbox 1662 1259 1768 1299; x_wconf 89' lang='lat' dir='ltr'>illae</span> 
     </span>
     <span class='ocr_line' id='line_1_16' title="bbox 122 1328 1766 1381; baseline 0 -11"><span class='ocrx_word' id='word_1_133' title='bbox 122 1341 343 1381; x_wconf 90' lang='lat' dir='ltr'>pompam</span> <span class='ocrx_word' id='word_1_134' title='bbox 363 1328 524 1369; x_wconf 91' lang='lat' dir='ltr'>mundi</span> <span class='ocrx_word' id='word_1_135' title='bbox 545 1328 855 1380; x_wconf 79' lang='lat' dir='ltr'>negligentes,</span> <span class='ocrx_word' id='word_1_136' title='bbox 879 1328 1069 1368; x_wconf 91' lang='lat' dir='ltr'>domum</span> <span class='ocrx_word' id='word_1_137' title='bbox 1091 1328 1410 1380; x_wconf 87' lang='lat' dir='ltr'>orphanorum</span> <span class='ocrx_word' id='word_1_138' title='bbox 1432 1329 1696 1381; x_wconf 83' lang='lat' dir='ltr'>ingressae,</span> <span class='ocrx_word' id='word_1_139' title='bbox 1722 1337 1766 1370; x_wconf 95' lang='lat' dir='ltr'>et</span> 
     </span>
     <span class='ocr_line' id='line_1_17' title="bbox 123 1399 1768 1453; baseline 0 -12"><span class='ocrx_word' id='word_1_140' title='bbox 123 1400 337 1442; x_wconf 91' lang='lat' dir='ltr'>concioni</span> <span class='ocrx_word' id='word_1_141' title='bbox 358 1400 590 1440; x_wconf 89' lang='lat' dir='ltr'>intersunt</span> <span class='ocrx_word' id='word_1_142' title='bbox 613 1406 657 1439; x_wconf 91' lang='lat' dir='ltr'>et</span> <span class='ocrx_word' id='word_1_143' title='bbox 678 1399 864 1439; x_wconf 86' lang='lat' dir='ltr'>Coenae</span> <span class='ocrx_word' id='word_1_144' title='bbox 886 1399 1125 1439; x_wconf 91' lang='lat' dir='ltr'>Dominici</span> <span class='ocrx_word' id='word_1_145' title='bbox 1147 1399 1386 1452; x_wconf 87' lang='lat' dir='ltr'>Corporis.</span> <span class='ocrx_word' id='word_1_146' title='bbox 1631 1401 1641 1420; x_wconf 85' lang='lat'>¹</span> <span class='ocrx_word' id='word_1_147' title='bbox 1663 1413 1768 1453; x_wconf 91' lang='lat' dir='ltr'>pro-</span> 
     </span>
     <span class='ocr_line' id='line_1_18' title="bbox 121 1470 1765 1524; baseline 0 -11"><span class='ocrx_word' id='word_1_148' title='bbox 121 1473 244 1513; x_wconf 83' lang='lat' dir='ltr'>fecto</span> <span class='ocrx_word' id='word_1_149' title='bbox 266 1471 526 1523; x_wconf 85' lang='lat' dir='ltr'>Religionis</span> <span class='ocrx_word' id='word_1_150' title='bbox 548 1471 872 1523; x_wconf 85' lang='lat' dir='ltr'>perstudiosae</span> <span class='ocrx_word' id='word_1_151' title='bbox 893 1470 1124 1511; x_wconf 88' lang='lat' dir='ltr'>foeminae</span> <span class='ocrx_word' id='word_1_152' title='bbox 1145 1471 1367 1512; x_wconf 86' lang='lat' dir='ltr'>facillime</span> <span class='ocrx_word' id='word_1_153' title='bbox 1397 1472 1639 1513; x_wconf 88' lang='lat' dir='ltr'>hominum</span> <span class='ocrx_word' id='word_1_154' title='bbox 1668 1474 1765 1524; x_wconf 91' lang='lat' dir='ltr'>glo-</span> 
     </span>
     <span class='ocr_line' id='line_1_19' title="bbox 123 1542 1765 1595; baseline -0.001 -11"><span class='ocrx_word' id='word_1_155' title='bbox 123 1545 242 1584; x_wconf 88' lang='lat' dir='ltr'>riam</span> <span class='ocrx_word' id='word_1_156' title='bbox 264 1544 320 1584; x_wconf 88' lang='lat' dir='ltr'>ab</span> <span class='ocrx_word' id='word_1_157' title='bbox 344 1555 398 1583; x_wconf 92' lang='lat' dir='ltr'>eo</span> <span class='ocrx_word' id='word_1_158' title='bbox 422 1548 741 1593; x_wconf 88' lang='lat' dir='ltr'>contemnunt,</span> <span class='ocrx_word' id='word_1_159' title='bbox 765 1554 856 1594; x_wconf 89' lang='lat' dir='ltr'>quo</span> <span class='ocrx_word' id='word_1_160' title='bbox 878 1554 927 1582; x_wconf 93' lang='lat' dir='ltr'>se</span> <span class='ocrx_word' id='word_1_161' title='bbox 950 1542 1137 1583; x_wconf 90' lang='lat' dir='ltr'>Christo</span> <span class='ocrx_word' id='word_1_162' title='bbox 1169 1542 1344 1583; x_wconf 90' lang='lat' dir='ltr'>dedunt</span> <span class='ocrx_word' id='word_1_163' title='bbox 1372 1544 1418 1583; x_wconf 89' lang='lat' dir='ltr'>in</span> <span class='ocrx_word' id='word_1_164' title='bbox 1448 1543 1765 1595; x_wconf 85' lang='lat' dir='ltr'>disciplinam.</span> 
     </span>
     <span class='ocr_line' id='line_1_20' title="bbox 123 1615 1770 1667; baseline 0 -11"><span class='ocrx_word' id='word_1_165' title='bbox 123 1616 354 1656; x_wconf 87' lang='lat' dir='ltr'>Visuntur</span> <span class='ocrx_word' id='word_1_166' title='bbox 389 1616 468 1667; x_wconf 84' lang='lat' dir='ltr'>qui</span> <span class='ocrx_word' id='word_1_167' title='bbox 496 1622 746 1655; x_wconf 78' lang='lat' dir='ltr'>servantur</span> <span class='ocrx_word' id='word_1_168' title='bbox 776 1615 823 1654; x_wconf 90' lang='lat' dir='ltr'>in</span> <span class='ocrx_word' id='word_1_169' title='bbox 845 1615 1059 1655; x_wconf 88' lang='lat' dir='ltr'>custodia</span> <span class='ocrx_word' id='word_1_170' title='bbox 1080 1615 1282 1666; x_wconf 85' lang='lat' dir='ltr'>publica,</span> <span class='ocrx_word' id='word_1_171' title='bbox 1316 1622 1359 1655; x_wconf 89' lang='lat' dir='ltr'>et</span> <span class='ocrx_word' id='word_1_172' title='bbox 1389 1615 1448 1655; x_wconf 90' lang='lat' dir='ltr'>ad</span> <span class='ocrx_word' id='word_1_173' title='bbox 1475 1616 1698 1656; x_wconf 78' lang='lat' dir='ltr'>virtutem</span> <span class='ocrx_word' id='word_1_174' title='bbox 1725 1623 1770 1656; x_wconf 91' lang='lat' dir='ltr'>et</span> 
     </span>
     <span class='ocr_line' id='line_1_21' title="bbox 124 1686 1319 1728; baseline -0.001 0"><span class='ocrx_word' id='word_1_175' title='bbox 124 1688 251 1728; x_wconf 85' lang='lat' dir='ltr'>vitae</span> <span class='ocrx_word' id='word_1_176' title='bbox 273 1687 616 1728; x_wconf 88' lang='lat' dir='ltr'>correctionem</span> <span class='ocrx_word' id='word_1_177' title='bbox 637 1687 892 1726; x_wconf 87' lang='lat' dir='ltr'>incitantur</span> <span class='ocrx_word' id='word_1_178' title='bbox 915 1698 971 1726; x_wconf 89' lang='lat' dir='ltr'>ac</span> <span class='ocrx_word' id='word_1_179' title='bbox 993 1686 1319 1727; x_wconf 83' lang='lat' dir='ltr'>admonentur.</span> 
     </span>
    </p>

    <p class='ocr_par' dir='ltr' id='par_1_3' title="bbox 123 1758 1771 2300">
     <span class='ocr_line' id='line_1_22' title="bbox 205 1758 1771 1810; baseline 0 -10"><span class='ocrx_word' id='word_1_180' title='bbox 205 1760 347 1800; x_wconf 89' lang='lat' dir='ltr'>Iidem</span> <span class='ocrx_word' id='word_1_181' title='bbox 369 1759 535 1799; x_wconf 82' lang='lat' dir='ltr'>Patres</span> <span class='ocrx_word' id='word_1_182' title='bbox 560 1769 793 1810; x_wconf 86' lang='lat' dir='ltr'>pauperes</span> <span class='ocrx_word' id='word_1_183' title='bbox 816 1758 863 1797; x_wconf 91' lang='lat' dir='ltr'>in</span> <span class='ocrx_word' id='word_1_184' title='bbox 891 1758 1184 1798; x_wconf 79' lang='lat' dir='ltr'>xenodochio</span> <span class='ocrx_word' id='word_1_185' title='bbox 1213 1758 1273 1798; x_wconf 88' lang='lat' dir='ltr'>ad</span> <span class='ocrx_word' id='word_1_186' title='bbox 1300 1759 1576 1810; x_wconf 90' lang='lat' dir='ltr'>patientiam</span> <span class='ocrx_word' id='word_1_187' title='bbox 1608 1769 1652 1800; x_wconf 91' lang='lat' dir='ltr'>et</span> <span class='ocrx_word' id='word_1_188' title='bbox 1681 1759 1771 1800; x_wconf 89' lang='lat' dir='ltr'>Dei</span> 
     </span>
     <span class='ocr_line' id='line_1_23' title="bbox 125 1829 1770 1883; baseline -0.001 -11"><span class='ocrx_word' id='word_1_189' title='bbox 125 1832 311 1872; x_wconf 89' lang='lat' dir='ltr'>laudem</span> <span class='ocrx_word' id='word_1_190' title='bbox 332 1831 658 1880; x_wconf 77' lang='lat' dir='ltr'>exhortantur,</span> <span class='ocrx_word' id='word_1_191' title='bbox 683 1837 781 1869; x_wconf 91' lang='lat' dir='ltr'>tum</span> <span class='ocrx_word' id='word_1_192' title='bbox 802 1829 1025 1881; x_wconf 81' lang='lat' dir='ltr'>privatim</span> <span class='ocrx_word' id='word_1_193' title='bbox 1047 1830 1538 1882; x_wconf 85' lang='lat' dir='ltr'>commonefaciendO,</span> <span class='ocrx_word' id='word_1_194' title='bbox 1568 1838 1666 1871; x_wconf 89' lang='lat' dir='ltr'>tum</span> <span class='ocrx_word' id='word_1_195' title='bbox 1692 1842 1770 1883; x_wconf 93' lang='lat' dir='ltr'>ge-</span> 
     </span>
     <span class='ocr_line' id='line_1_24' title="bbox 124 1901 1769 1953; baseline 0 -10"><span class='ocrx_word' id='word_1_196' title='bbox 124 1903 324 1943; x_wconf 88' lang='lat' dir='ltr'>neratim</span> <span class='ocrx_word' id='word_1_197' title='bbox 355 1901 704 1951; x_wconf 81' lang='lat' dir='ltr'>concionand03</span> <span class='ocrx_word' id='word_1_198' title='bbox 734 1901 980 1941; x_wconf 89' lang='lat' dir='ltr'>medentur</span> <span class='ocrx_word' id='word_1_199' title='bbox 1008 1901 1217 1953; x_wconf 91' lang='lat' dir='ltr'>ipsorum</span> <span class='ocrx_word' id='word_1_200' title='bbox 1246 1902 1413 1942; x_wconf 90' lang='lat' dir='ltr'>animis</span> <span class='ocrx_word' id='word_1_201' title='bbox 1441 1903 1769 1953; x_wconf 88' lang='lat' dir='ltr'>praesentibus</span> 
     </span>
     <span class='ocr_line' id='line_1_25' title="bbox 124 1972 1767 2024; baseline 0.001 -10"><span class='ocrx_word' id='word_1_202' title='bbox 124 1973 433 2014; x_wconf 86' lang='lat' dir='ltr'>confessionis</span> <span class='ocrx_word' id='word_1_203' title='bbox 451 1973 821 2022; x_wconf 85' lang='lat' dir='ltr'>medicamentis;</span> <span class='ocrx_word' id='word_1_204' title='bbox 841 1972 1062 2013; x_wconf 87' lang='lat' dir='ltr'>adhibent</span> <span class='ocrx_word' id='word_1_205' title='bbox 1078 1979 1325 2024; x_wconf 90' lang='lat' dir='ltr'>praeterea</span> <span class='ocrx_word' id='word_1_206' title='bbox 1339 1975 1600 2014; x_wconf 89' lang='lat' dir='ltr'>cauterium</span> <span class='ocrx_word' id='word_1_207' title='bbox 1618 1987 1767 2015; x_wconf 88' lang='lat' dir='ltr'>emen-</span> 
     </span>
     <span class='ocr_line' id='line_1_26' title="bbox 125 2044 1767 2096; baseline 0.001 -10"><span class='ocrx_word' id='word_1_208' title='bbox 125 2046 342 2096; x_wconf 88' lang='lat' dir='ltr'>dationis,</span> <span class='ocrx_word' id='word_1_209' title='bbox 367 2044 645 2085; x_wconf 88' lang='lat' dir='ltr'>deterrendo</span> <span class='ocrx_word' id='word_1_210' title='bbox 668 2057 694 2084; x_wconf 91' lang='lat' dir='ltr'>a</span> <span class='ocrx_word' id='word_1_211' title='bbox 714 2044 925 2095; x_wconf 88' lang='lat' dir='ltr'>pristinis</span> <span class='ocrx_word' id='word_1_212' title='bbox 946 2044 1095 2095; x_wconf 86' lang='lat' dir='ltr'>vitiis,</span> <span class='ocrx_word' id='word_1_213' title='bbox 1126 2045 1344 2085; x_wconf 84' lang='lat' dir='ltr'>vocando</span> <span class='ocrx_word' id='word_1_214' title='bbox 1374 2046 1434 2085; x_wconf 92' lang='lat' dir='ltr'>ad</span> <span class='ocrx_word' id='word_1_215' title='bbox 1462 2053 1767 2096; x_wconf 88' lang='lat' dir='ltr'>peccatorum</span> 
     </span>
     <span class='ocr_line' id='line_1_27' title="bbox 123 2115 1765 2169; baseline 0 -12"><span class='ocrx_word' id='word_1_216' title='bbox 123 2129 317 2157; x_wconf 91' lang='lat' dir='ltr'>suorum</span> <span class='ocrx_word' id='word_1_217' title='bbox 339 2123 383 2156; x_wconf 94' lang='lat' dir='ltr'>et</span> <span class='ocrx_word' id='word_1_218' title='bbox 405 2115 578 2156; x_wconf 87' lang='lat' dir='ltr'>Christi</span> <span class='ocrx_word' id='word_1_219' title='bbox 599 2115 790 2155; x_wconf 88' lang='lat' dir='ltr'>Domini</span> <span class='ocrx_word' id='word_1_220' title='bbox 811 2115 1146 2156; x_wconf 87' lang='lat' dir='ltr'>beneficentiae</span> <span class='ocrx_word' id='word_1_221' title='bbox 1178 2122 1223 2156; x_wconf 92' lang='lat' dir='ltr'>et</span> <span class='ocrx_word' id='word_1_222' title='bbox 1251 2117 1578 2168; x_wconf 79' lang='lat' dir='ltr'>providentiae</span> <span class='ocrx_word' id='word_1_223' title='bbox 1609 2119 1765 2169; x_wconf 86' lang='lat' dir='ltr'>cogni-</span> 
     </span>
     <span class='ocr_line' id='line_1_28' title="bbox 125 2186 1769 2242; baseline 0.002 -14"><span class='ocrx_word' id='word_1_224' title='bbox 125 2188 322 2238; x_wconf 90' lang='lat' dir='ltr'>tionem,</span> <span class='ocrx_word' id='word_1_225' title='bbox 351 2187 429 2238; x_wconf 88' lang='lat' dir='ltr'>qui</span> <span class='ocrx_word' id='word_1_226' title='bbox 455 2199 534 2227; x_wconf 90' lang='lat' dir='ltr'>eos</span> <span class='ocrx_word' id='word_1_227' title='bbox 564 2186 739 2226; x_wconf 87' lang='lat' dir='ltr'>morbis</span> <span class='ocrx_word' id='word_1_228' title='bbox 768 2187 931 2238; x_wconf 88' lang='lat' dir='ltr'>puniat</span> <span class='ocrx_word' id='word_1_229' title='bbox 960 2194 1004 2227; x_wconf 89' lang='lat' dir='ltr'>et</span> <span class='ocrx_word' id='word_1_230' title='bbox 1033 2188 1249 2238; x_wconf 85' lang='lat' dir='ltr'>castiget,</span> <span class='ocrx_word' id='word_1_231' title='bbox 1279 2200 1371 2240; x_wconf 87' lang='lat' dir='ltr'>quo</span> <span class='ocrx_word' id='word_1_232' title='bbox 1394 2189 1587 2229; x_wconf 82' lang='lat' dir='ltr'>tandein</span> <span class='ocrx_word' id='word_1_233' title='bbox 1609 2192 1769 2242; x_wconf 87' lang='lat' dir='ltr'>resipi-</span> 
     </span>
     <span class='ocr_line' id='line_1_29' title="bbox 127 2267 277 2300; baseline -0.007 0"><span class='ocrx_word' id='word_1_234' title='bbox 127 2267 277 2300; x_wconf 90' lang='lat' dir='ltr'>scant.</span> 
     </span>
    </p>

    <p class='ocr_par' dir='ltr' id='par_1_4' title="bbox 83 2329 1774 2809">
     <span class='ocr_line' id='line_1_30' title="bbox 207 2329 1769 2386; baseline 0.003 -15"><span class='ocrx_word' id='word_1_235' title='bbox 207 2331 314 2371; x_wconf 88' lang='lat' dir='ltr'>Viri</span> <span class='ocrx_word' id='word_1_236' title='bbox 335 2330 555 2370; x_wconf 86' lang='lat' dir='ltr'>honorati</span> <span class='ocrx_word' id='word_1_237' title='bbox 570 2336 614 2370; x_wconf 93' lang='lat' dir='ltr'>et</span> <span class='ocrx_word' id='word_1_238' title='bbox 635 2330 860 2381; x_wconf 88' lang='lat' dir='ltr'>primates</span> <span class='ocrx_word' id='word_1_239' title='bbox 880 2330 997 2370; x_wconf 92' lang='lat' dir='ltr'>bene</span> <span class='ocrx_word' id='word_1_240' title='bbox 1019 2329 1075 2370; x_wconf 89' lang='lat' dir='ltr'>de</span> <span class='ocrx_word' id='word_1_241' title='bbox 1097 2331 1246 2379; x_wconf 90' lang='lat' dir='ltr'>nobis,</span> <span class='ocrx_word' id='word_1_242' title='bbox 1273 2331 1449 2372; x_wconf 87' lang='lat' dir='ltr'>Christi</span> <span class='ocrx_word' id='word_1_243' title='bbox 1469 2333 1580 2386; x_wconf 87' lang='lat' dir='ltr'>Jesu</span> <span class='ocrx_word' id='word_1_244' title='bbox 1598 2335 1769 2384; x_wconf 78' lang='lat' dir='ltr'>gratia,</span> 
     </span>
     <span class='ocr_line' id='line_1_31' title="bbox 83 2388 1774 2457; baseline 0.002 -14"><span class='ocrx_word' id='word_1_245' title='bbox 83 2388 85 2391; x_wconf 27' lang='grc' dir='ltr'>Ι</span> <span class='ocrx_word' id='word_1_246' title='bbox 127 2403 332 2443; x_wconf 87' lang='lat' dir='ltr'>sentiunt</span> <span class='ocrx_word' id='word_1_247' title='bbox 354 2408 398 2442; x_wconf 93' lang='lat' dir='ltr'>et</span> <span class='ocrx_word' id='word_1_248' title='bbox 419 2401 554 2441; x_wconf 92' lang='lat' dir='ltr'>nobis</span> <span class='ocrx_word' id='word_1_249' title='bbox 575 2401 622 2440; x_wconf 91' lang='lat' dir='ltr'>in</span> <span class='ocrx_word' id='word_1_250' title='bbox 643 2401 922 2441; x_wconf 89' lang='lat' dir='ltr'>turbulentis</span> <span class='ocrx_word' id='word_1_251' title='bbox 944 2408 988 2441; x_wconf 92' lang='lat' dir='ltr'>et</span> <span class='ocrx_word' id='word_1_252' title='bbox 1009 2402 1056 2441; x_wconf 92' lang='lat' dir='ltr'>in</span> <span class='ocrx_word' id='word_1_253' title='bbox 1077 2402 1253 2442; x_wconf 89' lang='lat' dir='ltr'>sedatis</span> <span class='ocrx_word' id='word_1_254' title='bbox 1274 2402 1451 2447; x_wconf 84' lang='lat' dir='ltr'>favent.</span> <span class='ocrx_word' id='word_1_255' title='bbox 1476 2404 1597 2445; x_wconf 89' lang='lat' dir='ltr'>Nam</span> <span class='ocrx_word' id='word_1_256' title='bbox 1625 2418 1774 2457; x_wconf 92' lang='lat' dir='ltr'>nuper</span> 
     </span>
     <span class='ocr_line' id='line_1_32' title="bbox 127 2473 1774 2525; baseline 0.002 -11"><span class='ocrx_word' id='word_1_257' title='bbox 127 2486 292 2514; x_wconf 90' lang='lat' dir='ltr'>eorum</span> <span class='ocrx_word' id='word_1_258' title='bbox 327 2473 483 2524; x_wconf 86' lang='lat' dir='ltr'>gratia</span> <span class='ocrx_word' id='word_1_259' title='bbox 513 2478 557 2512; x_wconf 92' lang='lat' dir='ltr'>et</span> <span class='ocrx_word' id='word_1_260' title='bbox 591 2484 734 2524; x_wconf 90' lang='lat' dir='ltr'>opera</span> <span class='ocrx_word' id='word_1_261' title='bbox 763 2473 965 2524; x_wconf 85' lang='lat' dir='ltr'>quinque</span> <span class='ocrx_word' id='word_1_262' title='bbox 1000 2473 1199 2525; x_wconf 87' lang='lat' dir='ltr'>improbi</span> <span class='ocrx_word' id='word_1_263' title='bbox 1229 2475 1423 2515; x_wconf 80' lang='lat' dir='ltr'>iuvenes</span> <span class='ocrx_word' id='word_1_264' title='bbox 1458 2476 1504 2515; x_wconf 91' lang='lat' dir='ltr'>in</span> <span class='ocrx_word' id='word_1_265' title='bbox 1533 2488 1774 2517; x_wconf 87' lang='lat' dir='ltr'>carcerem</span> 
     </span>
     <span class='ocr_line' id='line_1_33' title="bbox 130 2544 1774 2598; baseline 0.002 -13"><span class='ocrx_word' id='word_1_266' title='bbox 130 2545 317 2585; x_wconf 83' lang='lat' dir='ltr'>fuerunt</span> <span class='ocrx_word' id='word_1_267' title='bbox 339 2544 529 2591; x_wconf 84' lang='lat' dir='ltr'>detrusi,</span> <span class='ocrx_word' id='word_1_268' title='bbox 556 2544 633 2595; x_wconf 83' lang='lat' dir='ltr'>qui</span> <span class='ocrx_word' id='word_1_269' title='bbox 654 2552 870 2584; x_wconf 89' lang='lat' dir='ltr'>nostrum</span> <span class='ocrx_word' id='word_1_270' title='bbox 890 2545 1051 2584; x_wconf 89' lang='lat' dir='ltr'>ludum</span> <span class='ocrx_word' id='word_1_271' title='bbox 1071 2544 1297 2597; x_wconf 89' lang='lat' dir='ltr'>ingressi,</span> <span class='ocrx_word' id='word_1_272' title='bbox 1331 2555 1588 2598; x_wconf 89' lang='lat' dir='ltr'>coeperunt</span> <span class='ocrx_word' id='word_1_273' title='bbox 1616 2549 1774 2589; x_wconf 87' lang='lat' dir='ltr'>omnia</span> 
     </span>
     <span class='ocr_line' id='line_1_34' title="bbox 128 2615 1773 2671; baseline 0.002 -14"><span class='ocrx_word' id='word_1_274' title='bbox 128 2617 393 2657; x_wconf 86' lang='lat' dir='ltr'>disturbare</span> <span class='ocrx_word' id='word_1_275' title='bbox 430 2627 484 2655; x_wconf 93' lang='lat' dir='ltr'>ac</span> <span class='ocrx_word' id='word_1_276' title='bbox 512 2615 729 2655; x_wconf 81' lang='lat' dir='ltr'>Patribus</span> <span class='ocrx_word' id='word_1_277' title='bbox 755 2616 985 2666; x_wconf 82' lang='lat' dir='ltr'>minitari3</span> <span class='ocrx_word' id='word_1_278' title='bbox 1017 2616 1215 2668; x_wconf 88' lang='lat' dir='ltr'>denique</span> <span class='ocrx_word' id='word_1_279' title='bbox 1243 2629 1420 2668; x_wconf 89' lang='lat' dir='ltr'>poenas</span> <span class='ocrx_word' id='word_1_280' title='bbox 1447 2617 1559 2658; x_wconf 86' lang='lat' dir='ltr'>facti</span> <span class='ocrx_word' id='word_1_281' title='bbox 1587 2619 1773 2671; x_wconf 86' lang='lat' dir='ltr'>dignas,</span> 
     </span>
     <span class='ocr_line' id='line_1_35' title="bbox 130 2687 1774 2743; baseline 0.002 -15"><span class='ocrx_word' id='word_1_282' title='bbox 130 2700 211 2739; x_wconf 94' lang='lat' dir='ltr'>per</span> <span class='ocrx_word' id='word_1_283' title='bbox 232 2699 377 2727; x_wconf 91' lang='lat' dir='ltr'>unum</span> <span class='ocrx_word' id='word_1_284' title='bbox 397 2687 493 2726; x_wconf 82' lang='lat' dir='ltr'>fere</span> <span class='ocrx_word' id='word_1_285' title='bbox 524 2698 733 2726; x_wconf 90' lang='lat' dir='ltr'>mensem</span> <span class='ocrx_word' id='word_1_286' title='bbox 760 2687 807 2726; x_wconf 91' lang='lat' dir='ltr'>in</span> <span class='ocrx_word' id='word_1_287' title='bbox 839 2699 1029 2727; x_wconf 86' lang='lat' dir='ltr'>carcere</span> <span class='ocrx_word' id='word_1_288' title='bbox 1061 2688 1283 2739; x_wconf 85' lang='lat' dir='ltr'>coniecti,</span> <span class='ocrx_word' id='word_1_289' title='bbox 1308 2689 1515 2740; x_wconf 89' lang='lat' dir='ltr'>ipsorum</span> <span class='ocrx_word' id='word_1_290' title='bbox 1538 2691 1679 2731; x_wconf 90' lang='lat' dir='ltr'>etiam</span> <span class='ocrx_word' id='word_1_291' title='bbox 1697 2703 1774 2743; x_wconf 90' lang='lat' dir='ltr'>pa-</span> 
     </span>
     <span class='ocr_line' id='line_1_36' title="bbox 127 2759 1136 2809; baseline 0 -10"><span class='ocrx_word' id='word_1_292' title='bbox 127 2765 315 2799; x_wconf 85' lang='lat' dir='ltr'>rentum</span> <span class='ocrx_word' id='word_1_293' title='bbox 337 2770 570 2799; x_wconf 92' lang='lat' dir='ltr'>consensu</span> <span class='ocrx_word' id='word_1_294' title='bbox 593 2764 637 2798; x_wconf 89' lang='lat' dir='ltr'>et</span> <span class='ocrx_word' id='word_1_295' title='bbox 658 2759 915 2809; x_wconf 86' lang='lat' dir='ltr'>voluntate,</span> <span class='ocrx_word' id='word_1_296' title='bbox 935 2760 1136 2799; x_wconf 90' lang='lat' dir='ltr'>luerunt.</span> 
     </span>
    </p>

    <p class='ocr_par' dir='ltr' id='par_1_5' title="bbox 131 2828 1778 2952">
     <span class='ocr_line' id='line_1_37' title="bbox 212 2828 1774 2884; baseline 0.005 -16"><span class='ocrx_word' id='word_1_297' title='bbox 212 2829 334 2880; x_wconf 84' lang='lat' dir='ltr'>Quid</span> <span class='ocrx_word' id='word_1_298' title='bbox 356 2830 454 2881; x_wconf 90' lang='lat' dir='ltr'>ipse</span> <span class='ocrx_word' id='word_1_299' title='bbox 477 2828 586 2869; x_wconf 76' lang='lat' dir='ltr'>Dux</span> <span class='ocrx_word' id='word_1_300' title='bbox 610 2829 664 2869; x_wconf 94' lang='lat' dir='ltr'>de</span> <span class='ocrx_word' id='word_1_301' title='bbox 685 2830 819 2870; x_wconf 90' lang='lat' dir='ltr'>nobis</span> <span class='ocrx_word' id='word_1_302' title='bbox 841 2830 1026 2881; x_wconf 88' lang='lat' dir='ltr'>sentiat,</span> <span class='ocrx_word' id='word_1_303' title='bbox 1047 2831 1170 2871; x_wconf 89' lang='lat' dir='ltr'>idem</span> <span class='ocrx_word' id='word_1_304' title='bbox 1187 2831 1464 2873; x_wconf 77' lang='lat' dir='ltr'>declaravit:</span> <span class='ocrx_word' id='word_1_305' title='bbox 1486 2845 1596 2873; x_wconf 86' lang='lat' dir='ltr'>nam</span> <span class='ocrx_word' id='word_1_306' title='bbox 1614 2834 1774 2884; x_wconf 88' lang='lat' dir='ltr'>filium,</span> 
     </span>
     <span class='ocr_line' id='line_1_38' title="bbox 131 2900 1778 2952; baseline 0.004 -12"><span class='ocrx_word' id='word_1_307' title='bbox 131 2901 428 2952; x_wconf 81' lang='lat' dir='ltr'>designatum</span> <span class='ocrx_word' id='word_1_308' title='bbox 449 2901 496 2940; x_wconf 90' lang='lat' dir='ltr'>in</span> <span class='ocrx_word' id='word_1_309' title='bbox 516 2900 804 2952; x_wconf 88' lang='lat' dir='ltr'>Episcopum</span> <span class='ocrx_word' id='word_1_310' title='bbox 825 2901 1090 2950; x_wconf 69' lang='lat' dir='ltr'>Penariae,</span> <span class='ocrx_word' id='word_1_311' title='bbox 1112 2903 1449 2944; x_wconf 91' lang='lat' dir='ltr'>instituendum</span> <span class='ocrx_word' id='word_1_312' title='bbox 1468 2905 1695 2946; x_wconf 82' lang='lat' dir='ltr'>in-officiis</span> <span class='ocrx_word' id='word_1_313' title='bbox 1712 2908 1778 2947; x_wconf 83' lang='lat' dir='ltr'>di-</span> 
     </span>
    </p>
   </div>
   <div class='ocr_carea' id='block_1_3' title="bbox 186 3061 1271 3098">
    <p class='ocr_par' dir='ltr' id='par_1_6' title="bbox 186 3061 1271 3098">
     <span class='ocr_line' id='line_1_39' title="bbox 186 3061 1271 3098; baseline 0.003 -9"><span class='ocrx_word' id='word_1_314' title='bbox 186 3062 196 3082; x_wconf 82' lang='lat'>¹</span> <span class='ocrx_word' id='word_1_315' title='bbox 238 3061 463 3090; x_wconf 83' lang='lat' dir='ltr'>Emendatum</span> <span class='ocrx_word' id='word_1_316' title='bbox 478 3063 531 3090; x_wconf 87' lang='lat' dir='ltr'>hic</span> <span class='ocrx_word' id='word_1_317' title='bbox 548 3067 600 3090; x_wconf 76' lang='lat' dir='ltr'>est</span> <span class='ocrx_word' id='word_1_318' title='bbox 615 3064 769 3096; x_wconf 80' lang='lat' dir='ltr'>verbum,</span> <span class='ocrx_word' id='word_1_319' title='bbox 787 3063 873 3097; x_wconf 85' lang='lat' dir='ltr'>quod</span> <span class='ocrx_word' id='word_1_320' title='bbox 891 3064 1004 3098; x_wconf 79' lang='lat' dir='ltr'>legere</span> <span class='ocrx_word' id='word_1_321' title='bbox 1022 3071 1085 3091; x_wconf 90' lang='lat' dir='ltr'>non</span> <span class='ocrx_word' id='word_1_322' title='bbox 1102 3065 1271 3093; x_wconf 76' lang='lat' dir='ltr'>valemus.</span> 
     </span>
    </p>
   </div>
  </div>
 </body>
</html>
