2080 3392
300 170 347 208 26
811 169 1039 207 LITTERAE
1066 178 1422 212 QUADRIMESTRES

967 615 1259 670 CLXXIV

378 918 424 955 P.
445 917 663 955 Antonius
683 916 825 953 Vinck

424 983 544 1020 Patri
563 982 730 1029 Ignatio
750 980 803 1018 de
822 980 1004 1027 Loyola.

464 1047 689 1094 Messana,
709 1046 755 1083 20
774 1045 1045 1093 Septembris
1065 1044 1156 1081 1552
1174 1045 1200 1080 ¹.

1069 1323 1166 1364 IHS

380 1538 542 1578 Gratia
580 1549 637 1577 ex
676 1549 768 1589 pax
809 1537 999 1577 Domini
1038 1537 1185 1577 nostri
1221 1537 1331 1590 Jesu
1372 1536 1545 1577 Christi
1583 1548 1668 1577 nos
1708 1544 1933 1589 perpetuo

298 1609 455 1649 foveat
478 1615 522 1648 et
549 1613 782 1659 protegat.
807 1607 974 1648 Amen.

378 1679 507 1730 Quae
547 1678 659 1718 mihi
692 1677 790 1729 jam
826 1679 972 1730 elapsi
1013 1679 1367 1730 quadrimestris
1406 1679 1638 1718 rationem
1675 1679 1931 1730 reddituro,

297 1750 395 1790 R.de
437 1751 483 1790 in
514 1750 697 1792 Christo
729 1750 802 1799 P„
838 1750 1086 1790 scribenda
1116 1756 1242 1800 sunt,
1277 1762 1332 1790 ea
1359 1761 1499 1801 quam
1526 1749 1804 1790 brevissime
1834 1749 1935 1790 fieri

295 1822 483 1873 poterit,
507 1823 833 1874 perstringam.
860 1821 932 1862 Ab
961 1833 1016 1861 ea
1038 1827 1196 1861 autem
1223 1832 1336 1861 cura
1359 1821 1567 1861 exordiri
1587 1822 1760 1872 placet,
1792 1833 1932 1872 quam

296 1892 417 1932 Rdus
447 1893 493 1932 in
524 1892 708 1933 Christo
739 1893 876 1932 Pater
906 1892 1224 1944 Hieronymus
1250 1891 1431 1931 Natalis
1464 1892 1749 1943 pauperibus
1782 1892 1930 1932 suble-

295 1964 461 2003 vandis
483 1964 705 2003 adhibuit.
736 1963 851 2004 Cum
872 1964 1013 2014 igitur
1033 1963 1109 2003 hic
1130 1963 1362 2002 maximus
1386 1960 1552 2014 [esset]
1575 1968 1929 2002 carceratorum

296 2045 516 2074 numerus
560 2040 603 2074 et
642 2035 892 2085 plurimum
930 2040 1215 2085 paterentur,
1259 2032 1375 2073 adeo
1421 2039 1471 2073 ut
1516 2032 1726 2072 nonnulli
1771 2044 1931 2073 eorum

296 2105 418 2144 fame
450 2105 698 2155 aliquando
727 2111 1040 2154 morerentur,
1072 2110 1116 2144 et
1146 2104 1414 2155 frequenter
1444 2104 1491 2143 in
1520 2103 1830 2154 gravissimos
1866 2104 1930 2143 in-

298 2175 502 2215 ciderent
522 2176 731 2226 morbos,
766 2176 861 2226 egit
889 2175 1028 2215 Pater
1056 2175 1180 2226 apud
1215 2174 1472 2224 Proregem
1498 2179 1547 2213 ut
1574 2174 1805 2225 hospitale
1834 2185 1932 2213 car—

299 2246 469 2286 ceratis
491 2246 841 2296 aegrotantibus
869 2247 1152 2297 erigeretur,
1178 2245 1300 2297 quod
1316 2245 1413 2296 jam
1435 2256 1461 2284 a
1482 2244 1689 2295 Prorege
1717 2250 1932 2296 coeptum

296 2316 462 2356 fuerat.
494 2317 674 2357 Verum
704 2328 852 2366 neque
882 2318 1011 2356 locus
1043 2316 1248 2367 aegrotis
1280 2314 1603 2365 conveniebat,
1627 2326 1777 2367 neque
1799 2321 1934 2355 erant

298 2398 324 2425 a
346 2387 512 2437 quibus
532 2387 596 2426 illi
618 2393 916 2438 curarentur,
951 2387 1074 2438 quod
1104 2387 1331 2438 pecuniae
1352 2386 1411 2425 ad
1432 2386 1479 2425 id
1499 2397 1615 2437 opus
1635 2386 1933 2426 necessariae

298 2468 391 2496 non
421 2458 842 2509 suppeditarentur.
873 2458 942 2498 Ita
971 2470 1078 2498 cum
1106 2459 1236 2498 locus
1263 2457 1495 2497 salubrior
1521 2464 1644 2497 esset
1677 2455 1931 2509 [paratus],

300 2535 343 2566 et
378 2539 432 2567 eo
460 2528 627 2568 infirmi
651 2527 747 2579 jam
773 2529 961 2569 deducti
993 2534 1169 2579 essent,
1202 2539 1364 2568 curam
1392 2528 1534 2568 totius
1563 2528 1834 2579 hospitalis,
1869 2528 1932 2567 ita

298 2598 501 2648 Prorege
523 2600 825 2650 decernente,
849 2600 989 2640 Pater
1010 2599 1238 2650 suscepit,
1269 2610 1408 2650 quam
1439 2605 1601 2650 postea
1632 2599 1713 2639 uni
1742 2611 1801 2638 ex
1832 2598 1935 2638 Col-

300 2669 420 2718 legio
443 2669 706 2720 mandavit,
740 2671 819 2722 qui
846 2670 1050 2722 quotidie
1071 2681 1208 2710 mane
1229 2676 1273 2709 et
1294 2681 1490 2720 vespere
1518 2669 1748 2721 hospitale
1774 2669 1930 2708 visita-

301 2744 434 2778 turus
461 2751 565 2779 cum
587 2740 765 2780 duobus
787 2753 845 2780 ex
866 2741 960 2792 his,
985 2741 1061 2792 qui
1091 2741 1138 2780 in
1170 2740 1307 2780 domo
1330 2741 1622 2791 probationis
1644 2746 1772 2789 sunt,
1796 2739 1933 2791 profi—

356 2874 365 2893 ¹
405 2875 651 2909 Apographum
666 2876 697 2902 in
713 2876 836 2910 duplici
852 2877 941 2911 solio,
963 2884 1017 2904 nn.
1031 2877 1065 2903 34
1081 2881 1113 2903 et
1127 2876 1178 2908 35,
1200 2875 1278 2902 Cod.
1295 2876 1372 2902 1551.
1394 2876 1485 2908 Quae
1501 2877 1533 2903 in
1549 2877 1600 2903 his
1616 2877 1742 2904 litteris
1757 2875 1930 2903 continen—

302 2926 368 2955 tur,
383 2922 535 2949 breviter
550 2929 569 2949 a
584 2922 730 2949 Polanco
745 2929 887 2951 narrata
910 2924 1061 2958 reperies
1082 2924 1113 2951 in
1130 2923 1306 2953 Chronico,
1321 2927 1344 2949 t.
1361 2930 1394 2956 11,
1410 2930 1488 2957 pag.
1503 2923 1556 2950 536
1571 2929 1603 2951 et
1619 2932 1700 2958 seq.,
1717 2923 1759 2951 ad
1773 2930 1830 2951 an.
1850 2922 1931 2954 1552,

304 2977 333 2995 n.
351 2968 402 2995 290
417 2972 449 2995 et
464 2976 533 3003 seq.
