2080 3392
250 160 322 197 272
679 175 687 182 ψ
762 160 987 196 LITTERAE
1014 169 1369 202 QUADRIMESTRES

928 608 1197 662 CCXXII

325 836 588 874 Franciscus
606 834 782 872 Bordon

374 902 494 939 Patri
511 901 681 948 Ignatio
700 901 752 937 de
772 900 955 947 Loyola.

419 967 601 1011 Mutina,
622 967 645 1003 5
662 965 767 1012 Maji
789 965 880 1003 1553
898 967 922 1000 ¹.

1013 1174 1134 1216 Ihus.

335 1389 447 1430 Gra.
481 1396 525 1429 et
554 1400 647 1439 pax
680 1387 772 1427 dni.
803 1387 888 1427 nri.
919 1387 1021 1427 Iesu
1052 1387 1225 1427 Christi
1254 1387 1313 1427 sit
1342 1398 1526 1438 semper
1547 1397 1653 1426 cum
1675 1385 1889 1426 omnibus

256 1460 405 1500 nobis.
430 1460 596 1500 Amen.

337 1531 538 1582 Tempus
567 1531 659 1570 iam
681 1529 828 1581 exigit
855 1536 903 1569 ut
931 1529 1027 1578 tibi,
1050 1540 1277 1580 perquam
1303 1527 1596 1568 observande
1618 1527 1663 1567 in
1691 1526 1775 1567 X.⁰
1795 1525 1886 1577 Pr„

258 1602 488 1642 rationem
501 1602 752 1641 reddamus
770 1600 975 1640 omnium
993 1601 1099 1651 (quo
1114 1611 1225 1639 sane
1243 1605 1435 1639 sanctae
1452 1598 1741 1638 obedientiae
1758 1608 1889 1649 prae-

260 1679 393 1724 cepto
415 1671 792 1721 satisfaciamus),
817 1682 935 1722 quae
958 1671 1058 1710 dns.
1082 1669 1211 1710 Deus
1232 1670 1278 1709 in
1306 1670 1395 1709 hoc
1424 1668 1620 1719 collegio
1647 1667 1888 1708 societatis

256 1744 425 1793 effecit,
450 1750 583 1783 utens
605 1743 803 1782 fratrum
825 1747 868 1781 et
890 1741 1080 1781 Patrum
1098 1752 1241 1792 opera
1259 1753 1313 1780 ac
1336 1740 1579 1790 industria,
1604 1739 1681 1790 qui
1700 1739 1747 1778 in
1768 1738 1890 1778 hanc

256 1815 417 1854 urbem
438 1821 544 1854 sunt
566 1813 717 1860 missi,
748 1820 797 1852 ut
819 1812 1007 1852 vineam
1029 1811 1191 1851 christi
1212 1811 1400 1851 Domini
1423 1810 1481 1850 ad
1509 1810 1607 1850 eius
1627 1808 1812 1849 laudem
1834 1820 1888 1848 ac

257 1886 519 1926 animarum
552 1884 800 1924 utilitatem
830 1895 914 1934 pro
942 1882 1119 1922 viribus
1150 1883 1433 1922 excolerent.
1466 1881 1552 1921 His
1579 1881 1719 1931 igitur
1746 1879 1892 1920 literis

258 1957 377 1996 dabo
399 1967 592 2007 operam
615 1958 700 2002 (est
721 1965 922 2005 namque
944 1966 970 1992 a
991 1952 1077 1993 §.ta
1099 1953 1363 1993 obedientia
1391 1952 1503 1992 mihi
1530 1949 1888 2003 praescriptum)

258 2039 483 2068 enarrare
512 2038 587 2067 res
616 2032 775 2077 gestas
806 2026 879 2065 his
908 2031 1108 2076 quatuor
1140 2024 1375 2064 mensibus
1405 2023 1677 2073 transactis,
1709 2028 1807 2062 tum
1834 2020 1890 2060 de

259 2099 501 2139 literarum
520 2097 699 2147 studiiS,
723 2103 820 2136 tum
847 2097 902 2136 de
925 2096 1163 2146 religionis
1186 2107 1240 2135 ac
1262 2095 1451 2146 pietatis
1474 2093 1648 2134 officiis.

340 2170 571 2210 Numerus
590 2167 907 2208 studiosorum
929 2167 976 2206 in
998 2167 1095 2207 dies
1117 2166 1286 2206 crescit
1309 2166 1372 2216 (ut
1400 2166 1507 2205 hinc
1537 2165 1718 2205 initium
1740 2175 1890 2204 suma-

260 2243 396 2289 mus).
416 2240 487 2280 Ac
506 2240 536 2280 ii
555 2239 755 2291 quidem,
775 2238 853 2289 qui
874 2249 1057 2288 semper
1077 2243 1288 2277 nostrum
1311 2236 1558 2287 collegium
1575 2235 1889 2286 frequentant,

262 2318 367 2352 sunt
389 2317 575 2351 centum
596 2303 950 2362 quinquaginta,
974 2308 1185 2359 plurimis
1206 2307 1429 2359 exceptis,
1454 2307 1546 2358 qui,
1566 2306 1748 2346 infirma
1769 2305 1891 2344 vale-

261 2383 420 2422 tudine
456 2381 679 2433 impediti‚
717 2392 810 2420 non
844 2379 1112 2419 adveniunt.
1144 2378 1215 2418 Ac
1252 2379 1298 2418 in
1325 2377 1558 2418 universis
1586 2376 1772 2428 quidem
1797 2376 1891 2415 lau-

262 2453 443 2493 dandus
465 2460 534 2493 est
557 2452 785 2501 dominus,
805 2450 930 2502 quod
946 2450 1061 2489 adeo
1079 2461 1105 2488 a
1122 2449 1319 2500 pristina
1340 2448 1531 2489 vivendi
1547 2448 1728 2487 ratione
1744 2457 1892 2486 reces-

265 2526 424 2574 serint,
448 2529 497 2563 ut
520 2523 576 2563 ab
599 2523 654 2562 iis
676 2533 826 2573 neque
843 2520 1104 2570 detestatio,
1128 2531 1277 2571 neque
1299 2519 1626 2569 iuramentum,
1650 2530 1736 2558 nec
1756 2517 1894 2557 male-

319 2731 329 2750 ¹
369 2729 618 2764 Autographae
635 2728 848 2763 quadruplici
869 2728 901 2755 in
924 2727 1012 2761 folio,
1035 2734 1088 2753 nn.
1104 2726 1138 2753 94
1154 2730 1186 2752 et
1201 2725 1355 2752 95.-Eas
1378 2724 1571 2751 emendavit
1598 2723 1774 2755 Polancus.
1798 2729 1897 2757 quae-

264 2779 352 2811 dam,
370 2778 460 2804 haud
475 2784 595 2811 pauca,
611 2777 736 2809 delens,
753 2776 851 2810 plura
866 2778 1011 2802 mutans:
1027 2778 1060 2801 et
1076 2781 1193 2800 earum
1208 2774 1255 2800 sic
1270 2773 1519 2806 castigatarum
1534 2771 1658 2804 duplex
1673 2770 1763 2797 nacti
1782 2777 1895 2797 sumus

268 2827 459 2859 exemplum
474 2825 721 2859 apographum,
738 2830 839 2850 unum
853 2829 907 2849 nn.
924 2821 959 2848 93
973 2825 1005 2848 et
1020 2822 1062 2854 921,
1077 2822 1222 2849 alterum
1238 2828 1292 2847 nn.
1307 2821 1342 2847 97
1355 2824 1388 2847 et
1403 2819 1447 2846 98.
1464 2818 1628 2852 Quoniam
1642 2824 1724 2844 vero
1739 2816 1895 2843 emenda-

266 2872 373 2899 tiones
385 2872 576 2907 hujusmodi
591 2872 705 2906 plures
720 2870 958 2904 longioresque
971 2872 1049 2896 sunt
1064 2876 1163 2903 quam
1175 2872 1211 2895 ut
1235 2869 1267 2895 in
1287 2871 1384 2895 textu
1399 2865 1561 2900 distingui
1577 2868 1636 2892 aut
1651 2864 1685 2891 in
1701 2863 1895 2890 annotatio-

265 2920 361 2947 nibus
380 2919 533 2946 exhiberi
555 2918 726 2946 commode
751 2917 897 2952 possint.
922 2917 996 2944 ideo
1011 2923 1081 2950 nos,
1100 2919 1175 2950 post
1191 2916 1342 2948 litteras,
1366 2914 1483 2948 quales
1499 2912 1644 2940 confecit
1663 2910 1808 2944 Bordon,
1825 2916 1893 2944 eas,

265 2968 383 3002 quales
398 2967 581 2994 adornavit
596 2966 770 2999 Polaticus,
788 2965 994 2992 exhibemus.
