2080 3392
287 140 359 178 280
795 142 1021 179 LITTERAE
1047 154 1405 186 QUADRIMESTRES

286 237 549 277 animarum
579 238 778 287 lucrum,
803 244 847 277 et
869 250 987 289 quae
1008 238 1218 290 erigendi
1239 239 1434 291 Collegii
1455 239 1692 280 facultatis
1719 253 1914 282 exoran-

286 307 371 347 dae
393 308 632 357 negotium
653 314 882 359 spectant,
907 309 1211 360 complexuri.

364 378 598 428 Quantum
620 378 678 418 ad
698 378 902 419 familiae
923 385 1111 420 nostrae
1132 392 1397 431 numerum,
1422 388 1559 433 atque
1582 382 1697 421 adeo
1720 394 1914 422 oecono-

285 448 425 487 miam
447 448 598 499 ipsam
627 449 812 499 attinet,
836 450 950 489 nihil
969 451 1205 502 peculiare
1226 457 1411 502 praeter
1437 464 1506 501 ea,
1530 463 1649 502 quae
1670 453 1917 503 superiori-

286 520 370 558 bus
390 518 536 558 literis
563 520 813 560 commissa
842 520 990 571 fuere,
1024 521 1320 561 scribendum
1348 522 1553 562 occurrit
1580 523 1667 562 hoc
1695 524 1918 574 temporis

284 590 496 630 articulo.
518 590 678 642 Neque
700 592 824 632 enim
844 592 1012 632 mirum
1032 593 1182 633 videri
1203 593 1337 633 debet
1357 594 1416 643 si,
1441 600 1508 633 tot
1531 595 1917 645 occupationibus

285 660 471 701 Patrem
492 668 703 702 nostrum
724 661 1031 703 paschasium
1051 664 1347 714 urgentibus,
1380 676 1435 704 ac
1464 670 1559 704 tam
1585 665 1723 715 gravi
1751 665 1913 706 adver—

284 731 473 771 sitatum
496 739 771 784 tempestate
792 745 877 773 nos
899 741 1180 785 occupante,
1205 746 1426 775 numerus
1447 742 1605 775 noster
1634 742 1798 775 auctus
1825 748 1920 776 non

285 803 366 853 sit3
396 804 674 854 praesertim
703 816 843 855 quum
869 807 986 845 alter
1013 817 1174 845 eorum
1199 805 1229 855 ¹,
1255 806 1346 857 qui,
1371 812 1562 857 peracta
1584 807 1915 847 exercitiorum

285 873 595 924 spiritualium
630 875 816 923 militia,
851 883 1041 916 nostrae
1076 876 1298 916 Societati
1332 887 1381 916 se
1412 877 1668 927 adiungere
1698 877 1917 918 decreve-

285 951 410 995 rant,
435 945 851 986 obtrectationibus
872 953 915 987 et
938 947 1254 998 contumeliis,
1277 946 1500 987 Societati
1522 959 1548 986 a
1569 948 1773 999 quodam
1794 948 1913 988 obie-

285 1014 393 1065 ctis,
418 1022 698 1066 commotus,
722 1029 815 1056 non
845 1018 981 1057 modo
1014 1018 1254 1058 ardentem
1285 1018 1413 1057 illum
1443 1029 1557 1068 erga
1583 1030 1668 1058 nos
1697 1018 1917 1059 affectum

284 1085 538 1137 remiserit,
562 1099 726 1127 verum
748 1088 946 1139 amplius
967 1094 1095 1128 certa
1117 1088 1347 1128 sententia
1378 1089 1585 1128 animum
1613 1089 1671 1129 ab
1699 1089 1915 1130 Instituto

283 1168 476 1207 prorsus
497 1159 756 1207 revocarit,
780 1171 872 1198 non
894 1159 1071 1199 veritus
1096 1159 1223 1199 Patri
1245 1160 1361 1199 haec
1382 1160 1483 1211 ipsa
1515 1172 1594 1199 ore
1627 1161 1816 1211 proprio
1843 1160 1918 1200 de-

285 1228 530 1277 nunciare,
556 1230 720 1280 quibus
742 1229 897 1280 fidem,
922 1231 1168 1282 plusquam
1187 1231 1507 1282 praecipitem,
1533 1236 1671 1270 antea
1700 1231 1918 1271 adhibue-

285 1305 358 1339 rat
397 1299 532 1347 Vide,
557 1299 696 1340 Pater
718 1300 1025 1351 observande,
1050 1313 1140 1352 quo
1161 1313 1236 1341 res
1259 1308 1447 1341 nostrae
1468 1308 1564 1341 tam
1584 1301 1739 1342 fausto
1762 1302 1912 1353 auspi-

284 1370 356 1410 cio
380 1376 593 1421 coeptae,
620 1371 736 1410 adeo
758 1371 931 1421 subitO,
956 1372 1079 1412 haud
1101 1372 1310 1421 dubium,
1335 1373 1529 1423 maligni
1551 1373 1699 1412 hostis
1729 1372 1917 1413 fraudu-

284 1441 424 1480 lentia
448 1447 711 1481 retroactae
733 1442 837 1482 sint.
860 1442 1061 1482 Proinde
1082 1455 1166 1483 nos
1188 1454 1346 1483 rerum
1366 1444 1692 1493 commotione,
1716 1445 1791 1483 vel
1812 1444 1914 1495 ipsa

285 1513 562 1552 necessitate
585 1513 816 1563 persuasi,
841 1514 988 1553 altera
1009 1525 1149 1554 manu
1171 1514 1372 1553 hostium
1389 1519 1432 1553 et
1449 1513 1851 1565 frequentissimos
1874 1524 1917 1554 et

269 1583 603 1629 ,ferocissimos
643 1584 863 1634 insultus,
906 1585 1074 1635 partim
1114 1585 1411 1636 prudentiae,
1453 1585 1624 1636 partim
1663 1585 1917 1636 patientiae

287 1654 443 1703 armis,
467 1655 645 1694 munita
667 1656 934 1695 retundere:
964 1656 1111 1695 altera
1137 1667 1250 1695 Vero
1278 1656 1483 1695 civitatis
1513 1661 1702 1696 nostrae
1730 1656 1914 1696 moenia

287 1731 503 1765 extruere
526 1726 752 1776 cogimur.

365 1795 602 1847 Quantum
623 1808 736 1836 vero
759 1797 818 1837 ad
838 1797 990 1837 Patris
1017 1797 1183 1837 vineae
1212 1796 1383 1838 Christi
1414 1797 1698 1837 excolendae
1731 1798 1918 1837 labores

286 1867 521 1918 impensos
552 1875 752 1919 spectat,
778 1868 899 1908 inter
926 1875 992 1908 tot
1019 1869 1365 1920 occupationes,
1385 1869 1596 1919 erigendi
1619 1868 1816 1919 Collegii
1836 1879 1915 1908 no—

287 1937 409 1977 mine
430 1945 691 1989 susceptas,
718 1950 801 1978 suo
824 1950 1009 1990 semper
1029 1939 1175 1978 alacri
1197 1951 1302 1979 cum
1323 1939 1551 1979 industria
1584 1939 1792 1989 fungitur
1823 1951 1918 1979 mu-

287 2020 418 2059 nere,
448 2020 731 2060 quamquam
758 2010 1020 2060 evangelici
1049 2010 1377 2049 commilitonis
1408 2010 1685 2060 subsidium,
1718 2011 1917 2061 locuple-

285 2079 417 2119 tioris
437 2079 585 2130 frugis
607 2092 688 2131 spe
710 2080 911 2128 adducti,
936 2081 1087 2120 obviis
1108 2081 1230 2120 votis
1251 2081 1292 2120 ei
1314 2086 1539 2131 optemus.
1565 2080 1708 2120 Cuius
1729 2081 1918 2132 quidem

286 2150 457 2190 laboris
479 2151 549 2190 sui
577 2150 796 2191 indefessi
818 2152 933 2191 haec
954 2152 1088 2191 nobis
1108 2152 1293 2202 reliquit
1314 2151 1529 2202 vestigia.
1555 2150 1786 2191 Sacerdos
1814 2163 1914 2203 pro—

286 2221 371 2260 bus
392 2233 447 2261 ac
469 2228 622 2261 aetate
651 2228 923 2273 provectus,
955 2222 1216 2262 Cardinalis
1244 2221 1488 2261 cuiusdam
1520 2222 1663 2261 multo
1692 2222 1918 2273 temporis

287 2292 438 2342 spatio
461 2292 762 2340 domesticus,
794 2292 995 2343 peractis
1025 2292 1272 2332 Societatis
1302 2292 1560 2343 exercitiiS,
1594 2293 1777 2332 animae
1808 2304 1920 2332 suae

287 2363 468 2402 lucrum
488 2374 593 2402 cum
614 2364 800 2414 pietatis
820 2363 973 2403 fructu
995 2375 1088 2403 non
1109 2363 1332 2403 mediocri
1354 2363 1627 2414 reportavit,
1651 2363 1742 2414 qui,
1774 2374 1917 2415 quum

287 2433 496 2484 pluribus
528 2434 784 2484 beneficiis,
817 2433 1106 2474 Pastoralem
1142 2433 1594 2474 administrationem
1624 2433 1918 2484 efflagitanti-

287 2504 393 2552 bus,
418 2511 638 2544 oneratus
659 2511 799 2555 esset,
831 2505 1060 2554 decrevit,
1091 2505 1228 2544 unico
1258 2510 1459 2554 retento,
1493 2504 1671 2555 reliqua
1704 2504 1918 2555 (quorum

288 2575 422 2614 alteri
457 2575 719 2615 animarum
753 2588 866 2616 cura
896 2576 1117 2625 annexa),
1151 2575 1197 2615 in
1227 2575 1417 2614 alterius
1447 2574 1518 2614 ius
1554 2574 1825 2623 transferre,
1864 2585 1919 2614 ac

289 2645 508 2696 deinceps
530 2658 719 2686 munere
740 2646 979 2697 pastorali,
1004 2646 1050 2685 in
1072 2645 1243 2686 Christi
1263 2656 1409 2696 grege
1432 2645 1519 2684 sibi
1541 2645 1790 2685 commisso
1811 2656 1915 2696 pru-

344 2804 353 2823 1
394 2803 429 2831 P.
445 2804 674 2840 Hieronymus
690 2806 719 2832 le
736 2805 813 2838 Bas,
829 2805 868 2832 de
885 2812 949 2839 quo
964 2804 1040 2832 vide
1057 2808 1171 2831 tamen
1186 2804 1274 2831 infra
1294 2804 1431 2831 litteras
1446 2803 1551 2837 ipsius
1567 2802 1706 2830 Roberti
1723 2802 1912 2838 Clayssonii

290 2851 332 2877 1.a
347 2850 557 2884 Septembris
575 2853 672 2886 hujus
687 2853 765 2879 anni
781 2852 889 2885 datas,
904 2852 1051 2878 POLANCI
1072 2851 1274 2882 Clzronz‘con,
1288 2855 1311 2878 t.
1326 2858 1373 2880 m,
1389 2858 1466 2884 pag.
1482 2850 1543 2882 238,
1560 2855 1592 2877 et
1609 2850 1711 2882 PRAT,
1729 2850 1919 2876 Memoz'res

286 2901 380 2931 pour
394 2900 511 2924 servir
526 2900 545 2925 ά
562 2899 735 2926 l'lzz'stoire
751 2900 797 2925 dn
812 2899 900 2926 Pe're
915 2898 1021 2925 Broet
1046 2901 1078 2926 et
1093 2899 1154 2926 des
1170 2899 1327 2932 origines
1347 2899 1389 2924 de
1411 2899 1443 2924 la
1466 2897 1678 2931 Compagm‘e
1693 2898 1735 2924 de
1754 2897 1862 2931 ⁸Iesus
1877 2904 1920 2923 en

289 2945 438 2978 France,
452 2950 541 2979 part.
557 2954 605 2979 111,
621 2947 676 2973 lib.
700 2954 719 2973 1.
