2080 3392
814 178 898 215 AN.
930 178 1022 215 1553
1661 177 1732 214 433

94 290 175 318 ros
197 283 247 318 ut
269 276 327 317 ad
348 278 441 317 tale
465 289 519 317 ac
548 282 731 317 tantum
758 276 1064 316 admittantur
1095 287 1226 326 opus.
1252 275 1337 315 His
1367 281 1412 315 et
1443 274 1546 315 aliis
1572 275 1730 314 multis

95 349 335 401 suppetias
355 348 630 400 ferentibus,
656 349 716 388 ad
738 348 827 388 Dei
847 348 1050 399 gloriam
1071 346 1289 387 effectum
1317 353 1386 387 est
1409 353 1457 387 ut
1486 346 1631 398 ipsius
1654 346 1729 386 do-

95 432 199 461 mus
218 420 521 460 fundamenta
542 431 636 460 non
657 420 808 460 solum
829 419 1104 459 emerserint
1121 430 1287 459 verum
1307 419 1448 458 etiam
1470 418 1615 458 multo
1639 417 1733 457 iam

95 504 145 532 se
166 503 307 543 supra
329 498 505 531 terram
526 490 776 530 erexerint.

175 562 313 602 Haud
334 562 804 614 praetermittendum
824 571 951 613 puto,
976 561 1114 601 Pater
1136 560 1425 612 dignissime,
1449 570 1622 612 quanio
1644 560 1732 612 spi-

95 634 254 675 rituali
289 634 463 684 gaudio
498 633 676 684 perfusi
704 632 931 672 fuerimus
966 632 1016 672 P.
1052 632 1296 672 Francisci
1333 631 1343 651 ¹
1376 632 1734 672 conversatione

96 712 141 746 et
158 705 393 755 convictu,
414 704 544 744 cuius
562 704 759 755 insignis
776 704 993 744 doctrina
1012 703 1368 755 inauditumque
1385 704 1559 743 nostris
1576 714 1733 743 saecu-

96 777 151 817 lis
172 777 454 828 exemplum,
478 781 577 815 tum
598 775 886 826 domesticis,
910 781 1008 814 tum
1030 775 1171 814 etiam
1193 775 1446 825 extraneis,
1471 774 1737 814 admirabili

96 848 284 888 utilitati
304 847 402 888 fuit.
424 846 512 887 Hic
532 847 655 887 enim
675 846 851 897 aliquot
870 845 970 886 dies
992 851 1326 896 commoratus,
1352 846 1531 897 aliquas
1547 846 1672 886 domi
1693 851 1738 885 et

95 919 277 971 publice
299 919 346 958 in
364 919 512 958 sacris
543 918 738 958 aedibus
760 918 1014 958 conciones
1031 917 1193 957 habuit
1215 923 1345 956 tanto
1369 917 1533 968 spiritu
1558 929 1613 956 ac
1636 929 1738 957 san-

96 991 317 1031 ctimonia
339 990 646 1040 abundantes,
665 995 715 1029 ut
735 989 871 1029 huius
891 988 1047 1040 oppidi
1070 988 1198 1028 cives
1215 988 1263 1028 in
1279 999 1502 1039 magnam
1519 995 1617 1028 tum
1633 1001 1738 1028 con-

94 1061 340 1112 fusionem,
360 1067 459 1101 tum
480 1061 622 1101 etiam
650 1060 1025 1111 admirationem,
1052 1059 1350 1109 ducerentur,
1376 1071 1493 1111 quos
1521 1060 1616 1099 suis
1638 1071 1739 1099 ver-

95 1133 165 1173 bis
187 1133 246 1173 ad
267 1144 492 1184 magnum
522 1131 611 1172 Dei
634 1131 851 1172 accendit
880 1143 1103 1182 amorem,
1141 1130 1367 1182 nobisque
1396 1131 1604 1170 animum
1630 1131 1740 1171 fecit

95 1204 156 1244 ad
175 1203 264 1244 Dei
294 1204 496 1255 gloriam
529 1204 772 1254 nostrique
807 1202 1129 1243 confusionem
1158 1202 1492 1254 quaerendam,
1529 1203 1660 1242 cuius
1691 1214 1740 1242 se

95 1276 258 1316 vivum
280 1275 533 1327 praebebat
554 1276 821 1326 exemplum
842 1273 870 1314 Ξ.

178 1347 469 1388 Intellexisse
492 1353 551 1397 te,
575 1346 624 1387 P.
650 1346 957 1397 observande,
985 1346 1190 1386 arbitror
1211 1346 1301 1386 illis
1323 1345 1489 1385 litteris
1517 1351 1743 1397 quantum

98 1418 280 1460 fructus
308 1417 358 1458 Ρ.
395 1418 635 1470 Baptistae
666 1417 680 1436 ⁵
710 1418 962 1458 conciones
993 1418 1177 1458 civibus
1209 1417 1388 1469 oppidi,
1423 1417 1546 1468 quod
1574 1416 1744 1457 dicitur

97 1490 372 1542 Methymna
394 1489 449 1529 de
472 1489 694 1540 Rioseco,
726 1490 980 1529 attulerint.
1006 1488 1187 1529 Deinde
1214 1501 1308 1529 non
1329 1494 1437 1540 post
1453 1489 1626 1528 multos
1647 1488 1746 1528 dies

100 1562 431 1602 Vallisoletum
456 1573 505 1601 se
528 1561 737 1611 contulit,
762 1561 841 1601 ubi
867 1560 1175 1601 concionibus
1205 1560 1301 1600 suis
1328 1560 1579 1611 ignitisque
1607 1560 1745 1599 collo-

102 1633 223 1685 quiis
246 1634 511 1684 complures
533 1633 715 1672 animas
733 1632 1029 1672 dulcissimus
1046 1632 1175 1672 Iesus
1191 1643 1508 1683 compungere
1526 1631 1749 1682 dignatus

102 1710 185 1745 est.

180 1775 438 1827 Praecipue
459 1776 662 1815 nobilem
685 1774 938 1827 quamdam
965 1774 1234 1825 foeminam,
1264 1774 1357 1814 viri
1384 1773 1628 1814 cuiusdam
1654 1785 1747 1813 ma-

100 1847 216 1887 ximi
244 1847 292 1887 in
322 1853 578 1899 conspectu
613 1845 859 1898 Principis,
884 1857 1094 1896 uxorem,
1135 1857 1254 1898 quae
1275 1847 1453 1885 nullum
1478 1845 1678 1896 gemmis
1706 1850 1750 1884 et

103 1931 220 1959 auro
240 1919 544 1970 vestibusque
561 1918 781 1970 pretiosis
797 1918 986 1958 modum
1004 1918 1225 1969 ponebat,
1244 1918 1592 1968 maximamque
1609 1916 1751 1956 felici-

102 1996 247 2031 tatem
268 1991 315 2031 in
345 1991 631 2031 ornamentis
661 1990 800 2030 sitam
828 2001 930 2030 esse
960 1990 1295 2030 arbitrabatur.
1320 1989 1450 2029 Haec
1484 2000 1590 2028 cum
1617 1994 1749 2028 tanto

102 2061 255 2102 studio
278 2062 428 2102 futilia
460 2067 504 2102 et
531 2061 692 2101 inania
721 2061 838 2101 haec
867 2061 1058 2112 coleret,
1088 2061 1290 2112 totisque
1324 2060 1504 2100 viribus
1532 2059 1753 2099 frivolam

103 2144 236 2173 suam
258 2133 386 2173 illam
417 2133 619 2184 gloriam
648 2133 1025 2184 amplecteretur,
1051 2132 1210 2172 audito
1232 2132 1281 2172 P.
1313 2132 1542 2183 Baptista,
1580 2142 1753 2182 magno

104 2204 264 2245 dolore
285 2205 512 2245 vanitatis
533 2216 646 2245 suae
667 2205 906 2244 stimulata
924 2216 974 2244 se
997 2204 1039 2244 ei
1060 2205 1180 2244 velle
1203 2203 1414 2244 confiteri
1431 2204 1562 2243 dixit.

180 2274 278 2316 Nec
299 2276 452 2315 solum
472 2276 532 2326 id;
557 2275 638 2315 sed
666 2275 805 2315 Patre
833 2281 994 2315 nostro
1022 2273 1037 2293 ⁴
1066 2275 1408 2326 praecipiente,
1439 2275 1561 2315 idem
1589 2274 1638 2314 P.
1668 2274 1752 2314 Ba-

102 2347 244 2399 ptista
266 2346 457 2387 Avilam
478 2346 607 2395 adiit,
631 2347 794 2386 urbem
815 2347 1051 2397 insignem
1073 2358 1129 2386 ac
1151 2347 1465 2398 praeclaram.
1494 2346 1583 2386 Ubi
1606 2357 1632 2385 a
1654 2351 1754 2385 toto

103 2418 308 2470 capitulo
326 2423 522 2469 rogatus
538 2418 586 2457 in
603 2417 817 2458 Ecclesia
834 2417 1105 2458 Cathedrali
1121 2417 1285 2458 habuit
1303 2418 1579 2457 concionem
1596 2427 1756 2468 quam-

103 2489 212 2530 dam
233 2489 351 2529 miro
373 2489 541 2540 spiritu
564 2500 620 2529 ac
637 2488 831 2529 fervore
849 2489 1086 2529 refertam.
1107 2488 1288 2529 Deinde
1307 2488 1531 2528 Kalendis
1549 2487 1755 2540 Septem-

104 2560 222 2611 bris,
243 2572 333 2612 quo
351 2559 424 2600 die
441 2559 614 2600 festum
629 2559 712 2600 Sti.
731 2560 888 2611 Egidii
905 2560 1193 2611 celebratur,
1212 2559 1407 2600 Patroni
1429 2560 1589 2612 templi
1615 2559 1755 2608 illius,

160 2720 171 2740 ¹
212 2720 352 2755 Borgia.

158 2766 173 2786 ’ξ
213 2767 354 2802 Signum
369 2768 539 2802 quoddam
553 2768 607 2794 hic
622 2772 674 2795 est
689 2769 721 2795 in
742 2768 953 2803 apographo.
974 2768 1026 2795 cui
1041 2768 1133 2795 aliud
1149 2768 1259 2795 simile
1274 2768 1457 2802 respondet
1471 2768 1606 2802 signum
1620 2768 1653 2795 in
1668 2768 1750 2795 folio

107 2814 279 2849 adencto,
295 2823 326 2841 n.
341 2815 408 2844 455,
422 2819 459 2842 ut
474 2815 640 2842 indicetur
656 2816 837 2842 inserenda
860 2815 894 2842 in
916 2816 978 2842 hoc
1000 2816 1074 2842 loco
1090 2823 1179 2849 esse,
1197 2823 1282 2849 quae
1298 2816 1331 2842 in
1352 2816 1409 2842 illo
1424 2816 1504 2842 folio
1522 2816 1750 2849 reperiuntur.

109 2861 174 2889 Sed
189 2870 264 2890 cum
279 2863 364 2890 haec
380 2871 446 2890 non
460 2864 527 2890 sint
544 2864 576 2890 in
591 2864 716 2890 litteris
732 2871 814 2890 vere
829 2863 1057 2897 autographis
1074 2867 1107 2890 et
1125 2863 1158 2890 id
1173 2863 1369 2897 respiciant,
1384 2863 1471 2897 quod
1486 2864 1547 2890 sub
1560 2864 1639 2890 anni
1651 2863 1753 2890 finem

109 2908 328 2946 Methymnae
344 2915 480 2945 gestum
494 2911 568 2943 fuit,
585 2911 627 2938 ad
643 2911 742 2938 finem
758 2911 957 2938 Decembris
972 2910 1048 2938 visa
1063 2915 1141 2937 sunt
1157 2911 1355 2945 rejicienda.

165 2957 178 2976 5
216 2957 252 2984 Ρ.
268 2957 415 2991 Joannes
431 2958 591 2993 Baptista
607 2958 772 2985 Sanchez.

164 3005 179 3024 4
217 3004 252 3031 P.
269 3004 392 3032 Petrus
409 3005 595 3040 Sevillano,
612 3005 864 3041 Methymnensi
877 3005 989 3032 domui
1004 3005 1234 3039 praepositus.

303 3065 354 3101 T.
375 3077 418 3101 11.
1525 3067 1570 3103 28
