2080 3392
283 177 354 214 296
793 178 1018 215 LirrERAE
1045 189 1402 221 QUADRIMESTRES

282 272 557 325 Jesuchristi
581 273 733 324 gloria
754 274 860 324 tela,
881 280 983 314 atro
1004 286 1184 315 veneno
1206 276 1393 329 infecta,
1418 279 1593 331 absque
1613 282 1752 331 gravi
1774 293 1914 333 nego-

285 344 348 382 tio
384 343 666 382 retunderet.
703 343 823 394 Quid
843 344 1034 384 tandem
1061 345 1299 387 definitum
1328 360 1430 389 esse
1461 349 1507 389 in
1537 350 1626 391 hoc
1656 351 1914 393 Doctorum

283 419 516 453 conventu
539 414 711 463 credis,
736 413 899 454 Pater?
920 414 1056 455 Nulla
1077 417 1215 467 plane
1231 419 1414 468 prolata
1431 421 1684 471 sententia3
1703 422 1784 462 sed
1802 423 1911 463 dila-

283 491 381 523 tum
394 483 546 523 adhuc
559 484 734 535 negotii
751 485 887 525 huius
899 486 1135 537 iudicium,
1154 499 1248 527 non
1264 488 1422 529 habita
1440 491 1621 531 ratione
1635 493 1773 544 spatii
1792 495 1912 544 plus-

283 566 424 605 quam
445 555 678 594 bimestris
700 556 868 607 elapsi,
893 557 1007 597 nihil
1030 557 1154 598 aliud
1183 560 1485 601 causantibus
1513 562 1603 602 illis
1630 575 1768 614 quam
1790 565 1912 615 quod

282 624 482 665 Senatus
504 625 784 666 Parisiensis
810 626 1031 667 Nuntium
1062 629 1120 668 ad
1141 629 1431 671 Facultatem
1452 643 1538 683 pro
1569 645 1698 673 more
1718 635 1913 675 solemni

282 707 375 735 non
409 695 708 746 destinasset,
742 697 819 748 qui
850 699 1027 749 negotii
1048 700 1195 739 nostri
1217 702 1511 742 consultandi
1534 704 1910 746 commissionem

279 766 512 806 Facultati
532 768 785 818 retulisset,
810 769 932 820 quod
960 770 1145 821 quidem
1177 783 1202 810 a
1231 770 1406 812 Senatu
1433 773 1751 815 intermissum
1780 776 1909 816 mini-

278 849 353 877 me
382 838 647 889 oportebat,
683 839 721 878 si
747 839 920 880 Christi
953 853 1095 881 causa
1128 842 1216 882 illis
1244 843 1373 883 cordi
1398 844 1581 896 fuisset,
1608 847 1774 897 quibus
1794 847 1912 888 haec

278 920 392 948 cura
432 909 742 949 incumbebat.
779 909 939 962 Itaque
972 923 1113 962 quum
1146 914 1372 963 postridie
1408 915 1506 955 eius
1540 916 1630 956 diei
1663 918 1912 958 universae

279 979 538 1019 Facultatis
560 980 807 1020 concilium
831 982 1159 1023 celebrandum
1191 996 1218 1023 a
1248 985 1381 1025 nobis
1413 986 1703 1038 crederetur,
1738 1000 1911 1029 causae

276 1056 434 1090 tamen
464 1056 653 1090 nostrae
675 1050 879 1091 definitio
902 1053 961 1092 ad
983 1053 1029 1093 id
1050 1065 1194 1105 usque
1222 1056 1445 1107 temporis
1467 1057 1610 1098 dilata
1640 1064 1732 1109 est,
1762 1059 1909 1100 donec

280 1121 325 1160 id
345 1122 551 1161 muneris
573 1134 599 1161 a
620 1122 795 1162 Senatu
816 1130 1058 1174 peractum
1079 1125 1152 1165 sit.

356 1191 444 1231 Hic
467 1198 536 1232 est
555 1194 703 1233 nostri
726 1194 917 1244 negotii,
943 1196 1018 1235 cui
1039 1196 1263 1247 implicati
1292 1197 1556 1250 haeremus,
1585 1201 1750 1249 nodus,
1774 1213 1797 1240 e
1820 1213 1909 1253 quo

276 1263 507 1304 Dominus
528 1264 749 1305 dexterae
771 1277 883 1305 suae
905 1267 1137 1318 praesidio
1159 1280 1246 1308 nos
1275 1270 1463 1310 tandem
1491 1272 1725 1312 extricare
1752 1272 1909 1323 digne-

276 1341 366 1375 tur.
390 1335 485 1375 Nec
508 1336 630 1375 enim
651 1337 810 1376 dubito
832 1338 942 1389 quin
964 1338 1165 1390 tandem,
1190 1346 1257 1380 tot
1275 1342 1515 1382 exhaustis
1536 1343 1786 1395 laboribus,
1811 1345 1911 1385 voti

273 1412 511 1457 compotes
532 1406 620 1446 Dei
647 1408 802 1458 gratia
830 1409 1093 1460 reddemur,
1125 1410 1207 1450 sed
1235 1423 1327 1451 non
1358 1412 1534 1464 absque
1560 1416 1766 1465 pulvere.
1804 1414 1908 1455 Non

271 1477 396 1516 enim
417 1477 689 1528 ignoramus
711 1485 865 1519 astuta
889 1481 1083 1520 consilia
1106 1494 1161 1521 ac
1192 1482 1359 1533 impios
1387 1491 1584 1524 conatus
1610 1486 1758 1526 hostis
1775 1487 1907 1527 ‚illius

270 1548 633 1598 vigilantissimi,
665 1561 801 1600 quem
830 1550 1061 1591 Dominus
1091 1553 1228 1605 Jesus
1255 1560 1465 1594 conteret
1496 1556 1580 1595 sub
1609 1556 1803 1608 pedibus
1829 1570 1905 1598 no-

268 1619 392 1658 stris.

347 1689 673 1741 Superioribus
688 1693 827 1732 etiam
841 1693 1201 1734 adversitatibus
1220 1696 1419 1736 accessit
1435 1696 1633 1737 duorum
1645 1698 1902 1750 Theologo-

265 1772 383 1811 rum,
407 1762 549 1813 vulgo
572 1763 931 1811 celebratorum,
956 1763 1238 1806 Societatem
1258 1767 1369 1819 Jesu
1391 1779 1562 1808 nomen
1583 1769 1669 1809 sibi
1702 1769 1904 1810 affixisse

265 1831 627 1882 improbantium
666 1834 712 1873 in
746 1835 944 1885 publicis
985 1836 1306 1888 concionibus,
1347 1839 1531 1879 detorta
1565 1839 1902 1892 interpretatio.

264 1901 414 1953 Alter,
447 1904 525 1954 qui
552 1905 676 1955 apud
706 1905 954 1957 deputatos
988 1907 1184 1958 aliquot,
1217 1908 1433 1949 dextrum
1461 1916 1599 1950 antea
1628 1912 1798 1952 tulerat
1825 1923 1904 1952 no-

263 1978 390 2013 strae
412 1974 538 2014 vitae
567 1976 900 2024 testimonium,
928 1978 1077 2018 obiter
1107 1990 1192 2019 nos
1220 1980 1265 2019 in
1294 1981 1519 2021 concione
1546 1982 1751 2032 notabat,
1783 1983 1905 2034 quod

264 2043 645 2086 Sacratissimum
676 2047 786 2099 Jesu
807 2059 977 2088 nomen
1005 2054 1195 2089 nostrae
1225 2048 1447 2091 Societati
1476 2063 1643 2103 parum
1669 2053 1904 2094 humiliter

264 2115 661 2166 ascripsissemus.
693 2117 795 2157 Non
823 2120 938 2158 satis
968 2119 1212 2171 (inquiens)
1243 2133 1403 2161 eorum
1431 2123 1675 2164 consilium
1704 2125 1904 2175 probare

265 2197 400 2236 queo,
430 2187 507 2237 qui
529 2199 698 2228 nomen
722 2188 832 2240 Jesu
854 2201 939 2241 pro
961 2190 1094 2230 titulo
1117 2191 1204 2231 sibi
1225 2194 1598 2234 accommodant.
1618 2195 1750 2235 Alter
1771 2207 1901 2241 vero,

262 2256 554 2308 insolentius,
578 2259 676 2299 zelo
698 2245 864 2310 parum
882 2261 1099 2312 prudenti
1118 2262 1461 2314 obtemperans,
1483 2265 1616 2305 nobis
1633 2265 1900 2317 insultabat,

261 2339 400 2378 quem
432 2340 527 2368 non
558 2330 764 2381 maligno
796 2332 879 2371 sed
911 2332 1067 2383 potius
1096 2333 1332 2383 ignoranti
1367 2335 1522 2375 animo
1558 2336 1784 2377 adversus
1818 2349 1904 2378 nos

261 2399 581 2448 proclamasse
604 2400 878 2453 iudicamus,
907 2414 1051 2454 quum
1073 2404 1130 2443 sit
1150 2405 1225 2444 vir
1245 2416 1356 2445 vere
1378 2406 1481 2457 pius
1498 2407 1627 2446 iuxta
1649 2419 1703 2447 ac
1722 2408 1898 2449 doctus.

262 2468 367 2508 Non
396 2468 562 2510 desunt
590 2471 667 2511 alii
694 2473 807 2512 novi
836 2473 1138 2525 interpretes,
1163 2476 1241 2526 qui
1271 2475 1551 2517 Societatem
1579 2478 1690 2530 Jesu
1716 2479 1903 2519 nomine

263 2539 535 2590 insignitam
556 2543 915 2592 calumniantur,
948 2545 1084 2595 quasi
1111 2557 1195 2585 nos
1218 2545 1419 2586 Domino
1446 2547 1556 2600 Jesu
1587 2548 1786 2599 Christo,
1818 2561 1903 2589 ceu

262 2610 417 2650 socios
439 2618 483 2651 et
505 2611 702 2663 sodales,
730 2625 785 2653 ac
806 2626 897 2654 non
927 2615 1085 2666 potius
1114 2628 1283 2657 servos
1307 2629 1361 2657 ac
1383 2618 1637 2669 ministros,
1667 2631 1901 2671 compare-

263 2692 379 2731 mus,
405 2684 679 2733 arrogantia
701 2685 773 2724 usi
794 2685 841 2725 in
863 2686 980 2725 tanti
1010 2687 1212 2726 nominis
1238 2689 1557 2739 usurpatione.
1589 2689 1686 2730 Nos
1716 2690 1901 2731 interim

264 2751 435 2792 Christi
470 2755 626 2803 gratia
660 2755 822 2795 beatos
848 2757 1195 2807 praedicemus
1226 2759 1391 2810 quibus
1420 2760 1579 2800 datum
1608 2766 1677 2800 est
1707 2773 1792 2812 pro
1822 2773 1898 2801 no-

265 2822 387 2862 mine
418 2824 529 2875 Jesu
566 2827 897 2867 contumeliam
932 2828 1043 2878 pati.
1075 2828 1228 2879 Atque
1255 2830 1433 2870 utinam
1463 2831 1689 2881 graviora
1716 2832 1901 2883 perpeti

264 2892 440 2944 absque
461 2895 726 2936 animarum
748 2897 930 2937 iactura
951 2898 1084 2938 nobis
1106 2899 1316 2939 donetur.

345 2963 603 3016 Praecipua
629 2973 818 3007 nostrae
845 2969 1116 3019 tragoediae
1138 2970 1293 3020 capita
1321 2973 1587 3012 summatim
1620 2972 1718 3012 fere
1746 2974 1895 3025 attigi-
