2080 3392
858 158 942 195 AN.
974 157 1067 195 1554
1718 157 1790 196 509

142 261 329 306 rentur3
352 267 443 307 qua
465 255 521 295 de
544 267 689 296 causa
709 255 887 296 factum
908 261 979 296 est
1008 261 1059 296 ut
1087 255 1220 296 festis
1248 267 1304 295 ac
1333 255 1580 296 dominicis
1608 254 1786 304 diebus,

142 327 265 367 ultra
286 327 473 368 solitam
495 339 553 367 ac
573 339 870 368 communem
890 327 1179 378 doctrinam,
1212 327 1418 367 habeant
1447 326 1727 367 familiarius
1759 339 1785 366 a

143 404 454 450 praeceptore
475 405 520 439 et
542 399 683 439 aliam
710 399 962 450 privatam.
992 399 1234 439 Mutarunt
1260 398 1471 438 nonnulli
1498 398 1626 438 Vitae
1660 398 1786 438 insti-

144 475 315 520 tutum,
349 482 405 510 ac
436 470 536 510 Deo
564 482 614 511 se
642 470 935 511 dedicarunt.
959 469 1289 522 Superioribus
1311 469 1473 510 diebus
1495 470 1611 521 duo,
1635 482 1661 510 a
1678 468 1789 509 Pro-

143 540 335 581 vinciali
355 541 742 582 Praedicatorum
762 542 957 593 recepti,
981 540 1279 593 praeceptori
1301 541 1518 581 ultimum
1538 541 1645 581 vale
1663 540 1787 581 dixe-

145 618 267 652 runt.
296 612 402 652 Duo
425 619 470 653 et
498 612 781 653 Societatem
814 618 1026 653 nostram
1057 612 1264 663 ingressi
1291 617 1423 663 sunt3
1460 611 1584 664 quod
1618 612 1789 652 multos

142 683 352 724 facturos
380 684 543 731 credo,
574 696 681 724 cum
709 683 768 724 ad
802 696 888 724 nos
920 683 1098 724 aditum
1132 695 1227 723 non
1262 683 1447 735 penitus
1482 683 1788 723 interclusum

137 755 466 806 cognouerint.
505 755 732 796 Tractant
770 766 932 795 omnes
970 760 1246 795 reuerentes
1279 765 1373 794 non
1413 755 1561 794 solum
1596 766 1785 806 praece-

139 832 321 877 ptores,
359 838 525 866 verum
561 827 704 867 etiam
731 826 1012 868 Sacerdotes
1043 831 1087 866 et
1123 825 1295 865 fratres
1323 837 1450 865 nros.
1489 825 1788 866 Conueniunt

140 897 387 937 dominicis
423 910 478 937 ac
512 898 643 938 festis
680 897 842 938 diebus
878 897 938 937 ad
973 897 1260 946 doctrinam,
1299 896 1347 936 in
1378 908 1469 948 qua
1498 909 1592 937 non
1614 897 1786 937 medio-

136 968 283 1008 criter
303 969 566 1020 proficiunt.
591 969 871 1010 Sacerdotes
892 969 1055 1019 etiam,
1079 967 1159 1019 qui
1176 967 1493 1008 conscientiae
1511 968 1699 1009 casibus
1718 969 1781 1009 in-

141 1038 360 1090 tendunt,
384 1040 631 1080 utilitatem
652 1052 747 1080 non
768 1041 1017 1091 vulgarem
1047 1051 1105 1079 ex
1132 1038 1223 1078 hac
1254 1039 1453 1079 lectione
1481 1047 1781 1092 acceperunt,

141 1122 283 1163 quam
305 1112 450 1151 multo
471 1112 699 1152 maiorem
721 1112 768 1152 in
790 1111 888 1151 dies
909 1110 1116 1151 suturam
1147 1121 1407 1161 speramus
1443 1109 1561 1150 Sunt
1591 1122 1786 1152 numero

109 1188 116 1198 ’
141 1181 201 1221 ad
220 1182 287 1232 35,
311 1195 369 1222 ex
390 1183 557 1234 quibus
577 1182 630 1222 ΩΟ
648 1182 913 1223 Cardinalis
938 1181 1228 1233 benignitate
1256 1180 1303 1220 in
1327 1186 1424 1220 tam
1449 1187 1614 1222 sancto
1645 1194 1786 1234 opere

139 1260 488 1304 sustentantur3
530 1255 727 1306 singulis
756 1255 879 1295 enirn
912 1255 959 1294 in
993 1253 1204 1305 singulos
1240 1264 1391 1292 annos
1431 1253 1483 1292 25
1527 1265 1696 1294 aureos
1727 1265 1786 1295 ex

136 1325 240 1365 eius
262 1325 575 1377 vectigalibus
597 1325 956 1378 suppeditantur
980 1323 1006 1365 ¹.

223 1396 415 1437 Fratres
451 1397 659 1449 theologi
693 1397 740 1437 in
767 1397 942 1447 solitis,
973 1402 1072 1436 tum
1107 1396 1373 1447 literarum,
1408 1401 1507 1435 tum
1543 1395 1786 1446 virtutum,

138 1468 307 1508 studiis
328 1476 656 1519 perseverant,
682 1480 788 1509 cum
810 1474 1087 1520 augmento,
1112 1466 1203 1507 Dei
1224 1467 1493 1518 clementia,
1518 1467 1597 1519 qui
1630 1467 1788 1508 Pater-

140 1539 337 1579 nitatem
367 1546 497 1580 tuam
525 1545 773 1580 conservet
800 1545 845 1580 et
871 1545 1116 1591 protegat,
1147 1538 1280 1579 cuius
1307 1538 1682 1579 benedictionem
1713 1550 1788 1579 ex-

141 1611 359 1662 petimus.

221 1683 429 1733 Evorae,
453 1682 661 1723 calendis
681 1682 920 1736 Januarii,
948 1681 1065 1722 1554.

220 1754 293 1794 Ex
314 1754 645 1794 commissione
666 1753 716 1794 P.
739 1753 984 1794 Michaelis
1007 1753 1192 1804 ssayros
1212 1785 1218 1801 ,

222 1825 398 1865 inutilis

1136 1965 1334 2006 MARCUS
1366 1966 1624 2007 GEonoius.

221 2183 576 2235 &perscriptio
610 2183 659 2222 in
694 2186 868 2234 quarta
905 2180 1118 2233 pagina:
1159 2180 1223 2220 Al
1263 2191 1374 2231 muy
1410 2179 1512 2220 R.d0
1554 2192 1611 2221 en
1645 2180 1785 2222 Chro.

137 2255 285 2306 padre
306 2256 348 2294 el
368 2254 483 2294 Psire
504 2255 709 2295 Maestro
730 2253 939 2305 anatio
961 2252 1204 2304 preposito
1226 2253 1423 2302 general
1444 2252 1500 2292 de
1522 2253 1567 2292 la
1590 2252 1787 2303 Compa-

139 2327 220 2366 nia
242 2325 298 2366 de
319 2326 455 2379 Jesus
476 2338 534 2366 en
553 2325 718 2366 Roma.

220 2397 308 2437 Del
332 2398 541 2449 Collegio
563 2396 770 2437 Deuora.

220 2468 332 2508 Alsa
353 2481 514 2509 mama.
542 2468 657 2509 1554.
683 2468 833 2520 Quad.
852 2468 1034 2518 Euora,
1058 2466 1131 2507 del
1153 2466 1389 2507 GennaiO.

194 2629 206 2650 ἱ
244 2629 333 2657 Vide
349 2629 523 2663 PotANco,
544 2629 755 2663 Clzronicon,
771 2635 794 2658 t.
811 2638 864 2662 111.
879 2637 958 2664 pag.
973 2628 1042 2661 423.
1059 2637 1089 2656 n.
1107 2628 1169 2655 937.
