2080 3392
825 223 910 260 AN.
942 222 1035 260 1552
1710 223 1757 260 39

112 330 313 373 statem,
355 320 522 372 majori
560 333 614 361 ac
657 320 928 361 modestiori
969 319 1225 360 attentione
1263 318 1564 369 moribusque
1605 320 1755 371 magis

111 393 388 445 compositis
409 398 453 432 et
475 392 707 432 desiderio
736 392 955 443 denique,
986 403 1076 442 quo
1108 390 1171 430 illi
1199 395 1361 430 nostra
1393 390 1657 440 quaeritare
1686 403 1754 430 so-

113 467 222 505 lent.
260 465 403 504 Hisce
438 469 596 503 tamen
630 475 754 503 nunc
788 464 927 513 longe
963 461 1142 512 majora
1177 461 1388 513 polliceri
1423 460 1641 500 Videntur
1680 462 1755 501 ubi

109 542 243 576 certo
273 537 376 575 loco
403 535 543 575 rebus
575 534 809 583 omnibus,
841 545 960 585 quae
981 539 1080 573 tum
1101 533 1160 572 ad
1188 532 1399 572 divinum
1427 532 1625 579 cultum,
1656 538 1753 571 tum

117 607 177 647 ad
200 607 463 647 animarum
483 606 825 657 promotionem
846 604 1104 656 pertinent,
1128 615 1212 643 suo
1235 603 1398 643 ordine
1420 602 1506 642 rite
1529 604 1751 653 composi-

114 679 195 729 tis,
238 677 506 717 divinorum
545 676 882 717 sacrificiorum
918 674 1202 715 suavitatem
1237 679 1429 724 gustare
1467 673 1674 723 dabitur3
1713 680 1756 714 et

113 761 207 789 non
237 754 419 788 tantum
458 754 653 788 externa
688 747 964 793 observare,
999 757 1183 796 quaque
1212 745 1257 784 in
1289 745 1661 795 praesentiarum
1698 745 1756 784 ad

112 821 334 872 pietatem
365 819 556 870 egregie
590 823 910 870 provocantur
939 823 1388 868 promoventurque,
1421 816 1620 856 fratrum
1655 817 1753 856 reli-

112 891 247 942 giosa
282 890 451 941 ubique
487 889 731 930 modestia.
767 887 859 928 Sed
894 895 938 928 et
975 888 1226 939 plurimum
1262 898 1529 938 puerorum,
1563 898 1678 938 quos
1713 893 1756 926 et

114 962 423 1002 instituendos
459 961 772 1012 suscepimus,
816 960 1106 999 incremento
1141 965 1239 998 tam
1280 958 1325 998 in
1365 969 1575 1008 numero,
1618 969 1757 1009 quam

114 1034 320 1073 moribus
349 1032 643 1084 praesertim,
669 1031 793 1082 quod
820 1032 867 1070 in
894 1030 993 1070 dies
1022 1030 1245 1081 cernitur,
1268 1030 1378 1070 dum
1399 1029 1561 1069 vident
1581 1041 1662 1069 eos
1684 1041 1756 1069 co-

113 1116 217 1145 ram
245 1104 384 1143 altari
410 1109 674 1155 prostratos
702 1108 842 1154 atque
870 1102 963 1142 levi
993 1087 1269 1142 labellorum
1298 1113 1536 1141 murmure
1573 1112 1756 1141 enume-

108 1182 274 1216 rantes
296 1175 642 1226 recitantesque
665 1174 928 1214 coronellas
951 1174 1002 1213 Β.
1027 1172 1263 1224 Virginis,
1288 1184 1404 1224 quas
1423 1172 1758 1212 circumferunt

112 1258 294 1298 omnes,
324 1254 368 1286 et
397 1246 475 1298 qui
496 1246 615 1285 inter
647 1245 775 1297 ipsos
799 1244 896 1296 jam
926 1250 1033 1285 sunt
1059 1244 1402 1296 grandiusculi,
1428 1250 1758 1295 praeceptores

112 1330 222 1358 suos
239 1318 424 1370 ipsimet
445 1317 699 1357 sollicitare
721 1316 887 1367 solent,
906 1316 1106 1356 liceatne
1123 1320 1321 1367 peccata
1338 1316 1526 1366 saepius
1548 1315 1759 1355 confiteri

111 1401 170 1430 ac
205 1400 392 1430 sacram
427 1389 647 1440 synaxim
682 1399 867 1440 quoque
905 1399 1109 1437 sumere,
1148 1387 1271 1439 quod
1306 1398 1419 1427 sane
1458 1388 1533 1426 vel
1568 1387 1756 1427 duriora

114 1460 289 1514 alioqui
308 1466 502 1512 pectora
524 1460 733 1500 emollire
753 1459 917 1511 possit.
942 1459 1025 1498 Est
1047 1465 1293 1510 praeterea
1317 1458 1650 1498 concionatum
1681 1458 1755 1498 ali-

115 1532 296 1584 quoties
331 1531 378 1571 in
413 1531 737 1579 monasteriis,
775 1530 960 1582 templis
995 1530 1367 1582 parochialibus,
1404 1530 1592 1581 plateiS,
1623 1541 1678 1569 ac
1712 1530 1758 1569 in

114 1605 215 1656 ipso
237 1603 435 1654 denique
457 1602 583 1652 foro,
608 1610 658 1642 ut
679 1602 879 1654 tempori
901 1602 1104 1642 maxime
1124 1601 1378 1653 putabatur
1399 1601 1603 1651 servire,
1635 1601 1759 1652 quod

115 1683 160 1716 et
191 1675 347 1715 multis
376 1675 696 1726 perplacuisse
724 1674 1056 1714 intelleximus.
1087 1673 1473 1713 Confessionibus
1506 1684 1646 1724 porro
1682 1684 1757 1712 au—

119 1746 300 1787 diendis
335 1752 560 1786 vacatum
600 1752 670 1785 est
704 1745 906 1797 quidem,
944 1752 991 1785 at
1027 1746 1074 1785 in
1109 1745 1406 1785 monasteriis
1443 1750 1623 1784 tantum
1661 1744 1758 1784 fere

113 1818 357 1858 hactenus.
383 1816 700 1868 Quamobrem
722 1817 1012 1868 excipiemus
1036 1816 1219 1867 (credo)
1244 1816 1515 1868 propediem
1536 1815 1757 1855 reforma-

108 1889 287 1929 tionem
322 1889 480 1938 unius,
518 1889 596 1928 ubi
629 1894 737 1940 post
771 1888 1092 1929 confessiones
1126 1888 1333 1928 omnium
1368 1895 1586 1939 peractas
1621 1894 1758 1938 atque

105 1961 275 2000 crebro
308 1960 455 2000 etiam
477 1961 715 2012 repetitas,
740 1959 1035 2000 Sacramenti
1065 1972 1247 2012 quoque
1282 1960 1608 2000 Eucharistiae
1639 1970 1756 1998 sum-

111 2032 319 2083 ptionem
342 2043 396 2072 ac
418 2031 793 2083 exhortationes,
819 2032 909 2072 hac
931 2032 987 2072 de
1009 2044 1059 2072 re
1088 2032 1248 2072 sedulo
1280 2032 1580 2071 meditantur.
1613 2030 1759 2070 Lubet

114 2110 159 2143 et
179 2103 255 2143 hic
277 2114 509 2155 pauperes
541 2104 783 2144 mendicos
814 2115 1150 2154 annumerare,
1184 2115 1384 2155 quorum
1414 2103 1623 2154 plerique
1654 2113 1757 2142 con-

114 2174 226 2214 fessi
256 2182 363 2215 sunt
392 2181 589 2226 peccata
618 2187 704 2215 sua
737 2174 876 2227 idque
903 2175 950 2215 in
977 2186 1159 2215 summo
1189 2175 1377 2226 templo,
1408 2186 1498 2225 quo
1527 2174 1760 2213 maximus

111 2245 189 2286 hic
216 2247 332 2286 solet
364 2258 469 2286 esse
501 2258 781 2295 concurSUS,
814 2253 1066 2299 postquam
1094 2247 1343 2298 provocati
1376 2252 1531 2286 essent
1559 2252 1602 2285 et
1633 2245 1759 2284 insti-

113 2317 200 2357 tuti
235 2318 416 2357 crebris
453 2318 859 2358 exhortationibus
885 2318 1105 2369 fratrum,
1138 2330 1257 2370 quae
1288 2318 1443 2358 omnia
1471 2318 1558 2356 hoc
1595 2316 1760 2367 majori

114 2394 213 2428 tum
234 2388 567 2439 admiratione,
592 2395 689 2430 tum
712 2389 1038 2430 aedificatione
1059 2396 1192 2441 gesta
1222 2396 1350 2440 sunt,
1384 2401 1475 2441 quo
1505 2389 1659 2428 rarius
1679 2388 1757 2427 hu-

110 2459 315 2511 jusmodi
338 2460 573 2500 videntur.
598 2460 947 2501 Tractabantur
969 2461 1198 2513 siquidem
1220 2462 1336 2501 haec
1358 2460 1560 2500 maxime
1589 2460 1635 2498 in
1657 2460 1758 2498 loco

117 2531 320 2582 publico.
361 2530 496 2571 Nunc
538 2543 652 2572 vero
694 2532 856 2573 diebus
896 2533 1143 2573 dominicis
1181 2545 1267 2572 nos
1306 2532 1477 2571 adeunt
1517 2530 1757 2570 doctrinae

117 2601 403 2642 christianae
432 2602 867 2654 interpretationem
898 2604 1117 2644 audituri.
1160 2604 1400 2644 Vocamur
1431 2601 1620 2641 tandem
1653 2601 1754 2641 sub-

116 2673 222 2713 inde
262 2673 322 2713 ad
368 2673 687 2714 confessiones
727 2675 985 2715 audiendas
1024 2675 1391 2726 aegrotantium,
1434 2673 1600 2724 quibus
1640 2672 1753 2712 invi-

117 2744 274 2784 sendis
301 2745 551 2795 plurimum
588 2757 875 2797 occupamur
904 2746 1002 2798 jam
1037 2747 1093 2786 ab
1126 2747 1302 2797 aliquot
1332 2743 1651 2784 hebdomadis.
1687 2743 1754 2783 Id-

116 2815 269 2866 ipsum
302 2822 572 2867 praestatur
605 2828 632 2856 a
662 2817 796 2858 nobis
833 2824 878 2858 et
912 2818 959 2858 in
994 2829 1206 2867 carcere,
1243 2817 1321 2856 ubi
1354 2827 1448 2856 non
1483 2816 1648 2855 desunt
1678 2814 1755 2865 qui

115 2886 386 2937 frequenter
415 2888 721 2939 adducantur,
753 2889 894 2929 etiam
924 2889 983 2929 ad
1013 2889 1307 2930 Sacramenti
1340 2886 1653 2939 poenitentiae
1680 2897 1753 2936 pe-

117 2957 315 2997 riodum.
340 2957 596 2999 Doctrinae
618 2959 904 3001 christianae
925 2960 1277 3012 intepretationi
1304 2971 1399 2999 non
1426 2970 1533 2998 raro
1562 2958 1754 2997 interest

115 3028 173 3068 R.
198 3028 256 3069 D.
280 3029 524 3082 Vicarius;
549 3032 659 3072 item
680 3038 724 3073 et
745 3033 1037 3082 sacerdotes3
1064 3032 1145 3072 sed
1167 3038 1210 3072 et
1231 3031 1426 3072 subinde
1457 3030 1599 3070 etiam
1627 3027 1754 3067 nobi-
