2080 3392
343 225 413 261 658
858 225 1081 261 LITTERAE
1109 236 1466 267 QUADRIMESTRES

343 327 412 360 ter
434 321 750 360 consessiones
773 320 984 369 audiant;
1009 327 1052 360 et
1074 333 1179 361 cum
1200 322 1410 362 odiosum
1430 323 1567 363 valde
1594 330 1638 363 et
1658 335 1805 374 grave
1831 333 1968 367 antea

342 391 504 431 fuisset
539 391 598 431 ad
633 391 974 431 confessionem
1010 392 1205 432 alicuius
1244 393 1524 433 audiendam
1560 395 1807 445 accedere,
1846 409 1967 437 nunc

343 462 459 510 (laus
480 461 596 511 Deo)
618 469 866 513 postquam
887 474 1069 502 summa
1099 464 1264 503 merita
1296 470 1340 503 et
1373 464 1559 504 divinae
1588 465 1812 506 bonitatis
1838 478 1965 517 prae-

340 533 431 572 mia
452 533 564 583 ipsis
586 533 710 584 apud
731 532 881 572 Deum
898 533 1137 584 proposita
1159 533 1233 573 Pr.
1255 535 1483 585 exposuit,
1503 535 1605 574 siin
1622 547 1674 575 ea
1692 547 1742 575 re
1759 536 1847 576 aio.
1868 536 1967 577 Deo

340 604 484 643 charo
510 610 738 655 gratoque
766 604 1110 654 elaborassent,
1143 605 1362 644 continuo
1393 616 1441 644 se
1470 605 1576 645 huic
1608 606 1758 646 labori
1785 607 1964 647 dedide—

338 680 469 725 runt;
493 680 537 714 et
558 675 597 714 si
617 673 803 725 quidem
826 674 913 714 hoc
934 675 1149 726 proximo
1164 674 1282 714 festo
1301 674 1501 726 Spiritus
1516 674 1675 716 Sancti
1692 677 1751 717 ad
1769 678 1967 729 quodvis

339 746 670 797 cuiuscumque
691 746 939 797 paroeciae
959 747 1181 797 templum
1204 747 1316 795 ires,
1340 747 1441 796 30⁵,
1465 747 1562 797 4.0r‚
1587 754 1665 788 aut
1687 748 1827 788 etiam
1851 750 1876 788 5
1897 761 1964 788 as-

337 816 495 856 siduos
529 817 843 857 confessarios
873 817 1202 868 comperisses3
1239 818 1361 868 quod
1401 829 1621 869 magnam
1659 819 1869 870 profecto
1908 821 1966 860 ad

337 887 487 927 Deum
521 887 805 927 laudandum
840 888 1096 939 praebebat
1131 889 1447 938 occasionem;
1486 895 1626 941 utque
1652 889 1698 929 id
1728 890 1968 930 honestius

336 958 486 1008 fieret,
521 958 594 998 Pr.
619 959 715 998 suis
737 959 952 1009 precibus
974 959 1191 998 exoravit
1218 964 1268 998 ut
1298 959 1666 1000 confessionaria
1695 960 1742 1000 in
1771 961 1967 1012 singulis

335 1029 565 1080 paroeciis
587 1029 913 1078 conderentur,
943 1036 987 1068 et
1014 1030 1076 1068 ita
1107 1029 1170 1068 fit.
1203 1029 1551 1070 Misericordiae
1583 1029 1814 1081 Societas,
1847 1044 1966 1083 quae

334 1107 499 1151 quater
532 1100 654 1140 intra
690 1112 862 1140 annum
897 1100 1107 1140 confiteri
1142 1108 1468 1152 proposuerat,
1503 1102 1595 1142 iam
1621 1114 1744 1142 nunc
1771 1102 1818 1142 in
1848 1102 1965 1143 festo

334 1171 533 1222 Spiritus
566 1171 677 1212 Scti.
716 1171 761 1211 id
796 1182 969 1221 magno
1007 1171 1250 1211 charitatis
1285 1172 1452 1212 ardore
1493 1173 1645 1224 coepit
1680 1174 1865 1225 exequi,
1904 1181 1961 1224 et,

333 1254 616 1293 quamquam
650 1243 902 1293 primatum
936 1242 1147 1282 nonnulli
1181 1242 1228 1281 in
1264 1242 1387 1282 villis
1421 1249 1531 1283 tunc
1559 1244 1781 1294 temporis
1810 1255 1963 1283 mane-

333 1320 460 1364 rent,
493 1313 647 1353 Patris
676 1320 832 1353 tamen
858 1313 1006 1353 literis
1032 1313 1088 1353 de
1118 1312 1236 1353 festo
1267 1319 1311 1353 et
1338 1313 1607 1354 celebritate
1636 1314 1881 1364 admoniti,
1914 1321 1964 1354 ut

332 1385 410 1424 filii
431 1385 795 1425 obedientissimi
816 1391 860 1424 et
882 1396 993 1424 vere
1021 1384 1219 1433 nobiles,
1254 1384 1312 1424 ad
1338 1385 1500 1424 urbem
1530 1391 1758 1425 venerunt
1790 1391 1833 1425 et
1863 1396 1961 1436 pec-

332 1461 437 1495 cata
477 1455 678 1495 confessi
712 1455 1055 1507 divinissimum
1097 1455 1423 1495 Eucharistiae
1463 1454 1818 1496 Sacramentum
1858 1468 1963 1496 cum

331 1537 501 1577 magna
539 1527 701 1577 spuali.
740 1526 897 1576 populi
926 1526 1237 1565 commotione
1266 1526 1385 1565 inter
1416 1537 1667 1577 pauperes,
1703 1537 1887 1577 servos,
1920 1533 1963 1566 et

331 1598 481 1637 omnis
515 1597 702 1647 generis
739 1597 854 1636 alios
890 1596 1144 1636 humillime
1179 1603 1478 1647 exceperunt.
1517 1596 1847 1636 Confessiones
1877 1596 1962 1636 fre-

331 1674 614 1720 quentantur
649 1679 753 1707 cum
782 1678 956 1717 magno
986 1667 1152 1706 ardore
1180 1679 1235 1706 ac
1264 1667 1451 1718 pietatis
1485 1668 1788 1716 incremento,
1826 1668 1962 1718 idque

330 1739 549 1790 quotidie.
585 1737 705 1778 Nam
740 1744 985 1789 postquam
1022 1738 1081 1777 ad
1115 1737 1237 1777 hanc
1271 1738 1432 1777 urbem
1462 1738 1698 1788 venimus,
1727 1750 1785 1778 ne
1821 1750 1962 1778 unum

330 1810 516 1861 quidem
542 1809 700 1849 labore
727 1820 931 1848 vacuum
966 1808 1186 1848 recordor
1222 1808 1441 1848 habuisse
1470 1808 1612 1858 diem,
1651 1808 1860 1859 exceptis
1887 1809 1960 1848 tri-

328 1881 415 1920 bus
437 1887 516 1920 aut
536 1880 619 1919 40s
639 1880 821 1928 diebus,
852 1879 1018 1930 quibus
1048 1879 1093 1918 in
1125 1879 1348 1919 coenobio
1380 1879 1476 1919 divi
1504 1879 1746 1919 Francisci
1773 1879 1957 1929 fuimus3

328 1963 415 1991 nec
436 1957 534 1991 tum
555 1950 741 2002 quidem
760 1961 846 1989 nos
867 1950 1005 1989 huius
1032 1950 1192 2001 populi
1217 1950 1404 2000 negotia
1432 1950 1659 1989 sinebant.
1691 1949 1875 1989 Etenim
1910 1962 1958 1989 se

330 2022 553 2062 oblivioni
588 2021 709 2061 tradi
744 2021 1089 2061 existimabant.
1126 2021 1245 2060 Tota
1280 2021 1353 2060 die
1389 2020 1779 2070 confessionario,
1816 2021 1958 2060 veluti

329 2094 456 2144 ligno
477 2093 663 2144 ligatus,
688 2092 935 2131 adhaereo.
971 2090 1019 2131 Si
1047 2097 1154 2131 sunt
1179 2091 1551 2140 infirmifstatim
1578 2097 1682 2142 post
1709 2090 1956 2142 prandium

329 2176 409 2204 eos
431 2164 582 2203 inviso
604 2172 649 2202 et
669 2163 886 2202 solatium
907 2162 1021 2202 mihi
1047 2169 1091 2202 et
1112 2162 1225 2213 ipsis
1252 2162 1374 2213 quod
1404 2173 1594 2213 possum
1616 2161 1797 2209 adfer03
1829 2173 1952 2211 nam,

328 2240 576 2287 postquam
609 2234 656 2273 in
690 2233 861 2284 templo
898 2233 1082 2281 adsum,
1119 2233 1244 2272 nulla
1279 2233 1416 2272 datur
1451 2233 1603 2284 quies,
1635 2244 1721 2272 nec
1755 2233 1953 2272 exeundi

328 2307 481 2356 locus;
504 2316 579 2345 res
599 2310 669 2344 est
696 2303 922 2355 profecto,
952 2314 1070 2354 quae
1097 2303 1264 2342 mirum
1289 2303 1334 2342 in
1362 2303 1551 2343 modum
1579 2303 1782 2342 humana
1811 2303 1953 2342 corda

327 2376 386 2416 ad
407 2375 590 2416 divinas
611 2374 772 2414 laudes
792 2373 939 2425 possit
961 2385 1280 2423 commovere,
1303 2380 1483 2413 tantam
1512 2373 1647 2413 huius
1678 2374 1836 2424 populi
1862 2373 1952 2424 pie-

325 2453 469 2487 tatem
489 2453 533 2486 et
555 2446 602 2486 in
623 2444 992 2485 confessionibus
1018 2445 1435 2495 communioneque
1459 2443 1811 2495 frequentandis
1838 2444 1948 2484 divi-

325 2529 435 2558 num
467 2517 682 2557 ardorem
712 2515 1041 2567 consyderare.
1065 2514 1241 2554 Divina
1269 2515 1452 2555 bonitas
1483 2515 1542 2555 ad
1563 2515 1788 2554 maiorem
1817 2526 1949 2554 suam

325 2589 546 2639 gloriam,
575 2594 784 2626 nostram
814 2585 1155 2634 confusionem,
1186 2592 1230 2625 et
1256 2586 1404 2636 pigris
1431 2598 1486 2625 ac
1513 2585 1761 2625 desidiosis
1790 2585 1947 2625 incita-

324 2666 551 2708 mentum,
574 2658 797 2709 Spiritum
817 2656 1041 2696 Sanctum
1063 2656 1109 2695 in
1129 2656 1217 2695 hoc
1239 2656 1383 2708 ipsius
1405 2657 1708 2696 celeberrimo
1742 2656 1875 2705 festo,
1898 2663 1946 2696 ut

324 2731 432 2770 olim
454 2730 499 2769 in
520 2729 786 2780 Aplorum.,
811 2728 875 2767 ita
895 2738 1019 2767 nunc
1040 2727 1086 2766 in
1109 2727 1273 2767 horum
1295 2738 1485 2766 suorum
1515 2727 1773 2767 amicorum
1804 2727 1946 2766 corda

323 2800 532 2850 immisit,
556 2811 583 2838 a
603 2810 693 2850 quo
715 2799 778 2838 ita
801 2803 905 2837 sunt
927 2797 1091 2836 mutati
1119 2803 1161 2836 et
1183 2798 1228 2836 in
1256 2804 1435 2837 tantam
1456 2796 1788 2848 perfectionem
1810 2797 1945 2836 subli-

320 2872 452 2921 mati,
483 2877 532 2910 ut
559 2870 635 2921 qui
656 2877 793 2908 antea
815 2868 999 2908 mulctis
1025 2874 1070 2907 et
1090 2868 1649 2908 excommunicationibus
1672 2868 1730 2907 ad
1747 2867 1940 2919 quadra-

320 2942 569 2993 gesimales
589 2939 906 2980 confessiones
926 2938 1008 2977 vix
1028 2944 1242 2988 poterant
1264 2938 1499 2989 compelli,
1521 2949 1645 2978 nunc
1666 2938 1730 2977 ita
1751 2944 1857 2977 sunt
1884 2937 1943 2976 ad

320 3010 626 3052 obediendum
646 3009 820 3060 parati,
839 3009 902 3048 ita
924 3007 1082 3047 divino
1104 3019 1263 3047 amore
1286 3008 1483 3058 incensi,
1508 3014 1557 3047 ut
1586 3020 1612 3047 a
1643 3006 1942 3047 confessarii-s
