2080 3392
832 179 916 216 Ax.
948 178 1040 216 1553
1690 175 1760 213 273

114 281 308 329 dictum,
331 289 417 318 nec
439 277 636 317 verbum
663 281 798 328 turpe
818 276 1100 328 proferatur,
1124 287 1218 315 non
1239 275 1393 315 minus
1414 286 1469 314 ac
1492 275 1533 314 si
1554 273 1626 313 his
1645 285 1757 313 nun·

115 362 260 402 quam
280 348 415 389 abusi
435 347 648 388 fuissent.
672 347 744 387 EX
764 347 837 387 his
863 346 1143 398 grandiores
1170 353 1283 386 natu
1312 350 1508 397 peccata
1537 343 1759 385 confiten-

119 429 208 472 tur,
233 427 278 461 et
300 420 359 460 ad
380 419 595 459 Dnicam.
629 418 861 458 accedunt
888 429 1114 458 mensam.
1147 417 1523 468 Quadragesima
1545 415 1762 468 proxima

121 494 167 533 in
188 493 287 533 eius
309 491 467 531 statim
489 490 736 541 principio,
760 501 867 529 cum
893 495 1028 541 pater
1055 487 1064 507 ¹
1088 489 1420 528 adhortaretur
1443 488 1501 528 ad
1523 487 1760 536 ieiunium,

121 576 180 604 ex
199 562 422 612 studiosis
440 561 643 613 quidam,
669 560 885 612 quamvis
906 566 1060 600 aetate
1078 560 1137 599 ad
1154 560 1242 599 hoc
1264 559 1453 599 minime
1475 565 1761 605 tenerentur,

122 639 388 675 statuerunt
407 638 555 673 totum
578 631 689 672 illud
710 638 928 671 sanctum
949 637 1133 682 tempus
1150 630 1333 670 ieiuniis
1354 630 1620 680 traducere,
1641 630 1765 682 quod

121 711 248 746 certe
269 710 542 745 constanter
563 703 919 755 praestiterunt,
945 701 1022 741 alii
1045 708 1141 741 tres
1163 701 1262 741 dies
1286 701 1333 741 in
1354 700 1662 751 hebdomade,
1688 701 1766 741 alii

124 777 246 817 diem
265 775 453 816 Veneris
476 774 661 814 ieiuniis
677 773 918 814 dederunt.
940 772 1145 823 Parvuli,
1166 773 1244 824 qui
1261 778 1369 812 sunt
1392 773 1527 824 quasi
1547 773 1764 812 innocen-

125 854 210 897 tes,
244 857 539 898 summopere
571 845 805 885 ducuntur
836 843 1145 893 confessione,
1171 855 1319 895 eaque
1343 842 1459 883 adeo
1482 843 1764 893 afficiuntur,

124 926 187 969 ut,
212 918 250 958 si
270 924 430 969 patres
457 929 551 956 non
578 915 879 968 gravioribus
908 915 1242 955 distinerentur
1272 914 1489 965 negotiis,
1515 914 1766 954 confessio-

125 1001 232 1030 nem
260 989 612 1041 frequentarent
636 987 696 1027 ad
722 998 885 1026 eorum
907 986 1168 1026 arbitrium.
1200 985 1276 1026 Ad
1300 986 1417 1026 haec
1442 985 1628 1037 quidem
1656 986 1768 1025 illud

128 1073 217 1101 nos
235 1072 341 1101 cum
360 1059 671 1100 admiratione
694 1058 912 1108 delectat,
938 1058 1062 1109 quod
1080 1064 1177 1098 tam
1198 1058 1333 1098 brevi
1358 1064 1569 1109 tempore
1597 1068 1770 1108 magna

129 1131 442 1172 extrahantur
464 1131 599 1180 vitia,
633 1136 795 1181 turpes
816 1130 1050 1181 pellantur
1066 1141 1246 1180 mores,
1271 1129 1439 1181 quibus
1461 1140 1640 1169 summe
1660 1128 1771 1168 infe-

129 1204 191 1244 cti
208 1209 357 1254 erant,
378 1214 433 1242 ac
456 1207 711 1241 cernantur
728 1200 895 1240 florere
914 1206 959 1240 et
977 1199 1248 1241 adolescere
1265 1206 1455 1240 tenerae
1476 1201 1665 1252 plantae
1682 1200 1773 1240 vir—

131 1282 300 1323 tutum,
332 1273 589 1313 modestiae
618 1284 752 1321 sane,
786 1272 1076 1323 humilitatis,
1110 1272 1334 1312 bonitatis
1363 1284 1419 1312 ac
1442 1271 1770 1311 continentiae.

131 1345 388 1386 Proficiunt
416 1344 625 1384 universi
647 1344 834 1395 quidem
856 1344 902 1383 in
923 1344 1072 1383 literis
1094 1355 1149 1383 ac
1173 1343 1237 1383 illi
1258 1343 1437 1395 primae
1459 1343 1624 1383 classis
1646 1354 1772 1383 exer-

135 1425 301 1457 centur
330 1415 665 1468 componendis
697 1415 989 1455 orationibus
1018 1415 1197 1465 latinis,
1229 1426 1365 1466 quas,
1398 1415 1624 1454 memoria
1653 1425 1775 1454 com-

134 1489 407 1541 prehensas,
439 1488 603 1528 diebus
629 1487 760 1526 festis
789 1487 835 1526 in
855 1492 1017 1526 nostro
1046 1487 1219 1538 templo
1248 1497 1421 1537 magna
1452 1497 1557 1545 cum
1587 1485 1774 1526 audien-

131 1561 250 1600 tium
272 1561 534 1611 voluptate,
562 1569 649 1598 nec
680 1558 778 1598 sine
810 1558 1124 1598 aemulatione
1147 1558 1334 1610 quidem
1357 1564 1662 1598 externorum
1684 1563 1774 1597 stu-

137 1632 391 1681 diosorum,
416 1630 603 1670 habent.

199 1703 433 1743 Existunt
455 1701 645 1753 quidam
667 1713 774 1741 cum
794 1700 994 1752 praediti
1016 1712 1189 1752 magno
1213 1701 1417 1752 ingenio,
1436 1708 1535 1741 tum
1555 1711 1778 1751 magnam

136 1776 184 1814 in
204 1774 446 1814 literarum
467 1772 621 1813 studia
643 1784 836 1824 operam
858 1772 1175 1821 conferentes,
1200 1773 1423 1824 quocirca
1452 1773 1579 1813 haud
1609 1772 1776 1812 medio-

139 1857 243 1886 cres
264 1845 438 1884 habent
459 1844 506 1884 in
527 1843 743 1884 doctrina
764 1855 1062 1895 progressus.

219 1916 352 1968 Quod
373 1922 554 1967 spectat
575 1915 635 1955 ad
654 1914 882 1965 fructum,
906 1915 983 1966 qui
1006 1922 1105 1955 tum
1126 1915 1273 1955 divini
1294 1916 1426 1955 Verbi
1448 1916 1777 1964 instrumentO,

139 1996 238 2028 tum
258 1988 535 2028 salutarium
556 1993 963 2026 sacramentorum
985 1986 1108 2026 dono
1129 1986 1406 2038 percipitur,
1441 1998 1499 2026 ne
1527 1987 1566 2026 is
1595 1986 1782 2038 quidem

142 2059 280 2100 modo
300 2070 477 2111 parvus
500 2058 744 2098 habendus
765 2066 855 2108 est,
880 2058 1049 2110 quippe
1072 2070 1179 2098 cum
1200 2058 1387 2109 plurimi
1409 2059 1570 2098 statim
1592 2059 1639 2098 in
1659 2058 1779 2110 prin-

144 2131 285 2183 cipio,
308 2137 357 2170 ut
385 2130 483 2170 fere
504 2130 574 2180 fit,
604 2130 740 2170 nobis
767 2129 923 2170 infesti
951 2130 1228 2180 existerent,
1261 2142 1317 2170 ac
1345 2130 1480 2170 nobis
1510 2142 1593 2182 per
1620 2129 1784 2170 urbem

143 2202 359 2242 euntibus
381 2207 684 2241 occurrerent
705 2207 784 2240 aut
805 2201 1201 2252 subsequerentur
1234 2201 1451 2241 irrisores
1478 2202 1628 2241 nostri
1657 2201 1783 2241 insti-

143 2274 244 2323 tuti,
269 2285 325 2313 ac
345 2273 481 2312 nobis
502 2272 792 2324 hypocrisim
813 2279 857 2312 et
878 2273 1079 2324 plurima
1100 2273 1216 2312 vitia
1238 2273 1550 2323 obiectarent,
1576 2273 1654 2312 alii
1673 2279 1784 2312 tem-

145 2357 259 2397 pore
289 2344 500 2395 hyberno
533 2343 692 2383 nivem
722 2343 1028 2394 proiicerent:
1067 2344 1330 2394 enimvero,
1360 2356 1466 2384 cum
1496 2344 1659 2395 perdiu
1691 2344 1784 2382 ani-

144 2415 497 2456 madverterent
518 2426 544 2454 a
565 2414 700 2454 nobis
730 2426 814 2454 sua
842 2415 1091 2454 maledicta
1120 2420 1166 2454 et
1193 2416 1502 2455 contumelias
1530 2414 1782 2464 contemni,

147 2486 357 2527 deterriti
378 2492 486 2526 sunt
508 2485 565 2525 ab
598 2485 799 2532 iniuriis,
830 2497 885 2525 ac
914 2492 1116 2537 restant,
1146 2485 1235 2526 Dei
1263 2486 1451 2537 quidem
1481 2486 1784 2536 benignitate,

149 2558 287 2598 valde
308 2569 408 2597 nro.
441 2555 595 2596 affecti
616 2556 844 2596 instituto.
868 2556 1029 2608 Itaque
1050 2557 1191 2597 modo
1213 2557 1346 2597 nobis
1368 2557 1524 2597 acrius
1545 2556 1788 2607 negotium

152 2641 314 2670 eorum
336 2629 576 2680 obsequia,
602 2639 741 2679 quam
763 2628 990 2679 proximis
1011 2628 1174 2668 diebus
1196 2635 1490 2680 contemptus
1513 2635 1592 2668 aut
1612 2628 1789 2680 Vitupe-

151 2702 384 2751 rationes,
409 2699 663 2740 facessunt.

233 2772 386 2823 Atque
409 2771 498 2810 hac
520 2770 736 2822 proxima
758 2770 1121 2821 quadragesima
1152 2771 1349 2812 Praetor
1371 2772 1507 2811 huius
1533 2772 1661 2811 urbis
1682 2772 1792 2811 visit

152 2855 254 2893 nos,
275 2854 329 2883 ac
351 2854 457 2882 cum
477 2842 546 2882 rei
567 2841 755 2881 divinae
775 2842 1035 2893 interesset,
1056 2843 1205 2883 Voluit
1226 2843 1460 2883 introduci
1481 2843 1527 2883 in
1543 2843 1794 2895 gymnasia

211 3004 220 3023 ¹
261 3003 366 3030 Pater
381 3002 511 3030 Caesar
526 3002 737 3029 Aversanus.
753 3001 840 3028 Vide
857 3002 1025 3034 PoLANco,
1050 3003 1254 3036 Chronicon,
1274 3009 1297 3031 t.
1313 3012 1361 3037 111,
1375 3013 1452 3040 pag.
1470 3006 1529 3039 146,
1545 3013 1576 3032 n.
1592 3006 1653 3033 294.

352 3062 402 3098 T.
433 3074 475 3098 ιι.
1545 3069 1584 3099 18
