2080 3392
782 208 865 245 AN.
897 208 988 245 1553
1632 210 1699 247 113

61 306 180 348 Cum
200 305 324 344 enim
339 305 570 356 audimus,
591 312 813 358 certoque
830 306 1147 358 intelligimus,
1167 307 1409 357 neglectas
1426 312 1470 346 et
1487 307 1698 347 desertas

58 377 420 427 circumquaque
460 375 614 416 iacere
653 377 877 417 ecclesias
899 409 906 427 ,
948 377 995 416 in
1034 377 1201 428 quibus
1235 389 1293 417 ne
1332 388 1477 417 unum
1512 378 1698 428 quidem

59 446 350 488 sacerdotem
372 447 571 487 retinere
592 448 790 499 populus
812 454 966 500 queat,
992 459 1046 488 ac
1068 448 1263 499 proinde
1285 448 1383 489 sine
1405 449 1575 499 sacris,
1600 450 1700 489 sine

60 517 361 558 concionibus
389 524 433 558 et
463 519 793 570 sacramentis,
823 525 919 559 tam
947 520 1256 570 corporaliter
1284 531 1423 571 quam
1452 520 1699 571 spirituali-

60 596 129 629 ter
148 594 343 640 pereant
364 589 639 640 miserrime,
666 589 792 629 dedit
809 590 898 629 hoc
919 590 1053 629 nobis
1075 590 1357 631 desiderium
1379 590 1609 642 ChristUS,
1633 597 1695 639 ut,

59 666 279 712 percepto
301 661 443 699 semel
472 660 714 709 idiomate,
739 661 799 701 ad
825 661 1007 700 vicinos
1028 661 1133 700 illos
1155 659 1306 713 pagos
1333 669 1377 702 et
1408 663 1604 713 populos
1626 675 1700 702 ex-

61 742 318 771 curramus.
342 730 533 771 Utinam
555 743 668 771 vero
690 732 767 783 qui
792 733 1084 772 voluntatem
1105 733 1226 772 hanc
1248 740 1293 772 et
1311 733 1435 773 sitim
1452 733 1700 774 honestam
1747 760 1750 762 v

60 802 248 850 indidit,
272 802 397 841 vires
420 802 561 842 etiam
581 810 625 842 et
646 814 919 843 successum
941 804 1036 843 suis
1058 803 1251 853 tribuat,
1278 810 1325 843 ut
1346 804 1521 843 iactum
1551 804 1702 844 Evan-

61 873 171 924 gelii
190 879 288 913 rete
309 885 533 923 magnum
554 874 687 914 nobis
708 881 1004 925 proventum,
1028 874 1073 914 id
1095 881 1179 925 est,
1214 875 1479 914 animarum
1502 876 1700 926 lucrum,

61 944 256 985 adferat.
281 943 415 984 Nunc
437 945 604 985 desunt
624 946 836 997 parvulis
859 946 936 997 qui
957 946 1182 997 frangant
1207 958 1393 998 panem.
1426 946 1522 986 Nec
1555 948 1704 987 solum

61 1015 122 1055 ad
141 1015 545 1065 lutheranismum‚
571 1017 653 1056 sed
680 1017 822 1057 etiam
843 1017 903 1057 ad
932 1018 1284 1069 paganismum,
1315 1018 1537 1069 propensi
1568 1018 1706 1068 plane

62 1086 119 1137 <si
151 1087 359 1126 nondum
394 1087 655 1138 depravati>
686 1088 815 1139 Vulgi
844 1089 989 1129 animi
1016 1089 1384 1140 comperiuntur,
1418 1089 1536 1129 adeo
1572 1095 1622 1130 ut
1653 1091 1708 1129 de

62 1158 204 1198 animi
234 1158 585 1199 immortalitate
615 1166 831 1211 coeptum
861 1160 920 1200 sit
951 1159 1229 1200 addubitari.
1263 1159 1355 1201 Sed
1390 1166 1602 1212 praestat
1631 1161 1707 1200 liic

64 1229 215 1269 alieno
242 1236 287 1269 et
321 1230 654 1281 probatissimo
683 1230 871 1282 quidem
898 1231 988 1271 viri
1017 1232 1186 1272 summi
1213 1232 1480 1272 testimonio
1512 1233 1601 1283 uti,
1632 1233 1709 1284 qui

66 1312 214 1352 nuper
236 1313 295 1341 ex
323 1301 431 1340 aula
457 1300 607 1353 Regia
638 1302 698 1342 ad
723 1314 812 1342 nos
834 1302 880 1342 in
902 1302 1020 1343 haec
1041 1303 1186 1343 verba
1209 1303 1418 1355 scripsit:
1448 1303 1708 1354 “Quantum

64 1371 243 1424 (inquit)
265 1372 323 1412 ad
344 1373 620 1413 universum
644 1372 902 1424 Religionis
929 1375 1191 1425 negotium,
1225 1380 1270 1415 et
1295 1375 1343 1414 in
1371 1386 1489 1426 quae
1518 1375 1706 1423 misera,

64 1443 154 1483 imo
177 1443 807 1486 afflictissima,inciderimus
829 1451 1066 1497 tempora,
1091 1453 1135 1486 et
1166 1446 1213 1486 in
1245 1458 1386 1498 quam
1415 1447 1707 1498 irrecupera⁴

63 1514 200 1555 bilem
220 1515 486 1555 Ecclessiae
513 1522 702 1556 nostrae
730 1517 962 1557 iacturam
993 1518 1220 1569 pertracti
1251 1530 1426 1567 sumus,
1457 1519 1561 1569 quis
1592 1519 1708 1558 satis

66 1586 220 1626 dolere
239 1587 422 1637 potest?
451 1586 580 1637 Quae
608 1588 856 1639 cogitatio,
886 1589 1011 1640 quod
1039 1589 1308 1640 consilium,
1339 1597 1383 1629 et
1411 1589 1534 1629 unde
1567 1602 1710 1629 reme-

64 1657 189 1698 dium
227 1657 545 1708 quaerendum
579 1660 655 1699 vel
694 1659 928 1711 quomodo
969 1661 1341 1701 succurrendum
1381 1661 1518 1713 (proh
1559 1661 1708 1711 dolor)

63 1729 223 1769 nullibi
244 1729 449 1769 invenio.
474 1730 594 1770 Nam
616 1742 777 1771 omnes
798 1731 894 1771 fere
917 1732 1001 1772 sub
1024 1731 1257 1772 catholico
1280 1739 1324 1772 et
1342 1733 1710 1772 clementissimo

62 1807 221 1841 nostro
243 1800 372 1851 Rege
393 1801 459 1841 sic
482 1802 670 1852 habent,
693 1809 742 1842 ut
764 1803 846 1842 vix
866 1802 1046 1843 decima
1068 1815 1180 1855 pars
1198 1811 1325 1844 recte
1347 1804 1640 1844 credentium
1669 1811 1713 1844 et

64 1871 361 1912 sentientium
383 1873 667 1913 inveniatur.
691 1873 895 1914 Tantum
923 1875 1053 1915 abest
1080 1882 1129 1915 ut
1158 1876 1326 1927 aliquis
1354 1876 1485 1916 cordi
1513 1876 1709 1916 haberet

65 1944 321 1995 collapsam
349 1952 560 1985 nostram
589 1945 897 1986 christianam
930 1946 1293 1997 professionem,
1324 1947 1481 1999 illique
1522 1959 1713 1988 manum

65 2015 324 2066 porrigeret
346 2016 730 2065 auxiliatricem.„
755 2016 831 2057 Sic
853 2017 927 2057 ille
955 2017 1048 2068 vir,
1072 2017 1161 2058 fide
1189 2018 1494 2069 dignissimus
1522 2025 1567 2059 et
1597 2019 1716 2070 Regi

64 2092 221 2125 nostro
257 2086 469 2137 intimus,
509 2087 645 2128 simul
680 2094 725 2127 et
757 2088 1034 2140 Episcopus.
1076 2089 1280 2130 Tantum
1317 2101 1431 2141 ergo
1463 2091 1711 2141 malorum,

64 2168 182 2208 quae
216 2157 264 2197 in
292 2158 390 2198 dies
418 2159 571 2210 magis
591 2160 835 2211 magisque
866 2166 1190 2212 succrescunt,
1221 2161 1494 2213 quotidiana
1521 2169 1710 2203 nostros

66 2229 289 2268 memoria
311 2230 545 2280 sollicitat,
571 2242 717 2282 eoque
740 2238 1023 2282 commovet,
1048 2238 1098 2272 ut
1120 2231 1179 2272 ad
1201 2233 1514 2274 concionandi
1548 2246 1716 2274 munus

65 2310 185 2339 novo
207 2300 348 2341 etiam
370 2302 512 2342 animi
535 2301 724 2342 fervore
747 2303 953 2353 quotidie
976 2303 1212 2344 instruant
1233 2316 1350 2345 sese.

145 2370 234 2421 Qui
253 2372 342 2412 hoc
373 2385 495 2412 anno
525 2373 584 2413 ad
610 2385 695 2413 nos
723 2381 955 2414 venerunt
981 2376 1196 2425 germani
1227 2383 1271 2415 et
1300 2377 1503 2428 optimae
1526 2377 1712 2429 quidem

66 2440 233 2482 indolis
263 2442 585 2485 adolescentes
620 2445 732 2494 duo,
770 2457 819 2485 se
851 2457 975 2485 nunc
1005 2452 1128 2486 totos
1165 2446 1444 2487 dediderunt
1472 2447 1711 2499 Societati,

67 2511 259 2566 ideoque
284 2515 379 2555 suis
400 2516 546 2556 literis
569 2525 715 2567 agunt
737 2517 861 2568 apud
884 2517 936 2557 R.
971 2518 1023 2557 T.
1056 2524 1106 2557 ut
1129 2519 1204 2570 pia
1228 2519 1438 2570 ipsorum
1459 2526 1574 2559 Vota
1595 2521 1718 2560 reci-

69 2583 254 2634 piantur
276 2594 416 2638 atque
439 2587 789 2628 confirmentur.
815 2589 1133 2630 Accesserant
1161 2597 1268 2641 post
1289 2591 1373 2630 hos
1395 2591 1473 2630 alii
1496 2591 1609 2642 duo,
1640 2593 1719 2643 qui

69 2653 239 2696 bonam
262 2657 318 2697 de
339 2670 388 2698 se
409 2670 541 2710 spem
562 2666 606 2699 et
628 2660 715 2711 ipsi
736 2661 962 2711 praebent
984 2661 1083 2701 fore
1105 2667 1153 2701 ut
1184 2662 1230 2701 in
1258 2662 1396 2701 vinea
1418 2662 1611 2703 Domini
1638 2664 1716 2704 ali-

69 2727 252 2776 quando
283 2728 506 2780 frugifere
542 2738 807 2781 operentur.
844 2731 1050 2772 Mutatus
1087 2733 1274 2784 quidem
1310 2733 1425 2773 ordo
1454 2734 1715 2775 studiorum

71 2803 153 2848 est,
177 2804 221 2838 et
242 2799 290 2839 in
310 2800 523 2841 diversas
545 2788 720 2842 classes
742 2803 993 2859 studiosos,
1018 2812 1067 2844 ut
1092 2805 1348 2855 coepimUS,
1373 2805 1437 2845 ita
1460 2817 1717 2857 pergemus

71 2867 371 2921 distinguere,
396 2872 473 2911 ubi
494 2872 695 2924 primum
715 2885 889 2914 novam
908 2880 953 2914 et
973 2875 1210 2925 publicam
1237 2875 1449 2916 scholam
1477 2879 1714 2928 aperueri-

72 2949 188 2979 mus.
213 2940 315 2991 Qua
337 2942 385 2982 in
406 2954 454 2983 re
476 2944 588 2983 nihil
610 2950 821 2985 moratur
842 2951 1031 2985 nostros
1054 2946 1269 2997 ampliUS,
1293 2946 1438 2998 Regis
1459 2949 1586 2989 enim
1608 2961 1716 2990 con-

71 3020 235 3051 sensus
268 3019 313 3052 et
349 3013 570 3066 Episcopi
603 3016 742 3055 simul
776 3022 820 3055 et
856 3016 1164 3067 Magistratus
1201 3017 1340 3058 favor
1375 3021 1591 3071 accessit,
1626 3022 1718 3063 nisi

262 3088 312 3126 T.
343 3101 382 3126 11.
1459 3098 1479 3130 8
