2080 3392
835 762 1145 817 CLXVIII

237 986 283 1023 P.
305 986 564 1023 Leonardus
585 984 744 1021 Kessel

286 1046 407 1082 Patri
426 1045 597 1092 Ignatio
617 1044 670 1081 de
690 1043 877 1092 Loyola.

332 1104 531 1152 Colonia,
552 1104 595 1142 31
618 1104 811 1151 Augusti
833 1104 924 1141 1552
943 1104 967 1141 ¹.

939 1332 1038 1408 uls

239 1580 402 1621 Gratia
425 1588 469 1621 et
490 1593 585 1633 pax
604 1583 667 1622 xi.
692 1582 784 1622 dni.
810 1582 868 1622 sit
890 1593 1074 1634 semper
1097 1593 1202 1622 cum
1224 1582 1439 1622 omnibus
1459 1582 1607 1622 nobis.

240 1651 368 1692 Re.de
397 1653 444 1693 in
472 1653 555 1692 X.0
586 1653 690 1693 P.¹‘:

239 1723 355 1764 Cum
376 1724 423 1764 in
444 1724 533 1765 hac
554 1732 716 1765 nostra
745 1724 980 1766 Societate
1009 1723 1298 1764 consuetudo
1328 1725 1386 1765 sit
1414 1731 1464 1765 ut
1495 1731 1662 1776 quarto
1692 1737 1801 1777 quo-

153 1806 247 1846 que
269 1806 427 1835 mense
448 1795 656 1847 singula,
690 1808 809 1847 quae
841 1796 900 1836 ad
927 1795 1015 1836 Dei
1042 1796 1242 1847 gloriam
1270 1802 1314 1836 et
1342 1796 1401 1836 ad
1431 1796 1800 1836 consolationem

154 1866 447 1907 confratrum
464 1879 566 1907 esse
582 1874 794 1919 possunt,
815 1868 1096 1918 scribantur,
1121 1872 1331 1908 conabor
1347 1867 1511 1919 paucis
1528 1867 1577 1907 P.
1602 1867 1660 1908 V.
1688 1868 1797 1908 indi-

156 1948 265 1977 care
287 1938 508 1990 quicquid
528 1938 617 1979 hoc
640 1938 982 1991 quadrimestre
1004 1938 1229 1979 Coloniae
1252 1945 1409 1979 actum
1431 1945 1514 1979 est.

235 2008 284 2048 In
318 2009 502 2060 pslmis,
539 2009 667 2050 Reide
696 2010 800 2061 P.r,
838 2009 993 2062 quoad
1026 2016 1238 2061 tempora
1274 2010 1320 2050 in
1358 2010 1524 2062 quibus
1569 2011 1797 2062 degimus

154 2080 290 2130 plena
319 2088 425 2120 sunt
455 2081 586 2121 bellis
616 2093 670 2121 ac
702 2082 1061 2122 turbationibus.
1093 2081 1396 2122 Colonienses
1427 2083 1575 2122 nostri
1605 2083 1800 2122 multum

153 2150 407 2192 timuerunt
429 2159 473 2192 et
494 2153 647 2192 adhuc
670 2153 855 2204 timent;
879 2164 1041 2193 omnes
1061 2153 1158 2193 fere
1180 2159 1345 2205 portae
1368 2153 1573 2193 civitatis
1590 2165 1673 2205 per
1690 2155 1797 2193 mul-

152 2227 251 2261 tum
273 2224 496 2275 temporis
517 2225 707 2264 clausae
728 2224 936 2275 fuerunt3
960 2224 1152 2275 vigiliae
1174 2236 1359 2276 quoque
1388 2225 1461 2264 die
1491 2237 1545 2265 ac
1572 2232 1709 2265 nocte
1737 2224 1798 2265 di-

156 2292 353 2343 ligentes
383 2294 536 2335 factae
567 2302 688 2335 sunt.
720 2295 825 2336 Istis
855 2296 1093 2335 mensibus
1122 2296 1287 2346 religio
1318 2296 1575 2336 christiana
1603 2297 1798 2336 multum

152 2364 364 2404 decrevit
386 2365 432 2405 in
454 2366 525 2405 his
546 2367 662 2406 locis
690 2373 734 2406 et
762 2366 992 2407 decrescit
1021 2367 1067 2406 in
1095 2366 1194 2407 dies
1221 2367 1389 2418 magis.
1420 2367 1538 2407 Nam
1565 2367 1797 2407 lutherani

152 2434 254 2474 sive
281 2435 507 2476 haeretici
533 2437 826 2488 Maguntiam
849 2445 1160 2490 occuparunt,
1189 2439 1452 2490 Episcopus
1477 2439 1793 2489 maguntinus,

150 2506 362 2557 religiosi
396 2513 440 2547 et
468 2508 737 2549 sacerdotes
765 2521 926 2549 ornnes
955 2510 1118 2561 fugere
1147 2511 1301 2550 coacti
1330 2516 1457 2560 sunt,
1491 2521 1691 2561 quorum
1719 2510 1792 2550 do-

150 2587 254 2616 mus
275 2583 319 2617 et
336 2579 561 2618 ecclesias
582 2579 806 2620 haeretici
828 2580 1082 2621 incendunt
1104 2587 1200 2621 tam
1223 2581 1268 2621 in
1291 2581 1480 2621 civitate
1502 2593 1642 2632 quam
1659 2587 1793 2621 extra

148 2647 392 2688 civitatem
407 2647 631 2700 jacentes
657 2650 867 2691 Tandem
890 2651 1117 2692 haeretici
1139 2658 1431 2703 occuparunt
1452 2652 1594 2692 etiam
1621 2652 1789 2692 Treve-

146 2719 252 2758 rim.
275 2719 372 2759 Iam
401 2720 526 2761 aliud
546 2733 639 2761 non
660 2728 806 2762 restat
835 2723 924 2763 nisi
944 2729 994 2763 ut
1020 2724 1344 2775 episcopatum
1371 2724 1686 2764 coloniensem
1717 2724 1788 2764 de-

148 2796 335 2830 vastent
357 2797 401 2831 et
422 2790 668 2832 Coloniam
688 2793 873 2844 penitus
895 2794 1194 2845 subvertant,
1218 2794 1342 2846 quod
1372 2795 1509 2835 valde
1538 2795 1725 2835 timetur
1747 2802 1789 2835 et

143 2859 285 2901 facile
306 2861 455 2913 fieret,
481 2863 590 2914 quia
611 2864 731 2904 inter
751 2866 974 2916 populum
995 2872 1039 2906 et
1061 2866 1238 2905 clerum
1271 2866 1477 2906 maxima
1508 2872 1576 2906 est
1607 2872 1787 2906 contro-

202 3034 211 3050 ¹
252 3032 339 3059 Tota
353 3035 590 3069 autographa,
606 3035 704 3063 unico
719 3036 814 3070 folio,
829 3039 889 3064 sub
905 3045 994 3065 num.
1010 3038 1078 3070 125,
1094 3045 1133 3064 ex
1151 3038 1216 3064 vol.
1235 3037 1348 3072 Epist.
1365 3037 1569 3071 Quadrz'm.,
1584 3037 1784 3065 1547-1552.
