2080 3392
341 197 411 233 402
845 197 1071 235 LITTERAE
1097 208 1453 240 QUADRIMESTRES

982 645 1340 700 CCXLVIII

409 872 456 910 P.
478 873 672 919 Joannes
692 873 842 911 Nunez
862 873 1049 911 Barreto

455 937 578 975 Patri
596 938 869 976 Bernardino
888 950 914 976 a
932 938 1143 986 Regibus.

716 1003 760 1040 12
779 1002 1052 1051 Septembris
1073 1003 1167 1041 1553
1186 1003 1211 1038 ¹.

414 1209 634 1261 Ejusdem
655 1211 714 1251 ad
735 1210 783 1251 P.
808 1209 1149 1251 Bernardinum
1169 1209 1183 1228 ²
1204 1210 1353 1261 pridie
1370 1210 1529 1250 iduum
1545 1209 1830 1262 Septembris
1851 1212 1966 1252 1553.

414 1281 514 1322 Pax
540 1288 585 1322 et
606 1294 737 1322 amor
763 1282 952 1322 Domini
977 1281 1087 1334 Jesu
1114 1280 1289 1322 Christi
1314 1281 1490 1321 habitet
1516 1293 1700 1334 semper
1724 1283 1771 1323 in
1799 1283 1975 1324 animis»

335 1354 524 1394 nostris.
548 1353 715 1393 Amen.

412 1424 485 1464 Ex
505 1424 686 1474 litteris,
711 1435 829 1475 quae
849 1423 961 1463 mihi
981 1423 1071 1463 hoc
1091 1435 1250 1463 mense
1272 1430 1379 1464 sunt
1399 1424 1634 1474 redditae,
1659 1425 1862 1475 cognovi
1883 1425 1966 1464 tibi

334 1507 361 1535 a
380 1495 655 1546 Praeposito
677 1500 836 1534 nostro
859 1494 1019 1534 datum
1039 1505 1141 1534 esse
1161 1494 1420 1545 negotium,
1444 1495 1510 1534 uti
1541 1495 1709 1535 horum
1729 1495 1966 1535 miserabi-

331 1567 444 1606 lium
476 1565 773 1617 captivorum
794 1576 869 1605 res
901 1576 1114 1615 curares3
1147 1565 1452 1616 quamobrem
1478 1565 1579 1605 Deo
1599 1566 1779 1616 gratias
1809 1566 1967 1617 ingen-

334 1643 403 1678 tes
437 1648 528 1688 ago
562 1642 607 1677 te
642 1637 756 1676 mihi
791 1636 838 1676 in
871 1635 960 1676 hac
994 1636 1311 1687 negotiatione
1351 1642 1415 1686 et,
1458 1647 1575 1688 quae
1613 1636 1678 1676 illi
1711 1638 1965 1688 perplacet,

334 1720 487 1749 merce
516 1713 872 1760 procuratorem
907 1707 1175 1758 contigisse.
1206 1706 1362 1758 Atque
1391 1707 1481 1747 hoc
1510 1719 1617 1758 uno,
1645 1707 1798 1758 magis
1826 1719 1968 1759 quam

332 1790 538 1831 unquam
558 1785 715 1828 antea,
740 1778 839 1818 fore
861 1777 1042 1818 confido
1073 1785 1122 1818 ut
1151 1778 1329 1829 ingenti
1349 1778 1653 1829 pecuniarum
1674 1779 1809 1829 copia
1840 1778 1964 1818 adiu-

332 1862 431 1901 ver,
467 1850 588 1890 unde
622 1849 802 1901 grande
837 1860 916 1889 aes
951 1849 1152 1889 alienum
1186 1848 1438 1889 conflatum
1472 1849 1668 1889 solvam.
1705 1848 1806 1889 Hos
1838 1849 1967 1889 enim

334 1922 535 1974 quinque
563 1932 732 1971 annos,
764 1920 841 1972 qui
872 1932 899 1960 a
926 1931 1029 1960 meo
1052 1920 1099 1960 in
1120 1919 1209 1960 hoc
1239 1931 1439 1971 regnum
1467 1919 1685 1970 ingressu
1713 1918 1726 1938 ⁵
1753 1919 1814 1960 ad
1843 1931 1966 1959 men-

335 2004 431 2034 sem
460 1992 739 2033 Novembris
771 1997 1090 2042 numerantur,
1121 2002 1210 2043 quo
1232 1996 1328 2030 toto
1350 1997 1560 2042 tempore
1580 1991 1745 2042 pedem
1773 1991 1820 2030 in
1846 1991 1964 2031 chri-

334 2065 592 2105 stianorum
631 2063 769 2103 terris
808 2074 901 2102 non
935 2062 1093 2113 posui,
1134 2062 1353 2101 maximis
1387 2072 1570 2113 semper
1612 2061 1777 2102 debitis
1812 2062 1965 2113 oppri-

387 2201 397 2220 ¹
438 2199 696 2234 Apographum,
714 2199 745 2225 in
761 2198 852 2231 folio,
865 2206 896 2225 n.
912 2197 973 2224 520.

387 2247 438 2274 De
453 2247 493 2274 iis
508 2247 634 2274 litteris
650 2246 717 2273 tria
732 2245 1008 2272 animadvertere
1024 2249 1175 2278 oportet:
1195 2245 1266 2271 Lam
1281 2252 1338 2272 eas
1354 2245 1490 2279 proprie
1508 2245 1777 2279 quadrimestres
1799 2252 1864 2272 non
1880 2252 1964 2279 esse;

335 2303 355 2322 a
369 2296 464 2322 nobis
479 2299 596 2321 tamen
610 2293 664 2320 hic
680 2293 744 2326 edi,
760 2293 839 2327 quia
854 2293 942 2320 inter
958 2292 1225 2326 quadrimestres
1240 2292 1273 2319 in
1288 2299 1430 2319 romana
1445 2292 1643 2319 collectione
1658 2295 1860 2319 asservatae
1876 2296 1964 2325 sunt,

336 2346 369 2369 et
385 2341 686 2376 quadrimestrium
702 2340 871 2367 defectum
885 2341 1055 2373 supplent,
1071 2347 1145 2366 cum
1160 2340 1253 2366 nulla
1268 2340 1347 2372 alla,
1364 2340 1451 2374 quod
1467 2340 1624 2373 sciamus,
1640 2339 1857 2373 reperiantur
1869 2339 1967 2366 docu-

334 2393 466 2423 menta,
483 2396 499 2414 e
515 2388 634 2422 quibus
649 2387 721 2414 erui
735 2387 842 2421 possit
857 2387 978 2413 notitia
990 2393 1104 2413 rerum
1120 2387 1152 2413 in
1168 2387 1288 2414 Africa
1308 2387 1372 2414 hoc
1393 2391 1542 2421 tempore
1564 2394 1584 2413 a
1606 2386 1765 2414 Patribus
1781 2385 1966 2413 societatis

333 2441 520 2470 gestarum.
536 2435 609 2462 2.um
625 2435 735 2462 editas
747 2435 819 2469 jam
833 2441 906 2461 esse
922 2434 955 2461 in
971 2433 1095 2460 Cartas
1113 2434 1155 2460 de
1173 2434 1244 2460 San
1259 2434 1416 2467 Ignacio,
1431 2438 1455 2460 t.
1471 2441 1518 2465 111,
1532 2441 1608 2472 pag.
1622 2433 1676 2460 512
1690 2437 1723 2460 et
1738 2441 1807 2467 seq.
1831 2432 1896 2460 Sed
1919 2433 1963 2460 ibi

332 2485 472 2518 hispane
489 2487 577 2516 sunt,
599 2491 640 2509 ex
662 2482 823 2509 Historia
839 2482 956 2514 varia,
977 2481 1031 2508 hic
1053 2482 1156 2508 latine
1174 2489 1214 2508 ex
1228 2489 1370 2509 romana
1394 2481 1610 2515 collectione,
1632 2481 1822 2515 desumpta.
1838 2481 1912 2508 3-um
1926 2480 1967 2507 In

335 2532 460 2558 Cartas
474 2531 516 2557 de
531 2530 603 2556 San
619 2529 774 2562 Ignacio‚
788 2529 809 2556 1.
826 2536 866 2561 c.,
883 2528 1005 2556 missae
1021 2528 1178 2555 dicuntur
1193 2528 1289 2555 Patri
1307 2528 1492 2556 Francisco
1507 2528 1613 2555 Viera
1629 2528 1734 2560 (forte
1751 2528 1829 2562 quia
1849 2527 1968 2555 Nunez.

332 2579 403 2612 ipse
418 2578 583 2612 quasdam
597 2577 674 2604 huic
690 2576 874 2603 Francisco
890 2576 1020 2602 dedisse
1036 2576 1096 2602 sub
1111 2575 1174 2602 hoc
1190 2579 1322 2610 tempus
1337 2576 1473 2603 litteras
1488 2576 1634 2602 affirmat
1644 2576 1662 2608 );
1679 2575 1738 2602 sed
1753 2583 1848 2602 error
1862 2575 1964 2602 mani-

330 2626 438 2652 festus
453 2629 521 2659 est;
538 2624 661 2652 namin
677 2624 733 2651 sol.
754 2623 807 2650 310
822 2623 1004 2650 Historiae
1019 2623 1155 2655 variae,
1180 2630 1221 2649 ex
1237 2630 1300 2656 quo
1316 2623 1536 2657 depromptae
1551 2623 1630 2649 illae
1646 2622 1810 2656 hispanae
1824 2626 1912 2656 sunt,
1929 2625 1963 2649 et

330 2673 384 2700 hic
399 2672 488 2699 inter
503 2672 780 2706 quadrimestres,
792 2670 887 2698 Patri
902 2670 1111 2697 Bernardino
1124 2670 1433 2704 superscribuntur,
1445 2674 1477 2697 et
1489 2669 1624 2697 aliunde
1638 2670 1761 2697 scimus
1775 2677 1841 2696 non
1855 2664 1962 2696 Fran'-

331 2721 421 2747 cisco
436 2719 543 2746 Viera
558 2719 616 2746 sed
630 2718 842 2746 Bernardino
857 2725 876 2745 a
891 2717 1041 2751 Regibus
1066 2725 1086 2744 a
1104 2719 1311 2752 praeposito
1331 2719 1448 2744 nostro
1470 2717 1594 2744 datum
1617 2724 1694 2744 esse
1716 2718 1893 2750 negotium
1910 2716 1964 2743 uti

330 2766 533 2802 Ulyssipone
549 2766 675 2792 horum
692 2764 955 2792 miserabilium
971 2766 1195 2798 captivorum
1214 2771 1271 2791 res
1287 2767 1440 2791 curaret.

384 2813 536 2841 Tandem
547 2820 631 2847 quae
647 2813 756 2847 primo
772 2816 805 2839 et
820 2812 965 2840 secundo
982 2813 1054 2838 loco
1067 2812 1384 2843 animadvertimus,
1400 2812 1614 2846 applicentur
1626 2815 1761 2846 oportet
1777 2815 1810 2838 et
1825 2811 1963 2844 litteriS,

330 2868 414 2896 quas
428 2868 542 2895 supra,
558 2868 589 2887 n.
605 2867 660 2894 ce,
676 2867 754 2894 pag.
768 2859 829 2892 160,
844 2859 1012 2893 dedimuS,
1029 2859 1180 2893 ejusdem
1202 2859 1316 2886 Patris
1339 2859 1454 2886 Nufiez
1476 2859 1519 2885 ad
1542 2859 1749 2893 Episcopum
1774 2858 1964 2885 Cellensem

331 2909 387 2941 (de
404 2907 495 2935 Celte
510 2907 672 2934 scribitur
685 2907 718 2933 in
735 2906 884 2940 Cartas).

380 2955 393 2974 2
436 2954 470 2981 P.
488 2954 720 2981 Bernardinus
735 2960 755 2981 a
770 2953 930 2988 Regibus,
946 2954 1005 2980 dos
1020 2953 1110 2987 Reis,
1123 2953 1202 2980 olim
1217 2953 1372 2986 Escalco.
1387 2953 1473 2980 Vide
1488 2960 1601 2987 supra,
1618 2957 1641 2979 t.
1658 2960 1679 2987 1,
1695 2960 1773 2986 pag.
1790 2953 1851 2979 571.

382 3002 395 3022 3
432 3001 519 3029 Vide
535 3001 694 3034 PoLANm,
710 3000 912 3034 Chronicon,
927 3005 951 3028 t.
967 3008 988 3033 1,
1004 3008 1083 3035 pag.
1102 3001 1164 3033 3¹27,
1181 3008 1258 3027 ann.
1277 3000 1354 3032 1518,
1370 3008 1401 3027 n.
1418 3000 1480 3027 289.
1607 2992 1609 2994 ¹
