<?xml version="1.0" encoding="UTF-8"?>
<!DOCTYPE html PUBLIC "-//W3C//DTD XHTML 1.0 Transitional//EN"
    "http://www.w3.org/TR/xhtml1/DTD/xhtml1-transitional.dtd">
<html xmlns="http://www.w3.org/1999/xhtml" xml:lang="en" lang="en">
 <head>
  <title>
</title>
<meta http-equiv="Content-Type" content="text/html;charset=utf-8" />
  <meta name='ocr-system' content='tesseract 3.04.00' />
  <meta name='ocr-capabilities' content='ocr_page ocr_carea ocr_par ocr_line ocrx_word'/>
</head>
<body>
  <div class='ocr_page' id='page_1' title='image "./litteraequadrime14lain_0652.png"; bbox 0 0 2080 3392; ppageno 0'>
   <div class='ocr_carea' id='block_1_1' title="bbox 255 176 1372 220">
    <p class='ocr_par' dir='ltr' id='par_1_1' title="bbox 255 176 1372 220">
     <span class='ocr_line' id='line_1_1' title="bbox 255 176 1372 220; baseline 0.003 -8"><span class='ocrx_word' id='word_1_1' title='bbox 255 177 325 213; x_wconf 62' lang='lat'>(348</span> <span class='ocrx_word' id='word_1_2' title='bbox 763 176 989 214; x_wconf 79' lang='lat' dir='ltr'><strong>LITTERAE</strong></span> <span class='ocrx_word' id='word_1_3' title='bbox 1016 188 1372 220; x_wconf 63' lang='lat' dir='ltr'>QUADRileESTRES</span> 
     </span>
    </p>
   </div>
   <div class='ocr_carea' id='block_1_2' title="bbox 869 626 1270 680">
    <p class='ocr_par' dir='ltr' id='par_1_2' title="bbox 869 626 1270 680">
     <span class='ocr_line' id='line_1_2' title="bbox 869 626 1270 680; baseline -0.005 0"><span class='ocrx_word' id='word_1_4' title='bbox 869 626 1270 680; x_wconf 79' lang='lat' dir='ltr'>CCLXXXIX</span> 
     </span>
    </p>
   </div>
   <div class='ocr_carea' id='block_1_3' title="bbox 325 859 1475 1103">
    <p class='ocr_par' dir='ltr' id='par_1_3' title="bbox 325 859 1475 1103">
     <span class='ocr_line' id='line_1_3' title="bbox 325 859 747 907; baseline 0.005 -12"><span class='ocrx_word' id='word_1_5' title='bbox 325 859 372 896; x_wconf 85' lang='lat' dir='ltr'>P.</span> <span class='ocrx_word' id='word_1_6' title='bbox 394 859 570 897; x_wconf 87' lang='lat' dir='ltr'>Marcus</span> <span class='ocrx_word' id='word_1_7' title='bbox 589 861 747 907; x_wconf 39' lang='lat' dir='ltr'>vlorge,</span> 
     </span>
     <span class='ocr_line' id='line_1_4' title="bbox 371 924 1475 971; baseline 0.001 -10"><span class='ocrx_word' id='word_1_8' title='bbox 371 924 438 961; x_wconf 87' lang='lat' dir='ltr'>Ex</span> <span class='ocrx_word' id='word_1_9' title='bbox 458 924 776 962; x_wconf 72' lang='lat' dir='ltr'>covwm&#39;ssz&#39;one</span> <span class='ocrx_word' id='word_1_10' title='bbox 793 925 936 962; x_wconf 85' lang='lat' dir='ltr'>Patris</span> <span class='ocrx_word' id='word_1_11' title='bbox 956 925 1184 962; x_wconf 76' lang='lat' dir='ltr'>Michaelis</span> <span class='ocrx_word' id='word_1_12' title='bbox 1205 925 1258 962; x_wconf 90' lang='lat' dir='ltr'>de</span> <span class='ocrx_word' id='word_1_13' title='bbox 1277 925 1475 971; x_wconf 81' lang='lat' dir='ltr'>Bairros,</span> 
     </span>
     <span class='ocr_line' id='line_1_5' title="bbox 419 989 1005 1038; baseline -0.003 -11"><span class='ocrx_word' id='word_1_14' title='bbox 419 991 540 1027; x_wconf 87' lang='lat' dir='ltr'>Patri</span> <span class='ocrx_word' id='word_1_15' title='bbox 559 990 730 1038; x_wconf 82' lang='lat' dir='ltr'>Ignatio</span> <span class='ocrx_word' id='word_1_16' title='bbox 749 990 802 1027; x_wconf 90' lang='lat' dir='ltr'>de</span> <span class='ocrx_word' id='word_1_17' title='bbox 821 989 1005 1037; x_wconf 87' lang='lat' dir='ltr'>Loyola.</span> 
     </span>
     <span class='ocr_line' id='line_1_6' title="bbox 465 1055 950 1103; baseline -0.002 -10"><span class='ocrx_word' id='word_1_18' title='bbox 465 1055 629 1102; x_wconf 82' lang='lat' dir='ltr'>Ebora,</span> <span class='ocrx_word' id='word_1_19' title='bbox 654 1056 669 1092; x_wconf 93' lang='lat'>1</span> <span class='ocrx_word' id='word_1_20' title='bbox 693 1056 795 1103; x_wconf 88' lang='lat' dir='ltr'>Maji</span> <span class='ocrx_word' id='word_1_21' title='bbox 816 1056 907 1093; x_wconf 70' lang='lat'>1554</span> <span class='ocrx_word' id='word_1_22' title='bbox 926 1056 950 1092; x_wconf 90' lang='lat'>¹.</span> 
     </span>
    </p>
   </div>
   <div class='ocr_carea' id='block_1_4' title="bbox 1014 1264 1111 1316">
    <p class='ocr_par' dir='ltr' id='par_1_4' title="bbox 1014 1264 1111 1316">
     <span class='ocr_line' id='line_1_7' title="bbox 1014 1264 1111 1316; baseline 0.01 -13"><span class='ocrx_word' id='word_1_23' title='bbox 1014 1264 1111 1316; x_wconf 77' lang='lat' dir='ltr'>jhs.</span> 
     </span>
    </p>
   </div>
   <div class='ocr_carea' id='block_1_5' title="bbox 250 1477 1885 2805">
    <p class='ocr_par' dir='ltr' id='par_1_5' title="bbox 334 1477 804 1518">
     <span class='ocr_line' id='line_1_8' title="bbox 334 1477 804 1518; baseline 0.002 -1"><span class='ocrx_word' id='word_1_24' title='bbox 334 1477 433 1518; x_wconf 68' lang='lat' dir='ltr'>Rde</span> <span class='ocrx_word' id='word_1_25' title='bbox 455 1477 500 1517; x_wconf 89' lang='lat' dir='ltr'>in</span> <span class='ocrx_word' id='word_1_26' title='bbox 523 1477 708 1518; x_wconf 88' lang='lat' dir='ltr'>Christo</span> <span class='ocrx_word' id='word_1_27' title='bbox 730 1477 804 1518; x_wconf 83' lang='lat' dir='ltr'>Pr.</span> 
     </span>
    </p>

    <p class='ocr_par' dir='ltr' id='par_1_6' title="bbox 255 1548 1883 1660">
     <span class='ocr_line' id='line_1_9' title="bbox 334 1548 1883 1602; baseline -0.001 -13"><span class='ocrx_word' id='word_1_28' title='bbox 334 1549 497 1590; x_wconf 85' lang='lat' dir='ltr'>Gratia</span> <span class='ocrx_word' id='word_1_29' title='bbox 520 1556 563 1589; x_wconf 89' lang='lat' dir='ltr'>et</span> <span class='ocrx_word' id='word_1_30' title='bbox 584 1561 716 1589; x_wconf 87' lang='lat' dir='ltr'>amor</span> <span class='ocrx_word' id='word_1_31' title='bbox 737 1550 828 1589; x_wconf 91' lang='lat' dir='ltr'>dni.</span> <span class='ocrx_word' id='word_1_32' title='bbox 853 1550 939 1589; x_wconf 90' lang='lat' dir='ltr'>nri.</span> <span class='ocrx_word' id='word_1_33' title='bbox 961 1550 1071 1602; x_wconf 88' lang='lat' dir='ltr'>Jesu</span> <span class='ocrx_word' id='word_1_34' title='bbox 1099 1549 1271 1589; x_wconf 88' lang='lat' dir='ltr'>Christi</span> <span class='ocrx_word' id='word_1_35' title='bbox 1302 1548 1468 1589; x_wconf 87' lang='lat' dir='ltr'>animis</span> <span class='ocrx_word' id='word_1_36' title='bbox 1498 1548 1670 1588; x_wconf 88' lang='lat' dir='ltr'>nostris</span> <span class='ocrx_word' id='word_1_37' title='bbox 1699 1559 1883 1599; x_wconf 88' lang='lat' dir='ltr'>semper</span> 
     </span>
     <span class='ocr_line' id='line_1_10' title="bbox 255 1619 570 1660; baseline -0.006 -1"><span class='ocrx_word' id='word_1_38' title='bbox 255 1621 377 1660; x_wconf 90' lang='lat' dir='ltr'>insit.</span> <span class='ocrx_word' id='word_1_39' title='bbox 403 1619 570 1660; x_wconf 86' lang='lat' dir='ltr'>Amen.</span> 
     </span>
    </p>

    <p class='ocr_par' dir='ltr' id='par_1_7' title="bbox 250 1690 1885 2805">
     <span class='ocr_line' id='line_1_11' title="bbox 335 1690 1883 1741; baseline -0.001 -10"><span class='ocrx_word' id='word_1_40' title='bbox 335 1691 450 1732; x_wconf 91' lang='lat' dir='ltr'>Cum</span> <span class='ocrx_word' id='word_1_41' title='bbox 471 1692 717 1731; x_wconf 85' lang='lat' dir='ltr'>scribenda</span> <span class='ocrx_word' id='word_1_42' title='bbox 738 1692 829 1731; x_wconf 88' lang='lat' dir='ltr'>sint</span> <span class='ocrx_word' id='word_1_43' title='bbox 850 1692 963 1731; x_wconf 89' lang='lat' dir='ltr'>mihi</span> <span class='ocrx_word' id='word_1_44' title='bbox 985 1692 1043 1731; x_wconf 93' lang='lat' dir='ltr'>ad</span> <span class='ocrx_word' id='word_1_45' title='bbox 1072 1691 1121 1731; x_wconf 88' lang='grc' dir='ltr'>Ρ.</span> <span class='ocrx_word' id='word_1_46' title='bbox 1151 1698 1279 1731; x_wconf 86' lang='lat' dir='ltr'>tuam</span> <span class='ocrx_word' id='word_1_47' title='bbox 1307 1702 1382 1741; x_wconf 92' lang='lat' dir='ltr'>ea,</span> <span class='ocrx_word' id='word_1_48' title='bbox 1406 1702 1524 1741; x_wconf 87' lang='lat' dir='ltr'>quae</span> <span class='ocrx_word' id='word_1_49' title='bbox 1545 1690 1669 1741; x_wconf 91' lang='lat' dir='ltr'>apud</span> <span class='ocrx_word' id='word_1_50' title='bbox 1695 1702 1780 1730; x_wconf 90' lang='lat' dir='ltr'>nos</span> <span class='ocrx_word' id='word_1_51' title='bbox 1808 1702 1883 1741; x_wconf 85' lang='lat' dir='ltr'>ge-</span> 
     </span>
     <span class='ocr_line' id='line_1_12' title="bbox 255 1761 1884 1814; baseline -0.002 -11"><span class='ocrx_word' id='word_1_52' title='bbox 255 1769 327 1803; x_wconf 89' lang='lat' dir='ltr'>sta</span> <span class='ocrx_word' id='word_1_53' title='bbox 362 1769 468 1802; x_wconf 84' lang='lat' dir='ltr'>sunt</span> <span class='ocrx_word' id='word_1_54' title='bbox 497 1770 540 1802; x_wconf 92' lang='lat' dir='ltr'>et</span> <span class='ocrx_word' id='word_1_55' title='bbox 567 1762 654 1802; x_wconf 89' lang='lat' dir='ltr'>Dei</span> <span class='ocrx_word' id='word_1_56' title='bbox 687 1762 908 1802; x_wconf 91' lang='lat' dir='ltr'>beneficio</span> <span class='ocrx_word' id='word_1_57' title='bbox 943 1762 1148 1814; x_wconf 87' lang='lat' dir='ltr'>perfecta</span> <span class='ocrx_word' id='word_1_58' title='bbox 1184 1761 1272 1801; x_wconf 86' lang='lat' dir='ltr'>hoc.</span> <span class='ocrx_word' id='word_1_59' title='bbox 1308 1761 1659 1812; x_wconf 87' lang='lat' dir='ltr'>quadrimestri,</span> <span class='ocrx_word' id='word_1_60' title='bbox 1693 1767 1884 1812; x_wconf 87' lang='lat' dir='ltr'>propter</span> 
     </span>
     <span class='ocr_line' id='line_1_13' title="bbox 255 1831 1882 1885; baseline -0.002 -11"><span class='ocrx_word' id='word_1_61' title='bbox 255 1834 544 1874; x_wconf 70' lang='lat' dir='ltr'>obedientiae</span> <span class='ocrx_word' id='word_1_62' title='bbox 566 1840 866 1885; x_wconf 83' lang='lat' dir='ltr'>praeceptum</span> <span class='ocrx_word' id='word_1_63' title='bbox 897 1833 1243 1884; x_wconf 82' lang='lat' dir='ltr'>complendum,</span> <span class='ocrx_word' id='word_1_64' title='bbox 1276 1832 1429 1872; x_wconf 80' lang='lat' dir='ltr'>dicam</span> <span class='ocrx_word' id='word_1_65' title='bbox 1460 1832 1686 1883; x_wconf 82' lang='lat' dir='ltr'>imprimis</span> <span class='ocrx_word' id='word_1_66' title='bbox 1719 1831 1775 1871; x_wconf 83' lang='lat' dir='ltr'>de</span> <span class='ocrx_word' id='word_1_67' title='bbox 1805 1843 1882 1871; x_wconf 89' lang='lat' dir='ltr'>nu-</span> 
     </span>
     <span class='ocr_line' id='line_1_14' title="bbox 255 1903 1882 1956; baseline -0.001 -12"><span class='ocrx_word' id='word_1_68' title='bbox 255 1917 382 1945; x_wconf 87' lang='lat' dir='ltr'>mero</span> <span class='ocrx_word' id='word_1_69' title='bbox 403 1905 602 1945; x_wconf 85' lang='lat' dir='ltr'>fratrum</span> <span class='ocrx_word' id='word_1_70' title='bbox 621 1911 918 1956; x_wconf 90' lang='lat' dir='ltr'>patrumque,</span> <span class='ocrx_word' id='word_1_71' title='bbox 954 1906 1031 1956; x_wconf 84' lang='lat' dir='ltr'>qui</span> <span class='ocrx_word' id='word_1_72' title='bbox 1062 1905 1107 1944; x_wconf 91' lang='lat' dir='ltr'>in</span> <span class='ocrx_word' id='word_1_73' title='bbox 1129 1904 1500 1955; x_wconf 74' lang='lat' dir='ltr'>praesentiarum</span> <span class='ocrx_word' id='word_1_74' title='bbox 1531 1903 1654 1954; x_wconf 90' lang='lat' dir='ltr'>apud</span> <span class='ocrx_word' id='word_1_75' title='bbox 1683 1915 1768 1942; x_wconf 90' lang='lat' dir='ltr'>nos</span> <span class='ocrx_word' id='word_1_76' title='bbox 1790 1914 1882 1942; x_wconf 88' lang='lat' dir='ltr'>ma-</span> 
     </span>
     <span class='ocr_line' id='line_1_15' title="bbox 255 1974 1881 2027; baseline -0.002 -11"><span class='ocrx_word' id='word_1_77' title='bbox 255 1982 378 2016; x_wconf 84' lang='lat' dir='ltr'>nent.</span> <span class='ocrx_word' id='word_1_78' title='bbox 416 1976 476 2015; x_wconf 92' lang='lat' dir='ltr'>Hi</span> <span class='ocrx_word' id='word_1_79' title='bbox 511 1983 617 2016; x_wconf 88' lang='lat' dir='ltr'>sunt</span> <span class='ocrx_word' id='word_1_80' title='bbox 644 1977 713 2016; x_wconf 85' lang='lat' dir='ltr'>n.O</span> <span class='ocrx_word' id='word_1_81' title='bbox 741 1976 793 2016; x_wconf 72' lang='lat'>20</span> <span class='ocrx_word' id='word_1_82' title='bbox 819 1976 928 2016; x_wconf 82' lang='lat' dir='ltr'>fere.</span> <span class='ocrx_word' id='word_1_83' title='bbox 963 1976 1032 2015; x_wconf 79' lang='lat' dir='ltr'>Ex</span> <span class='ocrx_word' id='word_1_84' title='bbox 1063 1976 1228 2027; x_wconf 85' lang='lat' dir='ltr'>quibus</span> <span class='ocrx_word' id='word_1_85' title='bbox 1260 1981 1591 2026; x_wconf 76' lang='lat' dir='ltr'>praeceptores</span> <span class='ocrx_word' id='word_1_86' title='bbox 1626 1974 1881 2024; x_wconf 78' lang='lat' dir='ltr'>latinitatis,</span> 
     </span>
     <span class='ocr_line' id='line_1_16' title="bbox 254 2046 1884 2098; baseline -0.002 -11"><span class='ocrx_word' id='word_1_87' title='bbox 254 2047 412 2087; x_wconf 85' lang='lat' dir='ltr'>divino</span> <span class='ocrx_word' id='word_1_88' title='bbox 435 2059 644 2098; x_wconf 86' lang='lat' dir='ltr'>munere,</span> <span class='ocrx_word' id='word_1_89' title='bbox 671 2047 851 2087; x_wconf 79' lang='lat' dir='ltr'>abunde</span> <span class='ocrx_word' id='word_1_90' title='bbox 873 2047 986 2087; x_wconf 84' lang='lat' dir='ltr'>satis</span> <span class='ocrx_word' id='word_1_91' title='bbox 1009 2047 1329 2096; x_wconf 76' lang='lat' dir='ltr'>elaborarunt,</span> <span class='ocrx_word' id='word_1_92' title='bbox 1358 2052 1402 2085; x_wconf 93' lang='lat' dir='ltr'>et</span> <span class='ocrx_word' id='word_1_93' title='bbox 1432 2046 1765 2096; x_wconf 89' lang='lat' dir='ltr'>discipulorum</span> <span class='ocrx_word' id='word_1_94' title='bbox 1785 2056 1884 2084; x_wconf 86' lang='lat' dir='ltr'>suo-</span> 
     </span>
     <span class='ocr_line' id='line_1_17' title="bbox 254 2106 1885 2169; baseline -0.001 -12"><span class='ocrx_word' id='word_1_95' title='bbox 254 2130 355 2158; x_wconf 89' lang='lat' dir='ltr'>rum</span> <span class='ocrx_word' id='word_1_96' title='bbox 377 2118 562 2157; x_wconf 74' lang='lat' dir='ltr'>utilitati</span> <span class='ocrx_word' id='word_1_97' title='bbox 585 2130 775 2169; x_wconf 80' lang='lat' dir='ltr'>operam</span> <span class='ocrx_word' id='word_1_98' title='bbox 797 2118 1022 2158; x_wconf 86' lang='lat' dir='ltr'>dederunt</span> <span class='ocrx_word' id='word_1_99' title='bbox 1044 2117 1129 2157; x_wconf 91' lang='lat' dir='ltr'>hos</span> <span class='ocrx_word' id='word_1_100' title='bbox 1158 2118 1242 2156; x_wconf 59' lang='lat' dir='ltr'>4.OE</span> <span class='ocrx_word' id='word_1_101' title='bbox 1270 2106 1467 2156; x_wconf 68' lang='lat' dir='ltr'>menses.</span> <span class='ocrx_word' id='word_1_102' title='bbox 1498 2115 1617 2156; x_wconf 89' lang='lat' dir='ltr'>Nam</span> <span class='ocrx_word' id='word_1_103' title='bbox 1637 2115 1696 2155; x_wconf 89' lang='lat' dir='ltr'>ad</span> <span class='ocrx_word' id='word_1_104' title='bbox 1715 2116 1885 2156; x_wconf 88' lang='lat' dir='ltr'>festum</span> 
     </span>
     <span class='ocr_line' id='line_1_18' title="bbox 254 2186 1885 2240; baseline -0.002 -12"><span class='ocrx_word' id='word_1_105' title='bbox 254 2201 397 2240; x_wconf 89' lang='lat' dir='ltr'>usque</span> <span class='ocrx_word' id='word_1_106' title='bbox 428 2188 632 2240; x_wconf 78' lang='lat' dir='ltr'>paschae</span> <span class='ocrx_word' id='word_1_107' title='bbox 660 2195 754 2228; x_wconf 88' lang='lat' dir='ltr'>tres</span> <span class='ocrx_word' id='word_1_108' title='bbox 784 2195 965 2228; x_wconf 85' lang='lat' dir='ltr'>tantum</span> <span class='ocrx_word' id='word_1_109' title='bbox 994 2189 1189 2238; x_wconf 85' lang='lat' dir='ltr'>classes,</span> <span class='ocrx_word' id='word_1_110' title='bbox 1226 2187 1371 2227; x_wconf 87' lang='lat' dir='ltr'>tribus</span> <span class='ocrx_word' id='word_1_111' title='bbox 1402 2186 1806 2238; x_wconf 78' lang='lat' dir='ltr'>praeceptoribus,</span> <span class='ocrx_word' id='word_1_112' title='bbox 1840 2186 1885 2226; x_wconf 90' lang='lat' dir='ltr'>in</span> 
     </span>
     <span class='ocr_line' id='line_1_19' title="bbox 253 2257 1882 2311; baseline -0.002 -12"><span class='ocrx_word' id='word_1_113' title='bbox 253 2260 424 2300; x_wconf 88' lang='lat' dir='ltr'>scholis</span> <span class='ocrx_word' id='word_1_114' title='bbox 455 2266 588 2299; x_wconf 88' lang='lat' dir='ltr'>erant</span> <span class='ocrx_word' id='word_1_115' title='bbox 619 2260 828 2311; x_wconf 86' lang='lat' dir='ltr'>(praeter</span> <span class='ocrx_word' id='word_1_116' title='bbox 859 2260 1009 2309; x_wconf 88' lang='lat' dir='ltr'>illam,</span> <span class='ocrx_word' id='word_1_117' title='bbox 1044 2259 1089 2298; x_wconf 91' lang='lat' dir='ltr'>in</span> <span class='ocrx_word' id='word_1_118' title='bbox 1119 2270 1209 2310; x_wconf 87' lang='lat' dir='ltr'>qua</span> <span class='ocrx_word' id='word_1_119' title='bbox 1233 2258 1503 2298; x_wconf 85' lang='lat' dir='ltr'>sacerdotes</span> <span class='ocrx_word' id='word_1_120' title='bbox 1533 2269 1670 2297; x_wconf 91' lang='lat' dir='ltr'>casus</span> <span class='ocrx_word' id='word_1_121' title='bbox 1698 2257 1757 2297; x_wconf 90' lang='lat' dir='ltr'>ad</span> <span class='ocrx_word' id='word_1_122' title='bbox 1778 2269 1882 2297; x_wconf 90' lang='lat' dir='ltr'>con-</span> 
     </span>
     <span class='ocr_line' id='line_1_20' title="bbox 254 2328 1885 2382; baseline -0.002 -12"><span class='ocrx_word' id='word_1_123' title='bbox 254 2331 497 2371; x_wconf 88' lang='lat' dir='ltr'>scientiam</span> <span class='ocrx_word' id='word_1_124' title='bbox 526 2337 792 2382; x_wconf 86' lang='lat' dir='ltr'>spectantes</span> <span class='ocrx_word' id='word_1_125' title='bbox 823 2329 1113 2379; x_wconf 88' lang='lat' dir='ltr'>edocentur);</span> <span class='ocrx_word' id='word_1_126' title='bbox 1147 2330 1301 2380; x_wconf 85' lang='lat' dir='ltr'>itaque</span> <span class='ocrx_word' id='word_1_127' title='bbox 1324 2340 1515 2369; x_wconf 88' lang='lat' dir='ltr'>necesse</span> <span class='ocrx_word' id='word_1_128' title='bbox 1546 2334 1647 2368; x_wconf 88' lang='lat' dir='ltr'>erat</span> <span class='ocrx_word' id='word_1_129' title='bbox 1675 2328 1885 2379; x_wconf 82' lang='lat' dir='ltr'>singulos</span> 
     </span>
     <span class='ocr_line' id='line_1_21' title="bbox 252 2399 1885 2453; baseline -0.002 -12"><span class='ocrx_word' id='word_1_130' title='bbox 252 2402 407 2453; x_wconf 89' lang='lat' dir='ltr'>plures</span> <span class='ocrx_word' id='word_1_131' title='bbox 429 2401 684 2452; x_wconf 90' lang='lat' dir='ltr'>discipulos</span> <span class='ocrx_word' id='word_1_132' title='bbox 715 2408 758 2441; x_wconf 91' lang='lat' dir='ltr'>et</span> <span class='ocrx_word' id='word_1_133' title='bbox 790 2402 892 2452; x_wconf 89' lang='lat' dir='ltr'>plus</span> <span class='ocrx_word' id='word_1_134' title='bbox 921 2401 1094 2440; x_wconf 89' lang='lat' dir='ltr'>laboris</span> <span class='ocrx_word' id='word_1_135' title='bbox 1124 2401 1318 2450; x_wconf 74' lang='lat' dir='ltr'>habere,</span> <span class='ocrx_word' id='word_1_136' title='bbox 1348 2407 1454 2451; x_wconf 93' lang='lat' dir='ltr'>post</span> <span class='ocrx_word' id='word_1_137' title='bbox 1483 2399 1651 2439; x_wconf 87' lang='lat' dir='ltr'>festum</span> <span class='ocrx_word' id='word_1_138' title='bbox 1681 2399 1885 2450; x_wconf 88' lang='lat' dir='ltr'>paschae</span> 
     </span>
     <span class='ocr_line' id='line_1_22' title="bbox 252 2470 1880 2524; baseline -0.002 -12"><span class='ocrx_word' id='word_1_139' title='bbox 252 2484 344 2512; x_wconf 92' lang='lat' dir='ltr'>una</span> <span class='ocrx_word' id='word_1_140' title='bbox 365 2472 594 2524; x_wconf 87' lang='lat' dir='ltr'>quaedam</span> <span class='ocrx_word' id='word_1_141' title='bbox 615 2472 706 2511; x_wconf 86' lang='lat' dir='ltr'>alia</span> <span class='ocrx_word' id='word_1_142' title='bbox 728 2478 797 2512; x_wconf 88' lang='lat' dir='ltr'>est</span> <span class='ocrx_word' id='word_1_143' title='bbox 820 2471 997 2521; x_wconf 86' lang='lat' dir='ltr'>addita,</span> <span class='ocrx_word' id='word_1_144' title='bbox 1022 2472 1086 2511; x_wconf 91' lang='lat' dir='ltr'>ita</span> <span class='ocrx_word' id='word_1_145' title='bbox 1108 2477 1157 2510; x_wconf 91' lang='lat' dir='ltr'>ut</span> <span class='ocrx_word' id='word_1_146' title='bbox 1179 2471 1271 2511; x_wconf 88' lang='lat' dir='ltr'>iam</span> <span class='ocrx_word' id='word_1_147' title='bbox 1302 2471 1371 2510; x_wconf 88' lang='lat' dir='ltr'>n.⁰</span> <span class='ocrx_word' id='word_1_148' title='bbox 1400 2471 1483 2511; x_wconf 72' lang='lat'>4.01‘</span> <span class='ocrx_word' id='word_1_149' title='bbox 1504 2470 1615 2520; x_wconf 89' lang='lat' dir='ltr'>sint,</span> <span class='ocrx_word' id='word_1_150' title='bbox 1648 2481 1729 2509; x_wconf 92' lang='lat' dir='ltr'>seu</span> <span class='ocrx_word' id='word_1_151' title='bbox 1752 2470 1880 2521; x_wconf 83' lang='lat' dir='ltr'>quin-</span> 
     </span>
     <span class='ocr_line' id='line_1_23' title="bbox 253 2541 1884 2594; baseline -0.001 -12"><span class='ocrx_word' id='word_1_152' title='bbox 253 2554 340 2594; x_wconf 86' lang='lat' dir='ltr'>que</span> <span class='ocrx_word' id='word_1_153' title='bbox 360 2543 537 2594; x_wconf 87' lang='lat' dir='ltr'>potius,</span> <span class='ocrx_word' id='word_1_154' title='bbox 570 2543 609 2582; x_wconf 89' lang='lat' dir='ltr'>si</span> <span class='ocrx_word' id='word_1_155' title='bbox 635 2543 760 2582; x_wconf 89' lang='lat' dir='ltr'>illam</span> <span class='ocrx_word' id='word_1_156' title='bbox 794 2553 1202 2592; x_wconf 84' lang='lat' dir='ltr'>connumeremus,</span> <span class='ocrx_word' id='word_1_157' title='bbox 1227 2553 1346 2593; x_wconf 87' lang='lat' dir='ltr'>quae</span> <span class='ocrx_word' id='word_1_158' title='bbox 1368 2548 1437 2581; x_wconf 90' lang='lat' dir='ltr'>est</span> <span class='ocrx_word' id='word_1_159' title='bbox 1467 2541 1780 2591; x_wconf 84' lang='lat' dir='ltr'>sacerdotum,</span> <span class='ocrx_word' id='word_1_160' title='bbox 1805 2541 1884 2580; x_wconf 88' lang='lat' dir='ltr'>ubi</span> 
     </span>
     <span class='ocr_line' id='line_1_24' title="bbox 253 2611 1882 2664; baseline -0.001 -11"><span class='ocrx_word' id='word_1_161' title='bbox 253 2614 308 2652; x_wconf 91' lang='lat' dir='ltr'>de</span> <span class='ocrx_word' id='word_1_162' title='bbox 331 2614 562 2653; x_wconf 86' lang='lat' dir='ltr'>consciae.</span> <span class='ocrx_word' id='word_1_163' title='bbox 589 2613 773 2653; x_wconf 89' lang='lat' dir='ltr'>casibus</span> <span class='ocrx_word' id='word_1_164' title='bbox 797 2613 966 2664; x_wconf 84' lang='lat' dir='ltr'>agitur.</span> <span class='ocrx_word' id='word_1_165' title='bbox 990 2612 1338 2663; x_wconf 90' lang='lat' dir='ltr'>Discipulorum</span> <span class='ocrx_word' id='word_1_166' title='bbox 1360 2619 1515 2652; x_wconf 87' lang='lat' dir='ltr'>autem</span> <span class='ocrx_word' id='word_1_167' title='bbox 1537 2623 1664 2652; x_wconf 89' lang='lat' dir='ltr'>nrus.</span> <span class='ocrx_word' id='word_1_168' title='bbox 1698 2611 1785 2651; x_wconf 91' lang='lat' dir='ltr'>Dei</span> <span class='ocrx_word' id='word_1_169' title='bbox 1806 2612 1882 2651; x_wconf 92' lang='lat' dir='ltr'>bo-</span> 
     </span>
     <span class='ocr_line' id='line_1_25' title="bbox 250 2682 1879 2734; baseline -0.002 -10"><span class='ocrx_word' id='word_1_170' title='bbox 250 2684 395 2724; x_wconf 87' lang='lat' dir='ltr'>nitate</span> <span class='ocrx_word' id='word_1_171' title='bbox 421 2684 558 2724; x_wconf 79' lang='lat' dir='ltr'>valde</span> <span class='ocrx_word' id='word_1_172' title='bbox 585 2684 808 2724; x_wconf 83' lang='lat' dir='ltr'>excrevit.</span> <span class='ocrx_word' id='word_1_173' title='bbox 844 2683 964 2724; x_wconf 85' lang='lat' dir='ltr'>Nam</span> <span class='ocrx_word' id='word_1_174' title='bbox 990 2689 1034 2723; x_wconf 90' lang='lat' dir='ltr'>et</span> <span class='ocrx_word' id='word_1_175' title='bbox 1055 2684 1144 2723; x_wconf 91' lang='lat' dir='ltr'>hoc</span> <span class='ocrx_word' id='word_1_176' title='bbox 1166 2694 1323 2723; x_wconf 88' lang='lat' dir='ltr'>mense</span> <span class='ocrx_word' id='word_1_177' title='bbox 1349 2682 1547 2733; x_wconf 87' lang='lat' dir='ltr'>Aprilis,</span> <span class='ocrx_word' id='word_1_178' title='bbox 1572 2688 1678 2734; x_wconf 91' lang='lat' dir='ltr'>post</span> <span class='ocrx_word' id='word_1_179' title='bbox 1711 2682 1879 2722; x_wconf 87' lang='lat' dir='ltr'>festum</span> 
     </span>
     <span class='ocr_line' id='line_1_26' title="bbox 252 2753 1883 2805; baseline -0.001 -11"><span class='ocrx_word' id='word_1_180' title='bbox 252 2755 480 2805; x_wconf 86' lang='lat' dir='ltr'>paschae,</span> <span class='ocrx_word' id='word_1_181' title='bbox 517 2754 569 2794; x_wconf 79' lang='lat'>30</span> <span class='ocrx_word' id='word_1_182' title='bbox 603 2761 681 2794; x_wconf 91' lang='lat' dir='ltr'>aut</span> <span class='ocrx_word' id='word_1_183' title='bbox 715 2754 859 2795; x_wconf 84' lang='lat' dir='ltr'>ferme</span> <span class='ocrx_word' id='word_1_184' title='bbox 893 2754 945 2794; x_wconf 72' lang='lat'>40</span> <span class='ocrx_word' id='word_1_185' title='bbox 979 2754 1169 2794; x_wconf 88' lang='lat' dir='ltr'>admissi</span> <span class='ocrx_word' id='word_1_186' title='bbox 1204 2761 1337 2794; x_wconf 89' lang='lat' dir='ltr'>sunt:</span> <span class='ocrx_word' id='word_1_187' title='bbox 1370 2754 1554 2793; x_wconf 88' lang='lat' dir='ltr'>illorum</span> <span class='ocrx_word' id='word_1_188' title='bbox 1589 2753 1774 2804; x_wconf 86' lang='lat' dir='ltr'>plurimi</span> <span class='ocrx_word' id='word_1_189' title='bbox 1804 2764 1883 2803; x_wconf 92' lang='lat' dir='ltr'>pa-</span> 
     </span>
    </p>
   </div>
   <div class='ocr_carea' id='block_1_6' title="bbox 225 2890 1886 3021">
    <p class='ocr_par' dir='ltr' id='par_1_8' title="bbox 225 2890 1886 3021">
     <span class='ocr_line' id='line_1_27' title="bbox 312 2890 1883 2926; baseline -0.002 -7"><span class='ocrx_word' id='word_1_190' title='bbox 312 2893 321 2911; x_wconf 92' lang='lat'>¹</span> <span class='ocrx_word' id='word_1_191' title='bbox 361 2893 609 2926; x_wconf 83' lang='lat' dir='ltr'>Autographae</span> <span class='ocrx_word' id='word_1_192' title='bbox 636 2893 668 2919; x_wconf 91' lang='lat' dir='ltr'>in</span> <span class='ocrx_word' id='word_1_193' title='bbox 693 2892 772 2919; x_wconf 84' lang='lat' dir='ltr'>folio</span> <span class='ocrx_word' id='word_1_194' title='bbox 797 2892 932 2926; x_wconf 88' lang='lat' dir='ltr'>triplici,</span> <span class='ocrx_word' id='word_1_195' title='bbox 955 2899 1009 2919; x_wconf 90' lang='lat' dir='ltr'>nn.</span> <span class='ocrx_word' id='word_1_196' title='bbox 1029 2892 1090 2925; x_wconf 62' lang='lat'>489,</span> <span class='ocrx_word' id='word_1_197' title='bbox 1113 2891 1166 2918; x_wconf 69' lang='lat'>490</span> <span class='ocrx_word' id='word_1_198' title='bbox 1188 2894 1220 2918; x_wconf 85' lang='lat' dir='ltr'>et</span> <span class='ocrx_word' id='word_1_199' title='bbox 1242 2891 1341 2918; x_wconf 71' lang='lat'>491.——</span> <span class='ocrx_word' id='word_1_200' title='bbox 1354 2890 1457 2917; x_wconf 85' lang='lat' dir='ltr'>Aliud</span> <span class='ocrx_word' id='word_1_201' title='bbox 1480 2897 1561 2917; x_wconf 83' lang='lat' dir='ltr'>vere</span> <span class='ocrx_word' id='word_1_202' title='bbox 1584 2898 1649 2916; x_wconf 91' lang='lat' dir='ltr'>non</span> <span class='ocrx_word' id='word_1_203' title='bbox 1669 2895 1747 2917; x_wconf 85' lang='lat' dir='ltr'>sunt</span> <span class='ocrx_word' id='word_1_204' title='bbox 1772 2890 1833 2916; x_wconf 88' lang='lat' dir='ltr'>nisi</span> <span class='ocrx_word' id='word_1_205' title='bbox 1850 2890 1883 2916; x_wconf 83' lang='lat' dir='ltr'>la</span> 
     </span>
     <span class='ocr_line' id='line_1_28' title="bbox 255 2937 1886 2975; baseline -0.001 -10"><span class='ocrx_word' id='word_1_206' title='bbox 255 2939 326 2966; x_wconf 87' lang='lat' dir='ltr'>tina</span> <span class='ocrx_word' id='word_1_207' title='bbox 341 2940 454 2967; x_wconf 85' lang='lat' dir='ltr'>versio</span> <span class='ocrx_word' id='word_1_208' title='bbox 472 2948 599 2975; x_wconf 87' lang='lat' dir='ltr'>carum,</span> <span class='ocrx_word' id='word_1_209' title='bbox 616 2948 699 2974; x_wconf 86' lang='lat' dir='ltr'>quas</span> <span class='ocrx_word' id='word_1_210' title='bbox 716 2939 888 2974; x_wconf 83' lang='lat' dir='ltr'>hispanice</span> <span class='ocrx_word' id='word_1_211' title='bbox 904 2946 1017 2973; x_wconf 83' lang='lat' dir='ltr'>supra,</span> <span class='ocrx_word' id='word_1_212' title='bbox 1034 2946 1065 2965; x_wconf 91' lang='lat' dir='ltr'>n.</span> <span class='ocrx_word' id='word_1_213' title='bbox 1082 2946 1262 2972; x_wconf 72' lang='lat' dir='ltr'>CCLXXXIV,</span> <span class='ocrx_word' id='word_1_214' title='bbox 1277 2945 1355 2972; x_wconf 83' lang='lat' dir='ltr'>pag.</span> <span class='ocrx_word' id='word_1_215' title='bbox 1370 2938 1430 2971; x_wconf 77' lang='lat'>610,</span> <span class='ocrx_word' id='word_1_216' title='bbox 1448 2938 1608 2965; x_wconf 84' lang='lat' dir='ltr'>dedimus.</span> <span class='ocrx_word' id='word_1_217' title='bbox 1625 2937 1687 2965; x_wconf 89' lang='lat' dir='ltr'>Hic</span> <span class='ocrx_word' id='word_1_218' title='bbox 1700 2941 1813 2964; x_wconf 81' lang='lat' dir='ltr'>tamen</span> <span class='ocrx_word' id='word_1_219' title='bbox 1829 2944 1886 2964; x_wconf 83' lang='lat' dir='ltr'>eas</span> 
     </span>
     <span class='ocr_line' id='line_1_29' title="bbox 225 2985 1645 3021; baseline -0.001 -8"><span class='ocrx_word' id='word_1_220' title='bbox 225 3002 230 3008; x_wconf 88' lang='lat'><strong>·</strong></span> <span class='ocrx_word' id='word_1_221' title='bbox 255 2994 314 3013; x_wconf 85' lang='lat' dir='ltr'>suo</span> <span class='ocrx_word' id='word_1_222' title='bbox 338 2992 369 3013; x_wconf 84' lang='lat' dir='ltr'>et</span> <span class='ocrx_word' id='word_1_223' title='bbox 387 2995 525 3014; x_wconf 81' lang='lat' dir='ltr'>numero</span> <span class='ocrx_word' id='word_1_224' title='bbox 542 2993 574 3014; x_wconf 82' lang='lat' dir='ltr'>et</span> <span class='ocrx_word' id='word_1_225' title='bbox 591 2989 663 3014; x_wconf 88' lang='lat' dir='ltr'>loco</span> <span class='ocrx_word' id='word_1_226' title='bbox 679 2987 858 3014; x_wconf 85' lang='lat' dir='ltr'>distinctas</span> <span class='ocrx_word' id='word_1_227' title='bbox 874 2987 1038 3021; x_wconf 73' lang='lat' dir='ltr'>ponimuS,</span> <span class='ocrx_word' id='word_1_228' title='bbox 1055 2987 1133 3020; x_wconf 84' lang='lat' dir='ltr'>quia</span> <span class='ocrx_word' id='word_1_229' title='bbox 1148 2986 1215 3013; x_wconf 87' lang='lat' dir='ltr'>alio</span> <span class='ocrx_word' id='word_1_230' title='bbox 1231 2986 1273 3012; x_wconf 86' lang='lat' dir='ltr'>ab</span> <span class='ocrx_word' id='word_1_231' title='bbox 1289 2986 1354 3013; x_wconf 87' lang='lat' dir='ltr'>illis</span> <span class='ocrx_word' id='word_1_232' title='bbox 1369 2986 1421 3013; x_wconf 86' lang='lat' dir='ltr'>die</span> <span class='ocrx_word' id='word_1_233' title='bbox 1437 2985 1538 3012; x_wconf 87' lang='lat' dir='ltr'>datae</span> <span class='ocrx_word' id='word_1_234' title='bbox 1553 2989 1645 3012; x_wconf 86' lang='lat' dir='ltr'>sunt.</span> 
     </span>
    </p>
   </div>
  </div>
 </body>
</html>
