2080 3392
297 161 368 197 464
807 161 1034 198 LITTERAE
1060 172 1415 204 QUADRlMESTRES

296 258 367 296 lae
389 257 775 296 discalceatorum
796 256 1007 305 tradidit,
1032 258 1148 297 alter
1168 269 1282 297 vero
1305 258 1539 299 mirabiles
1568 260 1676 300 fecit
1697 261 1743 301 in
1764 262 1921 303 divino

294 328 420 366 cultu
441 337 734 377 progressus.

374 396 657 437 Confessarii
697 403 853 437 autem
896 398 1109 438 laborant
1148 410 1241 438 non
1278 410 1445 449 parum
1484 412 1709 452 suumque
1753 414 1922 443 munus

294 478 400 506 cum
420 479 512 507 non
532 467 755 508 mediocri
777 468 1098 509 aedificatione
1119 470 1361 520 praeclare
1386 477 1691 522 exequuntur,
1725 484 1922 524 quorum

294 549 413 577 unus
434 549 458 577 e
489 539 631 578 divite
659 540 881 590 quodam,
910 545 960 580 ut
991 540 1169 580 duobus
1198 541 1483 592 pauperibus
1509 554 1729 593 magnam
1761 555 1919 585 aureo-

295 619 397 647 rum
418 619 648 649 summam
674 609 948 661 dimitteret,
970 611 1259 662 impetravit;
1293 623 1387 652 non
1414 624 1579 663 parum
1606 614 1747 654 etiam
1774 620 1922 655 exter-

291 679 365 718 nis
400 680 714 730 scholasticis,
757 682 834 732 qui
873 682 1071 732 singulis
1105 682 1343 722 mensibus
1381 682 1674 734 confitentur,
1711 692 1921 735 prosunt.

292 750 438 790 Multa
466 751 671 802 quidem,
704 764 824 803 quae
853 753 913 792 ad
939 753 1029 792 Dei
1048 753 1249 803 gloriam
1279 753 1531 804 pertinent,
1558 754 1605 794 in
1632 754 1763 795 India
1789 762 1924 806 gesta

293 822 624 872 cognovimus,
648 834 741 862 una
763 828 917 863 autem
939 835 1045 863 cum
1066 824 1153 863 hac
1175 823 1390 863 indianas
1410 824 1589 864 litteras
1611 824 1667 865 de
1687 826 1759 865 his
1782 837 1920 877 agen-

294 898 365 932 tes
387 893 630 933 mittimus.

373 963 445 1003 Ex
479 964 750 1004 Brasiliensi
783 965 976 1015 regione
1010 965 1193 1005 litterae
1228 965 1361 1005 nobis
1396 965 1605 1006 redditae
1640 972 1767 1016 sunt,
1803 979 1923 1018 quae

292 1046 386 1074 non
406 1040 563 1074 tamen
582 1041 773 1086 septem,
798 1036 875 1087 qui
896 1036 984 1076 hoc
1007 1047 1128 1075 anno
1150 1047 1203 1076 eo
1224 1036 1425 1086 iverunt,
1450 1036 1681 1077 adventus
1699 1038 1925 1078 certiores

294 1117 380 1145 nos
400 1105 596 1153 faciunt3
626 1107 968 1158 nonnullasque
995 1118 1070 1146 res
1100 1107 1148 1146 in
1175 1107 1338 1147 eadem
1364 1113 1523 1158 gestas
1550 1107 1795 1158 provincia
1816 1120 1918 1148 nar-

292 1181 399 1216 rant
420 1188 620 1227 magnae
641 1177 993 1227 aedificationis,
1017 1189 1134 1229 quas
1155 1189 1316 1218 omnes
1332 1179 1479 1227 brevi,
1499 1178 1701 1218 Domino
1717 1179 1919 1231 favente,

294 1248 676 1288 transmittemus.

372 1317 562 1358 Africae
582 1319 630 1358 in
652 1319 822 1370 oppido
845 1320 1030 1360 Tutuan
1050 1320 1193 1360 multa
1216 1331 1242 1359 a
1263 1319 1364 1360 Deo
1387 1320 1491 1372 Opt.
1514 1320 1640 1361 Max.
1669 1326 1803 1371 gesta
1834 1320 1916 1360 Pa-

291 1389 378 1428 tris
397 1388 591 1440 Joannis
611 1390 773 1430 Nunez
793 1396 838 1430 et
860 1390 975 1430 socii
1004 1391 1174 1441 Ignatii
1204 1391 1462 1431 ministerio
1489 1392 1777 1431 nuntiantur.
1807 1391 1919 1431 Mul-

291 1465 367 1498 tos
402 1460 524 1499 enim
558 1461 761 1511 quotidie
796 1461 1008 1512 captivos
1041 1461 1245 1502 redimit:
1282 1463 1478 1502 multum
1512 1462 1685 1502 Christi
1719 1463 1922 1502 cultores

292 1541 473 1580 omnes,
508 1531 585 1582 qui
614 1532 660 1571 in
686 1532 774 1571 illis
809 1532 1058 1572 infidelium
1090 1533 1301 1584 partibus
1330 1539 1599 1583 versantur,
1634 1534 1918 1585 consolatur,

294 1608 391 1641 tum
413 1613 575 1642 eorum
596 1603 789 1642 audiens
811 1603 1147 1653 confessiones,
1171 1609 1269 1644 tum
1290 1615 1404 1644 vero
1425 1604 1566 1644 etiam
1591 1610 1813 1655 urgentes
1841 1604 1916 1644 sti-

294 1673 445 1712 mulos
479 1673 539 1713 ad
573 1673 745 1714 Christi
782 1673 916 1714 fidem
951 1674 1242 1714 retinendam
1276 1674 1466 1715 addens.
1502 1674 1644 1715 Parat
1677 1681 1921 1726 praeterea

296 1754 415 1793 quae
435 1750 585 1794 potest
609 1745 766 1784 omnia
800 1745 1154 1796 aegrotantibus
1185 1746 1409 1797 captivis,
1434 1745 1510 1797 qui
1540 1746 1587 1785 in
1617 1745 1818 1797 quodam
1846 1757 1920 1797 op-

294 1813 391 1864 pidi
411 1815 719 1865 xenodochiO,
744 1815 875 1855 cuius
898 1816 996 1867 ipse
1019 1828 1180 1856 curam
1200 1817 1360 1867 habet,
1386 1823 1589 1866 manent,
1614 1822 1658 1856 et
1678 1817 1734 1856 iis
1762 1816 1917 1867 etiam,

294 1884 374 1934 qui
403 1885 462 1924 ab
488 1886 613 1925 heris
638 1887 758 1926 male
788 1892 1065 1926 tractantur.
1095 1886 1347 1938 Plusquam
1374 1887 1497 1927 mille
1526 1899 1694 1927 aureos
1725 1899 1846 1927 nunc
1876 1888 1924 1927 in

291 1956 590 2006 captivorum
617 1958 990 2008 redemptionem
1018 1957 1076 1997 ad
1106 1969 1211 1997 eum
1241 1958 1489 2008 mittimus,
1515 1970 1630 2009 quos
1660 1958 1923 2009 Episcopus

293 2026 498 2077 quidam,
524 2027 705 2067 Eborae
727 2040 851 2068 nunc
873 2027 1139 2078 defunctuS,
1165 2040 1219 2068 ac
1240 2029 1449 2068 nonnulli
1471 2029 1548 2068 alii
1569 2028 1755 2080 privati,
1779 2028 1924 2079 ipsius

294 2097 525 2147 epistolis,
564 2110 618 2137 ac
656 2105 786 2138 tanta
821 2110 976 2139 rerum
1010 2099 1288 2139 necessitate
1328 2100 1569 2145 commoti,
1606 2099 1765 2150 largiti
1799 2106 1920 2148 sunt,

294 2174 434 2218 atque
456 2169 544 2208 hoc
563 2170 747 2220 quidem
768 2175 954 2221 praeter
976 2169 1044 2220 id,
1069 2170 1191 2221 quod
1211 2169 1319 2209 hinc
1347 2181 1531 2221 semper
1559 2170 1618 2210 ad
1648 2170 1924 2212 constitutos

296 2238 507 2278 homines
528 2240 634 2280 illuc
655 2240 1002 2280 transmittitur.
1026 2241 1193 2280 Incitat
1218 2240 1429 2291 profecto
1451 2253 1544 2280 non
1564 2252 1731 2292 parum
1752 2242 1811 2281 ad
1837 2242 1926 2282 Dei

294 2309 455 2349 laudes
467 2316 596 2350 tanta
613 2311 920 2351 lusitanorum
935 2311 993 2350 ad
1009 2311 1124 2350 haec
1138 2311 1487 2351 misericordiae
1501 2323 1642 2363 opera
1656 2313 1921 2364 propensio.

374 2380 500 2420 Velit
521 2381 578 2420 D.
603 2381 707 2432 Opt.
732 2381 857 2421 Max.
882 2381 971 2421 hoc
991 2382 1125 2421 nobis
1155 2388 1396 2432 praestare
1418 2382 1612 2432 donum,
1636 2388 1685 2423 ut
1706 2383 1753 2422 in
1783 2383 1923 2423 omni-

294 2451 382 2490 bus
408 2451 552 2502 ipsius
584 2453 872 2492 voluntatem
901 2452 1215 2502 intelligamus
1242 2452 1539 2504 perfecteque
1570 2453 1920 2504 adimpleamus.

373 2521 635 2562 Coimbriae
655 2523 721 2563 VI
741 2522 843 2562 idus
866 2522 1082 2563 Octobris
1107 2522 1221 2562 1553.

373 2592 425 2633 T.
448 2593 497 2633 Ρ.

373 2663 595 2715 Indignus
615 2664 756 2715 filius,

1304 2752 1507 2805 JAcossus
1537 2752 1706 2792 MIRoN.

374 2893 481 2932 Non
502 2897 569 2933 est
592 2894 954 2946 superscriptio,
984 2894 1067 2933 sed
1087 2897 1273 2933 tantam
1294 2892 1342 2932 in
1363 2893 1458 2932 ima
1486 2896 1683 2944 quartae
1708 2892 1923 2944 paginae

294 2973 399 3012 ora,
419 2963 613 3013 ignotae
634 2976 806 3005 manas
829 2965 1105 3015 leaecpauca
1126 2963 1384 3014 leguntur.-
1406 2963 1458 3014 Q.
1484 2963 1700 3004 Coimbra
1714 2995 1724 3014 ,
1745 2964 1810 3003 53.
