<?xml version="1.0" encoding="UTF-8"?>
<!DOCTYPE html PUBLIC "-//W3C//DTD XHTML 1.0 Transitional//EN"
    "http://www.w3.org/TR/xhtml1/DTD/xhtml1-transitional.dtd">
<html xmlns="http://www.w3.org/1999/xhtml" xml:lang="en" lang="en">
 <head>
  <title>
</title>
<meta http-equiv="Content-Type" content="text/html;charset=utf-8" />
  <meta name='ocr-system' content='tesseract 3.04.00' />
  <meta name='ocr-capabilities' content='ocr_page ocr_carea ocr_par ocr_line ocrx_word'/>
</head>
<body>
  <div class='ocr_page' id='page_1' title='image "./litteraequadrime14lain_0038.png"; bbox 0 0 2080 3392; ppageno 0'>
   <div class='ocr_carea' id='block_1_1' title="bbox 329 173 1448 215">
    <p class='ocr_par' dir='ltr' id='par_1_1' title="bbox 329 173 1448 215">
     <span class='ocr_line' id='line_1_1' title="bbox 329 173 1448 215; baseline -0.005 -2"><span class='ocrx_word' id='word_1_1' title='bbox 329 177 376 213; x_wconf 66' lang='lat'>34</span> <span class='ocrx_word' id='word_1_2' title='bbox 837 173 1063 210; x_wconf 77' lang='lat' dir='ltr'>LITTERAE</span> <span class='ocrx_word' id='word_1_3' title='bbox 1091 181 1448 215; x_wconf 75' lang='lat' dir='ltr'>QUADRIMEsTREs</span> 
     </span>
    </p>
   </div>
   <div class='ocr_carea' id='block_1_2' title="bbox 327 264 1973 2725">
    <p class='ocr_par' dir='ltr' id='par_1_2' title="bbox 327 264 1973 1876">
     <span class='ocr_line' id='line_1_2' title="bbox 331 264 1968 321; baseline -0.005 -9"><span class='ocrx_word' id='word_1_4' title='bbox 331 283 434 312; x_wconf 92' lang='lat' dir='ltr'>cum</span> <span class='ocrx_word' id='word_1_5' title='bbox 456 270 643 321; x_wconf 85' lang='lat' dir='ltr'>plebeii,</span> <span class='ocrx_word' id='word_1_6' title='bbox 667 276 763 309; x_wconf 87' lang='lat' dir='ltr'>tum</span> <span class='ocrx_word' id='word_1_7' title='bbox 783 268 982 318; x_wconf 86' lang='lat' dir='ltr'>nobiles,</span> <span class='ocrx_word' id='word_1_8' title='bbox 1006 272 1054 306; x_wconf 89' lang='lat' dir='ltr'>ut</span> <span class='ocrx_word' id='word_1_9' title='bbox 1075 272 1233 318; x_wconf 90' lang='lat' dir='ltr'>patres</span> <span class='ocrx_word' id='word_1_10' title='bbox 1253 266 1494 306; x_wconf 87' lang='lat' dir='ltr'>morituris</span> <span class='ocrx_word' id='word_1_11' title='bbox 1516 265 1700 305; x_wconf 81' lang='lat' dir='ltr'>divinas</span> <span class='ocrx_word' id='word_1_12' title='bbox 1723 264 1968 316; x_wconf 74' lang='lat' dir='ltr'>suppetias</span> 
     </span>
     <span class='ocr_line' id='line_1_3' title="bbox 328 336 1957 389; baseline -0.005 -7"><span class='ocrx_word' id='word_1_13' title='bbox 328 344 478 382; x_wconf 78' lang='lat' dir='ltr'>serant</span> <span class='ocrx_word' id='word_1_14' title='bbox 504 340 724 380; x_wconf 87' lang='lat' dir='ltr'>accersiri</span> <span class='ocrx_word' id='word_1_15' title='bbox 756 344 944 389; x_wconf 86' lang='lat' dir='ltr'>rogant,</span> <span class='ocrx_word' id='word_1_16' title='bbox 970 343 1014 377; x_wconf 92' lang='lat' dir='ltr'>et</span> <span class='ocrx_word' id='word_1_17' title='bbox 1035 343 1131 377; x_wconf 89' lang='lat' dir='ltr'>tam</span> <span class='ocrx_word' id='word_1_18' title='bbox 1153 337 1228 387; x_wconf 90' lang='lat' dir='ltr'>pio</span> <span class='ocrx_word' id='word_1_19' title='bbox 1250 337 1468 376; x_wconf 88' lang='lat' dir='ltr'>videntur</span> <span class='ocrx_word' id='word_1_20' title='bbox 1489 347 1577 376; x_wconf 92' lang='lat' dir='ltr'>nos</span> <span class='ocrx_word' id='word_1_21' title='bbox 1593 336 1814 387; x_wconf 74' lang='lat' dir='ltr'>prosequi</span> <span class='ocrx_word' id='word_1_22' title='bbox 1835 347 1957 375; x_wconf 87' lang='lat' dir='ltr'>amo-</span> 
     </span>
     <span class='ocr_line' id='line_1_4' title="bbox 329 406 1960 463; baseline -0.004 -10"><span class='ocrx_word' id='word_1_23' title='bbox 329 426 398 463; x_wconf 86' lang='lat' dir='ltr'>re,</span> <span class='ocrx_word' id='word_1_24' title='bbox 436 418 483 452; x_wconf 86' lang='lat' dir='ltr'>ut</span> <span class='ocrx_word' id='word_1_25' title='bbox 511 412 595 451; x_wconf 86' lang='lat' dir='ltr'>etsi</span> <span class='ocrx_word' id='word_1_26' title='bbox 624 411 700 450; x_wconf 90' lang='lat' dir='ltr'>alii</span> <span class='ocrx_word' id='word_1_27' title='bbox 726 409 931 460; x_wconf 78' lang='lat' dir='ltr'>religiosi</span> <span class='ocrx_word' id='word_1_28' title='bbox 968 408 1294 459; x_wconf 74' lang='lat' dir='ltr'>suspiciendae</span> <span class='ocrx_word' id='word_1_29' title='bbox 1321 407 1569 459; x_wconf 83' lang='lat' dir='ltr'>probitatis</span> <span class='ocrx_word' id='word_1_30' title='bbox 1592 407 1766 457; x_wconf 80' lang='lat' dir='ltr'>adsint,</span> <span class='ocrx_word' id='word_1_31' title='bbox 1795 406 1960 446; x_wconf 86' lang='lat' dir='ltr'>Patres</span> 
     </span>
     <span class='ocr_line' id='line_1_5' title="bbox 328 477 1964 530; baseline -0.004 -7"><span class='ocrx_word' id='word_1_32' title='bbox 328 490 482 523; x_wconf 86' lang='lat' dir='ltr'>tamen</span> <span class='ocrx_word' id='word_1_33' title='bbox 503 481 761 521; x_wconf 79' lang='lat' dir='ltr'>incredibili</span> <span class='ocrx_word' id='word_1_34' title='bbox 791 479 1021 519; x_wconf 89' lang='lat' dir='ltr'>desiderio</span> <span class='ocrx_word' id='word_1_35' title='bbox 1050 483 1318 530; x_wconf 81' lang='lat' dir='ltr'>precantur,</span> <span class='ocrx_word' id='word_1_36' title='bbox 1347 484 1397 517; x_wconf 90' lang='lat' dir='ltr'>ut</span> <span class='ocrx_word' id='word_1_37' title='bbox 1426 478 1695 528; x_wconf 79' lang='lat' dir='ltr'>agonizanti</span> <span class='ocrx_word' id='word_1_38' title='bbox 1723 477 1964 529; x_wconf 86' lang='lat' dir='ltr'>quidpiam</span> 
     </span>
     <span class='ocr_line' id='line_1_6' title="bbox 328 548 1961 603; baseline -0.004 -10"><span class='ocrx_word' id='word_1_39' title='bbox 328 555 436 594; x_wconf 87' lang='lat' dir='ltr'>utile</span> <span class='ocrx_word' id='word_1_40' title='bbox 459 552 795 603; x_wconf 75' lang='lat' dir='ltr'>impartientes,</span> <span class='ocrx_word' id='word_1_41' title='bbox 820 550 919 601; x_wconf 87' lang='lat' dir='ltr'>ejus</span> <span class='ocrx_word' id='word_1_42' title='bbox 939 550 1145 590; x_wconf 88' lang='lat' dir='ltr'>animum</span> <span class='ocrx_word' id='word_1_43' title='bbox 1166 548 1224 588; x_wconf 90' lang='lat' dir='ltr'>ad</span> <span class='ocrx_word' id='word_1_44' title='bbox 1246 549 1442 588; x_wconf 82' lang='lat' dir='ltr'>viriliter</span> <span class='ocrx_word' id='word_1_45' title='bbox 1470 548 1786 588; x_wconf 90' lang='lat' dir='ltr'>dimicandum</span> <span class='ocrx_word' id='word_1_46' title='bbox 1807 560 1961 588; x_wconf 89' lang='lat' dir='ltr'>corro-</span> 
     </span>
     <span class='ocr_line' id='line_1_7' title="bbox 330 618 1959 672; baseline -0.004 -7"><span class='ocrx_word' id='word_1_47' title='bbox 330 626 505 665; x_wconf 86' lang='lat' dir='ltr'>borent.</span> <span class='ocrx_word' id='word_1_48' title='bbox 542 623 709 663; x_wconf 83' lang='lat' dir='ltr'>Noster</span> <span class='ocrx_word' id='word_1_49' title='bbox 738 620 1061 672; x_wconf 90' lang='lat' dir='ltr'>suspiciendus</span> <span class='ocrx_word' id='word_1_50' title='bbox 1088 620 1137 660; x_wconf 82' lang='lat' dir='ltr'>P.</span> <span class='ocrx_word' id='word_1_51' title='bbox 1167 620 1340 659; x_wconf 90' lang='lat' dir='ltr'>Torres</span> <span class='ocrx_word' id='word_1_52' title='bbox 1369 619 1462 658; x_wconf 88' lang='lat' dir='ltr'>iam</span> <span class='ocrx_word' id='word_1_53' title='bbox 1497 618 1585 658; x_wconf 93' lang='lat' dir='ltr'>duo</span> <span class='ocrx_word' id='word_1_54' title='bbox 1623 630 1805 658; x_wconf 90' lang='lat' dir='ltr'>menses</span> <span class='ocrx_word' id='word_1_55' title='bbox 1838 625 1959 669; x_wconf 90' lang='lat' dir='ltr'>sunt,</span> 
     </span>
     <span class='ocr_line' id='line_1_8' title="bbox 328 689 1961 744; baseline -0.005 -9"><span class='ocrx_word' id='word_1_56' title='bbox 328 702 480 735; x_wconf 83' lang='lat' dir='ltr'>anteo</span> <span class='ocrx_word' id='word_1_57' title='bbox 503 693 719 744; x_wconf 86' lang='lat' dir='ltr'>amplius,</span> <span class='ocrx_word' id='word_1_58' title='bbox 754 692 832 743; x_wconf 91' lang='lat' dir='ltr'>qui</span> <span class='ocrx_word' id='word_1_59' title='bbox 860 692 967 731; x_wconf 89' lang='lat' dir='ltr'>hinc</span> <span class='ocrx_word' id='word_1_60' title='bbox 990 690 1249 742; x_wconf 87' lang='lat' dir='ltr'>profectus,</span> <span class='ocrx_word' id='word_1_61' title='bbox 1284 689 1646 740; x_wconf 85' lang='lat' dir='ltr'>Compostellam</span> <span class='ocrx_word' id='word_1_62' title='bbox 1678 700 1844 728; x_wconf 89' lang='lat' dir='ltr'>versus</span> <span class='ocrx_word' id='word_1_63' title='bbox 1875 689 1961 728; x_wconf 90' lang='lat' dir='ltr'>iter</span> 
     </span>
     <span class='ocr_line' id='line_1_9' title="bbox 328 749 1965 814; baseline -0.004 -9"><span class='ocrx_word' id='word_1_64' title='bbox 328 766 438 806; x_wconf 85' lang='lat' dir='ltr'>facit</span> <span class='ocrx_word' id='word_1_65' title='bbox 465 764 709 814; x_wconf 84' lang='lat' dir='ltr'>diligenter</span> <span class='ocrx_word' id='word_1_66' title='bbox 737 768 986 802; x_wconf 87' lang='lat' dir='ltr'>curaturus</span> <span class='ocrx_word' id='word_1_67' title='bbox 1015 773 1068 801; x_wconf 89' lang='lat' dir='ltr'>ea</span> <span class='ocrx_word' id='word_1_68' title='bbox 1101 773 1220 813; x_wconf 88' lang='lat' dir='ltr'>quae</span> <span class='ocrx_word' id='word_1_69' title='bbox 1256 761 1315 800; x_wconf 89' lang='lat' dir='ltr'>ad</span> <span class='ocrx_word' id='word_1_70' title='bbox 1344 760 1602 810; x_wconf 79' lang='lat' dir='ltr'>Collegium</span> <span class='ocrx_word' id='word_1_71' title='bbox 1637 759 1699 799; x_wconf 92' lang='lat' dir='ltr'>ibi</span> <span class='ocrx_word' id='word_1_72' title='bbox 1735 749 1965 799; x_wconf 82' lang='lat' dir='ltr'>Societati</span> 
     </span>
     <span class='ocr_line' id='line_1_10' title="bbox 327 830 1959 886; baseline -0.005 -9"><span class='ocrx_word' id='word_1_73' title='bbox 327 838 531 877; x_wconf 85' lang='lat' dir='ltr'>dicatum</span> <span class='ocrx_word' id='word_1_74' title='bbox 561 834 873 886; x_wconf 83' lang='lat' dir='ltr'>pertinebant,</span> <span class='ocrx_word' id='word_1_75' title='bbox 907 833 1060 884; x_wconf 87' lang='lat' dir='ltr'>ibique</span> <span class='ocrx_word' id='word_1_76' title='bbox 1081 833 1184 884; x_wconf 92' lang='lat' dir='ltr'>plus</span> <span class='ocrx_word' id='word_1_77' title='bbox 1211 843 1361 883; x_wconf 89' lang='lat' dir='ltr'>aequo</span> <span class='ocrx_word' id='word_1_78' title='bbox 1390 838 1582 871; x_wconf 92' lang='lat' dir='ltr'>coactus</span> <span class='ocrx_word' id='word_1_79' title='bbox 1611 835 1680 870; x_wconf 92' lang='lat' dir='ltr'>est</span> <span class='ocrx_word' id='word_1_80' title='bbox 1702 830 1959 879; x_wconf 89' lang='lat' dir='ltr'>immorari,</span> 
     </span>
     <span class='ocr_line' id='line_1_11' title="bbox 327 901 1968 959; baseline -0.004 -13"><span class='ocrx_word' id='word_1_81' title='bbox 327 908 544 959; x_wconf 86' lang='lat' dir='ltr'>quoniam</span> <span class='ocrx_word' id='word_1_82' title='bbox 561 912 784 956; x_wconf 86' lang='lat' dir='ltr'>patronus</span> <span class='ocrx_word' id='word_1_83' title='bbox 802 904 923 944; x_wconf 90' lang='lat' dir='ltr'>illius</span> <span class='ocrx_word' id='word_1_84' title='bbox 939 903 1148 954; x_wconf 87' lang='lat' dir='ltr'>Collegii,</span> <span class='ocrx_word' id='word_1_85' title='bbox 1168 903 1334 943; x_wconf 90' lang='lat' dir='ltr'>Comes</span> <span class='ocrx_word' id='word_1_86' title='bbox 1353 902 1408 942; x_wconf 95' lang='lat' dir='ltr'>de</span> <span class='ocrx_word' id='word_1_87' title='bbox 1427 901 1682 941; x_wconf 89' lang='lat' dir='ltr'>Monterrei</span> <span class='ocrx_word' id='word_1_88' title='bbox 1700 901 1809 951; x_wconf 90' lang='lat' dir='ltr'>(hoc</span> <span class='ocrx_word' id='word_1_89' title='bbox 1842 901 1968 940; x_wconf 88' lang='lat' dir='ltr'>enim·</span> 
     </span>
     <span class='ocr_line' id='line_1_12' title="bbox 328 971 1964 1025; baseline -0.004 -8"><span class='ocrx_word' id='word_1_90' title='bbox 328 984 395 1018; x_wconf 92' lang='lat' dir='ltr'>est</span> <span class='ocrx_word' id='word_1_91' title='bbox 430 978 493 1017; x_wconf 92' lang='lat' dir='ltr'>illi</span> <span class='ocrx_word' id='word_1_92' title='bbox 526 976 710 1025; x_wconf 84' lang='lat' dir='ltr'>nomen)</span> <span class='ocrx_word' id='word_1_93' title='bbox 736 974 745 993; x_wconf 85' lang='lat'><strong>¹</strong></span> <span class='ocrx_word' id='word_1_94' title='bbox 775 974 833 1014; x_wconf 83' lang='lat' dir='ltr'>ad</span> <span class='ocrx_word' id='word_1_95' title='bbox 869 974 1099 1014; x_wconf 90' lang='lat' dir='ltr'>decimum</span> <span class='ocrx_word' id='word_1_96' title='bbox 1135 975 1384 1025; x_wconf 90' lang='lat' dir='ltr'>septimum</span> <span class='ocrx_word' id='word_1_97' title='bbox 1415 972 1640 1012; x_wconf 82' lang='lat' dir='ltr'>kalendas</span> <span class='ocrx_word' id='word_1_98' title='bbox 1679 971 1964 1022; x_wconf 82' lang='lat' dir='ltr'>Septembris</span> 
     </span>
     <span class='ocr_line' id='line_1_13' title="bbox 330 1042 1963 1097; baseline -0.004 -9"><span class='ocrx_word' id='word_1_99' title='bbox 330 1060 433 1088; x_wconf 95' lang='lat' dir='ltr'>cum</span> <span class='ocrx_word' id='word_1_100' title='bbox 452 1048 556 1087; x_wconf 89' lang='lat' dir='ltr'>illuc</span> <span class='ocrx_word' id='word_1_101' title='bbox 572 1059 620 1086; x_wconf 90' lang='lat' dir='ltr'>se</span> <span class='ocrx_word' id='word_1_102' title='bbox 638 1051 971 1097; x_wconf 78' lang='lat' dir='ltr'>perventurum</span> <span class='ocrx_word' id='word_1_103' title='bbox 992 1045 1155 1085; x_wconf 83' lang='lat' dir='ltr'>fuisset</span> <span class='ocrx_word' id='word_1_104' title='bbox 1170 1044 1419 1096; x_wconf 88' lang='lat' dir='ltr'>pollicitus,</span> <span class='ocrx_word' id='word_1_105' title='bbox 1440 1050 1488 1083; x_wconf 91' lang='lat' dir='ltr'>ut</span> <span class='ocrx_word' id='word_1_106' title='bbox 1506 1043 1573 1083; x_wconf 90' lang='lat' dir='ltr'>rei</span> <span class='ocrx_word' id='word_1_107' title='bbox 1589 1048 1802 1083; x_wconf 79' lang='lat' dir='ltr'>extrema</span> <span class='ocrx_word' id='word_1_108' title='bbox 1820 1042 1963 1094; x_wconf 92' lang='lat' dir='ltr'>impo-</span> 
     </span>
     <span class='ocr_line' id='line_1_14' title="bbox 330 1113 1962 1168; baseline -0.004 -10"><span class='ocrx_word' id='word_1_109' title='bbox 330 1125 515 1159; x_wconf 89' lang='lat' dir='ltr'>neretur</span> <span class='ocrx_word' id='word_1_110' title='bbox 537 1129 715 1168; x_wconf 87' lang='lat' dir='ltr'>manus,</span> <span class='ocrx_word' id='word_1_111' title='bbox 740 1116 1007 1156; x_wconf 86' lang='lat' dir='ltr'>domesticis</span> <span class='ocrx_word' id='word_1_112' title='bbox 1024 1123 1182 1156; x_wconf 88' lang='lat' dir='ltr'>tamen</span> <span class='ocrx_word' id='word_1_113' title='bbox 1198 1115 1499 1167; x_wconf 88' lang='lat' dir='ltr'>praepeditus</span> <span class='ocrx_word' id='word_1_114' title='bbox 1517 1114 1642 1154; x_wconf 88' lang='lat' dir='ltr'>curis</span> <span class='ocrx_word' id='word_1_115' title='bbox 1660 1114 1719 1154; x_wconf 88' lang='lat' dir='ltr'>ad</span> <span class='ocrx_word' id='word_1_116' title='bbox 1736 1113 1962 1164; x_wconf 88' lang='lat' dir='ltr'>praescri-</span> 
     </span>
     <span class='ocr_line' id='line_1_15' title="bbox 329 1185 1972 1241; baseline -0.004 -12"><span class='ocrx_word' id='word_1_117' title='bbox 329 1197 457 1241; x_wconf 89' lang='lat' dir='ltr'>ptum</span> <span class='ocrx_word' id='word_1_118' title='bbox 479 1196 659 1239; x_wconf 85' lang='lat' dir='ltr'>tempus</span> <span class='ocrx_word' id='word_1_119' title='bbox 680 1199 772 1227; x_wconf 90' lang='lat' dir='ltr'>non</span> <span class='ocrx_word' id='word_1_120' title='bbox 793 1187 935 1227; x_wconf 89' lang='lat' dir='ltr'>affuit.</span> <span class='ocrx_word' id='word_1_121' title='bbox 959 1187 1008 1226; x_wconf 88' lang='grc' dir='ltr'>Ρ.</span> <span class='ocrx_word' id='word_1_122' title='bbox 1034 1198 1147 1227; x_wconf 88' lang='lat' dir='ltr'>vero</span> <span class='ocrx_word' id='word_1_123' title='bbox 1169 1186 1343 1226; x_wconf 86' lang='lat' dir='ltr'>Torres</span> <span class='ocrx_word' id='word_1_124' title='bbox 1365 1197 1470 1226; x_wconf 90' lang='lat' dir='ltr'>cum</span> <span class='ocrx_word' id='word_1_125' title='bbox 1486 1185 1780 1225; x_wconf 88' lang='lat' dir='ltr'>Lusitaniam</span> <span class='ocrx_word' id='word_1_126' title='bbox 1797 1195 1972 1224; x_wconf 84' lang='lat' dir='ltr'>Versus-</span> 
     </span>
     <span class='ocr_line' id='line_1_16' title="bbox 328 1255 1964 1312; baseline -0.003 -12"><span class='ocrx_word' id='word_1_127' title='bbox 328 1267 564 1312; x_wconf 84' lang='lat' dir='ltr'>pergeret,</span> <span class='ocrx_word' id='word_1_128' title='bbox 604 1259 862 1309; x_wconf 80' lang='lat' dir='ltr'>Collegium</span> <span class='ocrx_word' id='word_1_129' title='bbox 889 1258 1215 1298; x_wconf 89' lang='lat' dir='ltr'>Conimbricae</span> <span class='ocrx_word' id='word_1_130' title='bbox 1245 1257 1664 1308; x_wconf 82' lang='lat' dir='ltr'>contemplaturus,</span> <span class='ocrx_word' id='word_1_131' title='bbox 1695 1255 1874 1306; x_wconf 89' lang='lat' dir='ltr'>Regem</span> <span class='ocrx_word' id='word_1_132' title='bbox 1895 1261 1964 1295; x_wconf 91' lang='lat' dir='ltr'>est</span> 
     </span>
     <span class='ocr_line' id='line_1_17' title="bbox 329 1326 1967 1381; baseline -0.004 -10"><span class='ocrx_word' id='word_1_133' title='bbox 329 1332 577 1381; x_wconf 86' lang='lat' dir='ltr'>allocutus,</span> <span class='ocrx_word' id='word_1_134' title='bbox 601 1331 675 1370; x_wconf 88' lang='lat' dir='ltr'>cui</span> <span class='ocrx_word' id='word_1_135' title='bbox 697 1341 801 1370; x_wconf 90' lang='lat' dir='ltr'>cum</span> <span class='ocrx_word' id='word_1_136' title='bbox 824 1328 953 1380; x_wconf 87' lang='lat' dir='ltr'>cujus</span> <span class='ocrx_word' id='word_1_137' title='bbox 979 1329 1048 1369; x_wconf 89' lang='lat' dir='ltr'>rei</span> <span class='ocrx_word' id='word_1_138' title='bbox 1074 1328 1229 1379; x_wconf 86' lang='lat' dir='ltr'>gratia</span> <span class='ocrx_word' id='word_1_139' title='bbox 1257 1327 1619 1379; x_wconf 90' lang='lat' dir='ltr'>Compostellam</span> <span class='ocrx_word' id='word_1_140' title='bbox 1646 1332 1879 1378; x_wconf 89' lang='lat' dir='ltr'>repeteret</span> <span class='ocrx_word' id='word_1_141' title='bbox 1901 1326 1967 1365; x_wconf 89' lang='lat' dir='ltr'>in-</span> 
     </span>
     <span class='ocr_line' id='line_1_18' title="bbox 328 1396 1973 1451; baseline -0.004 -10"><span class='ocrx_word' id='word_1_142' title='bbox 328 1402 580 1451; x_wconf 90' lang='lat' dir='ltr'>sinuasset,</span> <span class='ocrx_word' id='word_1_143' title='bbox 605 1407 742 1451; x_wconf 88' lang='lat' dir='ltr'>grato</span> <span class='ocrx_word' id='word_1_144' title='bbox 764 1400 943 1440; x_wconf 85' lang='lat' dir='ltr'>audivit</span> <span class='ocrx_word' id='word_1_145' title='bbox 964 1400 1118 1439; x_wconf 90' lang='lat' dir='ltr'>animo</span> <span class='ocrx_word' id='word_1_146' title='bbox 1141 1405 1185 1439; x_wconf 91' lang='lat' dir='ltr'>et</span> <span class='ocrx_word' id='word_1_147' title='bbox 1206 1410 1281 1439; x_wconf 90' lang='lat' dir='ltr'>res</span> <span class='ocrx_word' id='word_1_148' title='bbox 1304 1405 1353 1438; x_wconf 87' lang='lat' dir='ltr'>ut</span> <span class='ocrx_word' id='word_1_149' title='bbox 1380 1398 1552 1438; x_wconf 78' lang='lat' dir='ltr'>divinis</span> <span class='ocrx_word' id='word_1_150' title='bbox 1580 1398 1713 1437; x_wconf 88' lang='lat' dir='ltr'>fieret</span> <span class='ocrx_word' id='word_1_151' title='bbox 1740 1396 1973 1448; x_wconf 84' lang='lat' dir='ltr'>auspiciis.</span> 
     </span>
     <span class='ocr_line' id='line_1_19' title="bbox 329 1466 1969 1523; baseline -0.004 -11"><span class='ocrx_word' id='word_1_152' title='bbox 329 1473 579 1512; x_wconf 87' lang='lat' dir='ltr'>Dominum</span> <span class='ocrx_word' id='word_1_153' title='bbox 614 1471 968 1523; x_wconf 87' lang='lat' dir='ltr'>deprecabatur.</span> <span class='ocrx_word' id='word_1_154' title='bbox 1004 1470 1114 1510; x_wconf 92' lang='lat' dir='ltr'>Inde</span> <span class='ocrx_word' id='word_1_155' title='bbox 1145 1470 1384 1521; x_wconf 75' lang='lat' dir='ltr'>profectus</span> <span class='ocrx_word' id='word_1_156' title='bbox 1418 1469 1579 1509; x_wconf 86' lang='lat' dir='ltr'>urbem</span> <span class='ocrx_word' id='word_1_157' title='bbox 1607 1467 1750 1508; x_wconf 84' lang='lat' dir='ltr'>Sanct</span> <span class='ocrx_word' id='word_1_158' title='bbox 1787 1467 1903 1507; x_wconf 86' lang='lat' dir='ltr'>Finz</span> <span class='ocrx_word' id='word_1_159' title='bbox 1934 1466 1969 1517; x_wconf 69' lang='lat'>²,</span> 
     </span>
     <span class='ocr_line' id='line_1_20' title="bbox 332 1537 1965 1590; baseline -0.004 -7"><span class='ocrx_word' id='word_1_160' title='bbox 332 1544 405 1583; x_wconf 91' lang='lat' dir='ltr'>ubi</span> <span class='ocrx_word' id='word_1_161' title='bbox 425 1543 633 1582; x_wconf 88' lang='lat' dir='ltr'>nonnulli</span> <span class='ocrx_word' id='word_1_162' title='bbox 654 1541 824 1582; x_wconf 82' lang='lat' dir='ltr'>fratres</span> <span class='ocrx_word' id='word_1_163' title='bbox 846 1541 1252 1582; x_wconf 88' lang='lat' dir='ltr'>Conimbricenses</span> <span class='ocrx_word' id='word_1_164' title='bbox 1273 1539 1448 1590; x_wconf 89' lang='lat' dir='ltr'>degunt</span> <span class='ocrx_word' id='word_1_165' title='bbox 1466 1572 1472 1590; x_wconf 89' lang='lat'>‚</span> <span class='ocrx_word' id='word_1_166' title='bbox 1498 1551 1556 1579; x_wconf 81' lang='lat' dir='ltr'>ex</span> <span class='ocrx_word' id='word_1_167' title='bbox 1577 1539 1744 1590; x_wconf 91' lang='lat' dir='ltr'>quibus</span> <span class='ocrx_word' id='word_1_168' title='bbox 1766 1538 1883 1578; x_wconf 90' lang='lat' dir='ltr'>duos</span> <span class='ocrx_word' id='word_1_169' title='bbox 1904 1537 1965 1577; x_wconf 92' lang='lat' dir='ltr'>ad</span> 
     </span>
     <span class='ocr_line' id='line_1_21' title="bbox 330 1609 1967 1664; baseline -0.003 -11"><span class='ocrx_word' id='word_1_170' title='bbox 330 1625 414 1653; x_wconf 89' lang='lat' dir='ltr'>nos</span> <span class='ocrx_word' id='word_1_171' title='bbox 436 1614 630 1664; x_wconf 84' lang='lat' dir='ltr'>legavit:</span> <span class='ocrx_word' id='word_1_172' title='bbox 663 1625 782 1652; x_wconf 93' lang='lat' dir='ltr'>unus</span> <span class='ocrx_word' id='word_1_173' title='bbox 808 1613 1054 1664; x_wconf 83' lang='lat' dir='ltr'>presbyter</span> <span class='ocrx_word' id='word_1_174' title='bbox 1080 1618 1170 1662; x_wconf 87' lang='lat' dir='ltr'>est,</span> <span class='ocrx_word' id='word_1_175' title='bbox 1201 1612 1320 1651; x_wconf 90' lang='lat' dir='ltr'>alius</span> <span class='ocrx_word' id='word_1_176' title='bbox 1346 1611 1534 1660; x_wconf 87' lang='lat' dir='ltr'>nobilis,</span> <span class='ocrx_word' id='word_1_177' title='bbox 1565 1609 1822 1650; x_wconf 90' lang='lat' dir='ltr'>Teutonius</span> <span class='ocrx_word' id='word_1_178' title='bbox 1851 1620 1967 1648; x_wconf 80' lang='lat' dir='ltr'>nun-</span> 
     </span>
     <span class='ocr_line' id='line_1_22' title="bbox 330 1680 1965 1735; baseline -0.004 -11"><span class='ocrx_word' id='word_1_179' title='bbox 330 1691 548 1735; x_wconf 85' lang='lat' dir='ltr'>cupatur,</span> <span class='ocrx_word' id='word_1_180' title='bbox 572 1683 716 1723; x_wconf 81' lang='lat' dir='ltr'>frater</span> <span class='ocrx_word' id='word_1_181' title='bbox 737 1683 884 1723; x_wconf 90' lang='lat' dir='ltr'>Ducis</span> <span class='ocrx_word' id='word_1_182' title='bbox 905 1683 961 1722; x_wconf 87' lang='lat' dir='ltr'>de</span> <span class='ocrx_word' id='word_1_183' title='bbox 982 1682 1238 1733; x_wconf 82' lang='lat' dir='ltr'>Verganca</span> <span class='ocrx_word' id='word_1_184' title='bbox 1260 1681 1287 1732; x_wconf 76' lang='lat'>⁵,</span> <span class='ocrx_word' id='word_1_185' title='bbox 1319 1682 1457 1722; x_wconf 88' lang='lat' dir='ltr'>ambo</span> <span class='ocrx_word' id='word_1_186' title='bbox 1481 1692 1593 1721; x_wconf 82' lang='lat' dir='ltr'>vero</span> <span class='ocrx_word' id='word_1_187' title='bbox 1621 1680 1710 1720; x_wconf 89' lang='lat' dir='ltr'>viri</span> <span class='ocrx_word' id='word_1_188' title='bbox 1738 1680 1965 1731; x_wconf 90' lang='lat' dir='ltr'>probatae</span> 
     </span>
     <span class='ocr_line' id='line_1_23' title="bbox 330 1750 1965 1806; baseline -0.003 -12"><span class='ocrx_word' id='word_1_189' title='bbox 330 1755 435 1794; x_wconf 83' lang='lat' dir='ltr'>fidei</span> <span class='ocrx_word' id='word_1_190' title='bbox 456 1762 823 1806; x_wconf 80' lang='lat' dir='ltr'>expectataeque</span> <span class='ocrx_word' id='word_1_191' title='bbox 845 1754 1111 1805; x_wconf 89' lang='lat' dir='ltr'>probitatis,</span> <span class='ocrx_word' id='word_1_192' title='bbox 1136 1753 1303 1804; x_wconf 88' lang='lat' dir='ltr'>quibus</span> <span class='ocrx_word' id='word_1_193' title='bbox 1325 1753 1461 1803; x_wconf 87' lang='lat' dir='ltr'>visis,</span> <span class='ocrx_word' id='word_1_194' title='bbox 1486 1752 1691 1792; x_wconf 91' lang='lat' dir='ltr'>omnium</span> <span class='ocrx_word' id='word_1_195' title='bbox 1714 1751 1857 1790; x_wconf 90' lang='lat' dir='ltr'>animi</span> <span class='ocrx_word' id='word_1_196' title='bbox 1873 1750 1965 1790; x_wconf 87' lang='lat' dir='ltr'>fue-</span> 
     </span>
     <span class='ocr_line' id='line_1_24' title="bbox 330 1825 1205 1876; baseline -0.002 -11"><span class='ocrx_word' id='word_1_197' title='bbox 330 1832 436 1865; x_wconf 89' lang='lat' dir='ltr'>runt</span> <span class='ocrx_word' id='word_1_198' title='bbox 457 1827 634 1865; x_wconf 81' lang='lat' dir='ltr'>laetitia</span> <span class='ocrx_word' id='word_1_199' title='bbox 656 1838 747 1865; x_wconf 89' lang='lat' dir='ltr'>non</span> <span class='ocrx_word' id='word_1_200' title='bbox 769 1825 993 1865; x_wconf 89' lang='lat' dir='ltr'>mediocri</span> <span class='ocrx_word' id='word_1_201' title='bbox 1014 1825 1205 1876; x_wconf 77' lang='lat' dir='ltr'>perfusi.</span> 
     </span>
    </p>

    <p class='ocr_par' dir='ltr' id='par_1_3' title="bbox 328 1893 1969 2725">
     <span class='ocr_line' id='line_1_25' title="bbox 410 1893 1966 1947; baseline -0.003 -11"><span class='ocrx_word' id='word_1_202' title='bbox 410 1896 638 1936; x_wconf 79' lang='lat' dir='ltr'>Praefecti</span> <span class='ocrx_word' id='word_1_203' title='bbox 672 1898 719 1936; x_wconf 87' lang='lat' dir='ltr'>in</span> <span class='ocrx_word' id='word_1_204' title='bbox 745 1898 858 1936; x_wconf 89' lang='lat' dir='ltr'>urbe</span> <span class='ocrx_word' id='word_1_205' title='bbox 888 1896 1147 1946; x_wconf 80' lang='lat' dir='ltr'>Granatae‚</span> <span class='ocrx_word' id='word_1_206' title='bbox 1188 1895 1265 1935; x_wconf 92' lang='lat' dir='ltr'>ubi</span> <span class='ocrx_word' id='word_1_207' title='bbox 1295 1894 1345 1934; x_wconf 82' lang='lat' dir='ltr'>P.</span> <span class='ocrx_word' id='word_1_208' title='bbox 1376 1895 1583 1947; x_wconf 89' lang='lat' dir='ltr'>Joannes</span> <span class='ocrx_word' id='word_1_209' title='bbox 1617 1893 1844 1943; x_wconf 83' lang='lat' dir='ltr'>AlvareZ,</span> <span class='ocrx_word' id='word_1_210' title='bbox 1882 1904 1966 1944; x_wconf 89' lang='lat' dir='ltr'>per</span> 
     </span>
     <span class='ocr_line' id='line_1_26' title="bbox 332 1963 1965 2017; baseline -0.002 -11"><span class='ocrx_word' id='word_1_211' title='bbox 332 1979 503 2007; x_wconf 86' lang='lat' dir='ltr'>annum</span> <span class='ocrx_word' id='word_1_212' title='bbox 525 1968 817 2017; x_wconf 88' lang='lat' dir='ltr'>immoratus,</span> <span class='ocrx_word' id='word_1_213' title='bbox 852 1967 1157 2006; x_wconf 89' lang='lat' dir='ltr'>concionibus</span> <span class='ocrx_word' id='word_1_214' title='bbox 1186 1965 1363 2006; x_wconf 89' lang='lat' dir='ltr'>crebris</span> <span class='ocrx_word' id='word_1_215' title='bbox 1388 1965 1569 2016; x_wconf 92' lang='lat' dir='ltr'>plebem</span> <span class='ocrx_word' id='word_1_216' title='bbox 1596 1964 1880 2012; x_wconf 89' lang='lat' dir='ltr'>instruebat,</span> <span class='ocrx_word' id='word_1_217' title='bbox 1905 1963 1965 2004; x_wconf 89' lang='lat' dir='ltr'>ad</span> 
     </span>
     <span class='ocr_line' id='line_1_27' title="bbox 331 2036 1963 2089; baseline -0.002 -12"><span class='ocrx_word' id='word_1_218' title='bbox 331 2050 416 2077; x_wconf 90' lang='lat' dir='ltr'>nos</span> <span class='ocrx_word' id='word_1_219' title='bbox 437 2039 659 2078; x_wconf 81' lang='lat' dir='ltr'>miserunt</span> <span class='ocrx_word' id='word_1_220' title='bbox 684 2038 904 2089; x_wconf 85' lang='lat' dir='ltr'>epistolas</span> <span class='ocrx_word' id='word_1_221' title='bbox 931 2043 980 2077; x_wconf 93' lang='lat' dir='ltr'>ut</span> <span class='ocrx_word' id='word_1_222' title='bbox 1010 2038 1117 2077; x_wconf 91' lang='lat' dir='ltr'>illuc</span> <span class='ocrx_word' id='word_1_223' title='bbox 1148 2037 1323 2088; x_wconf 81' lang='lat' dir='ltr'>aliquot</span> <span class='ocrx_word' id='word_1_224' title='bbox 1350 2036 1513 2076; x_wconf 86' lang='lat' dir='ltr'>Patres</span> <span class='ocrx_word' id='word_1_225' title='bbox 1542 2036 1838 2075; x_wconf 87' lang='lat' dir='ltr'>mitterentur</span> <span class='ocrx_word' id='word_1_226' title='bbox 1865 2046 1963 2086; x_wconf 89' lang='lat' dir='ltr'>pre-</span> 
     </span>
     <span class='ocr_line' id='line_1_28' title="bbox 330 2105 1966 2159; baseline -0.004 -11"><span class='ocrx_word' id='word_1_227' title='bbox 330 2116 489 2148; x_wconf 83' lang='lat' dir='ltr'>cantes</span> <span class='ocrx_word' id='word_1_228' title='bbox 511 2118 553 2148; x_wconf 84' lang='lat' dir='ltr'>et</span> <span class='ocrx_word' id='word_1_229' title='bbox 576 2108 835 2148; x_wconf 87' lang='lat' dir='ltr'>indicantes</span> <span class='ocrx_word' id='word_1_230' title='bbox 855 2120 993 2159; x_wconf 92' lang='lat' dir='ltr'>posse</span> <span class='ocrx_word' id='word_1_231' title='bbox 1016 2108 1241 2159; x_wconf 88' lang='lat' dir='ltr'>optimam</span> <span class='ocrx_word' id='word_1_232' title='bbox 1261 2118 1461 2147; x_wconf 89' lang='lat' dir='ltr'>messem</span> <span class='ocrx_word' id='word_1_233' title='bbox 1483 2107 1547 2146; x_wconf 89' lang='lat' dir='ltr'>ibi</span> <span class='ocrx_word' id='word_1_234' title='bbox 1563 2105 1768 2145; x_wconf 90' lang='lat' dir='ltr'>Domino</span> <span class='ocrx_word' id='word_1_235' title='bbox 1786 2106 1966 2156; x_wconf 71' lang='lat' dir='ltr'>colligit.</span> 
     </span>
     <span class='ocr_line' id='line_1_29' title="bbox 330 2176 1969 2231; baseline -0.002 -12"><span class='ocrx_word' id='word_1_236' title='bbox 330 2186 373 2219; x_wconf 81' lang='lat' dir='ltr'>et</span> <span class='ocrx_word' id='word_1_237' title='bbox 408 2186 631 2231; x_wconf 83' lang='lat' dir='ltr'>quantum</span> <span class='ocrx_word' id='word_1_238' title='bbox 666 2180 895 2219; x_wconf 88' lang='lat' dir='ltr'>coniicere</span> <span class='ocrx_word' id='word_1_239' title='bbox 928 2190 1196 2230; x_wconf 78' lang='lat' dir='ltr'>possumUS,</span> <span class='ocrx_word' id='word_1_240' title='bbox 1236 2178 1579 2229; x_wconf 88' lang='lat' dir='ltr'>quamprimum</span> <span class='ocrx_word' id='word_1_241' title='bbox 1615 2176 1753 2216; x_wconf 82' lang='lat' dir='ltr'>Pater</span> <span class='ocrx_word' id='word_1_242' title='bbox 1792 2176 1969 2216; x_wconf 89' lang='lat' dir='ltr'>Torres</span> 
     </span>
     <span class='ocr_line' id='line_1_30' title="bbox 330 2245 1964 2301; baseline -0.002 -12"><span class='ocrx_word' id='word_1_243' title='bbox 330 2249 663 2290; x_wconf 81' lang='lat' dir='ltr'>Salmanticam</span> <span class='ocrx_word' id='word_1_244' title='bbox 698 2255 898 2301; x_wconf 85' lang='lat' dir='ltr'>repetet,</span> <span class='ocrx_word' id='word_1_245' title='bbox 937 2249 1112 2300; x_wconf 85' lang='lat' dir='ltr'>aliquot</span> <span class='ocrx_word' id='word_1_246' title='bbox 1142 2249 1404 2295; x_wconf 88' lang='lat' dir='ltr'>mittentur;</span> <span class='ocrx_word' id='word_1_247' title='bbox 1445 2259 1554 2287; x_wconf 86' lang='lat' dir='ltr'>nam</span> <span class='ocrx_word' id='word_1_248' title='bbox 1597 2247 1785 2298; x_wconf 86' lang='lat' dir='ltr'>quidam</span> <span class='ocrx_word' id='word_1_249' title='bbox 1826 2245 1964 2286; x_wconf 86' lang='lat' dir='ltr'>Pater</span> 
     </span>
     <span class='ocr_line' id='line_1_31' title="bbox 330 2317 1965 2371; baseline -0.002 -11"><span class='ocrx_word' id='word_1_250' title='bbox 330 2320 575 2360; x_wconf 78' lang='lat' dir='ltr'>Societatis</span> <span class='ocrx_word' id='word_1_251' title='bbox 594 2320 779 2370; x_wconf 77' lang='lat' dir='ltr'>(Sancta</span> <span class='ocrx_word' id='word_1_252' title='bbox 797 2320 923 2360; x_wconf 73' lang='lat' dir='ltr'>Crux</span> <span class='ocrx_word' id='word_1_253' title='bbox 940 2320 1163 2369; x_wconf 88' lang='lat' dir='ltr'>nomine),</span> <span class='ocrx_word' id='word_1_254' title='bbox 1184 2320 1259 2371; x_wconf 89' lang='lat' dir='ltr'>qui</span> <span class='ocrx_word' id='word_1_255' title='bbox 1277 2319 1603 2359; x_wconf 84' lang='lat' dir='ltr'>Conimbricae</span> <span class='ocrx_word' id='word_1_256' title='bbox 1620 2329 1743 2358; x_wconf 92' lang='lat' dir='ltr'>nunc</span> <span class='ocrx_word' id='word_1_257' title='bbox 1766 2317 1913 2368; x_wconf 88' lang='lat' dir='ltr'>degit,</span> <span class='ocrx_word' id='word_1_258' title='bbox 1936 2329 1965 2357; x_wconf 88' lang='lat' dir='ltr'>a</span> 
     </span>
     <span class='ocr_line' id='line_1_32' title="bbox 331 2389 1960 2441; baseline -0.002 -10"><span class='ocrx_word' id='word_1_259' title='bbox 331 2391 540 2431; x_wconf 80' lang='lat' dir='ltr'>Granata</span> <span class='ocrx_word' id='word_1_260' title='bbox 561 2391 802 2441; x_wconf 88' lang='lat' dir='ltr'>oriundus,</span> <span class='ocrx_word' id='word_1_261' title='bbox 828 2399 875 2431; x_wconf 93' lang='lat' dir='ltr'>ut</span> <span class='ocrx_word' id='word_1_262' title='bbox 896 2391 959 2430; x_wconf 90' lang='lat' dir='ltr'>ibi</span> <span class='ocrx_word' id='word_1_263' title='bbox 981 2391 1238 2441; x_wconf 88' lang='lat' dir='ltr'>Collegium</span> <span class='ocrx_word' id='word_1_264' title='bbox 1263 2390 1542 2440; x_wconf 88' lang='lat' dir='ltr'>erigeretur,</span> <span class='ocrx_word' id='word_1_265' title='bbox 1575 2389 1699 2429; x_wconf 92' lang='lat' dir='ltr'>bona</span> <span class='ocrx_word' id='word_1_266' title='bbox 1728 2400 1813 2428; x_wconf 90' lang='lat' dir='ltr'>sua</span> <span class='ocrx_word' id='word_1_267' title='bbox 1840 2389 1960 2439; x_wconf 90' lang='lat' dir='ltr'>lega-</span> 
     </span>
     <span class='ocr_line' id='line_1_33' title="bbox 330 2459 1963 2513; baseline -0.002 -11"><span class='ocrx_word' id='word_1_268' title='bbox 330 2464 417 2509; x_wconf 81' lang='lat' dir='ltr'>vit,</span> <span class='ocrx_word' id='word_1_269' title='bbox 441 2470 483 2502; x_wconf 85' lang='lat' dir='ltr'>et</span> <span class='ocrx_word' id='word_1_270' title='bbox 504 2464 638 2502; x_wconf 88' lang='lat' dir='ltr'>huius</span> <span class='ocrx_word' id='word_1_271' title='bbox 660 2463 803 2502; x_wconf 80' lang='lat' dir='ltr'>frater</span> <span class='ocrx_word' id='word_1_272' title='bbox 824 2469 961 2513; x_wconf 88' lang='lat' dir='ltr'>grato</span> <span class='ocrx_word' id='word_1_273' title='bbox 984 2474 1038 2502; x_wconf 91' lang='lat' dir='ltr'>ac</span> <span class='ocrx_word' id='word_1_274' title='bbox 1059 2461 1310 2513; x_wconf 88' lang='lat' dir='ltr'>magnifico</span> <span class='ocrx_word' id='word_1_275' title='bbox 1334 2462 1488 2501; x_wconf 90' lang='lat' dir='ltr'>animo</span> <span class='ocrx_word' id='word_1_276' title='bbox 1507 2473 1555 2501; x_wconf 93' lang='lat' dir='ltr'>se</span> <span class='ocrx_word' id='word_1_277' title='bbox 1573 2460 1695 2500; x_wconf 89' lang='lat' dir='ltr'>idem</span> <span class='ocrx_word' id='word_1_278' title='bbox 1716 2459 1963 2512; x_wconf 89' lang='lat' dir='ltr'>praestitu-</span> 
     </span>
     <span class='ocr_line' id='line_1_34' title="bbox 328 2530 1964 2584; baseline -0.001 -13"><span class='ocrx_word' id='word_1_279' title='bbox 328 2545 429 2572; x_wconf 85' lang='lat' dir='ltr'>rum</span> <span class='ocrx_word' id='word_1_280' title='bbox 451 2541 519 2573; x_wconf 78' lang='lat' dir='ltr'>est</span> <span class='ocrx_word' id='word_1_281' title='bbox 550 2534 806 2584; x_wconf 69' lang='lat' dir='ltr'>pollicitus,</span> <span class='ocrx_word' id='word_1_282' title='bbox 838 2540 881 2572; x_wconf 91' lang='lat' dir='ltr'>et</span> <span class='ocrx_word' id='word_1_283' title='bbox 903 2533 941 2573; x_wconf 90' lang='lat' dir='ltr'>si</span> <span class='ocrx_word' id='word_1_284' title='bbox 963 2533 1110 2573; x_wconf 89' lang='lat' dir='ltr'>literis</span> <span class='ocrx_word' id='word_1_285' title='bbox 1142 2532 1426 2573; x_wconf 92' lang='lat' dir='ltr'>credendum</span> <span class='ocrx_word' id='word_1_286' title='bbox 1458 2538 1542 2580; x_wconf 90' lang='lat' dir='ltr'>est,</span> <span class='ocrx_word' id='word_1_287' title='bbox 1577 2532 1763 2572; x_wconf 88' lang='lat' dir='ltr'>circiter</span> <span class='ocrx_word' id='word_1_288' title='bbox 1793 2530 1964 2581; x_wconf 85' lang='lat' dir='ltr'>viginti</span> 
     </span>
     <span class='ocr_line' id='line_1_35' title="bbox 328 2601 1960 2654; baseline -0.001 -13"><span class='ocrx_word' id='word_1_289' title='bbox 328 2603 388 2641; x_wconf 88' lang='lat' dir='ltr'>ibi</span> <span class='ocrx_word' id='word_1_290' title='bbox 409 2611 575 2653; x_wconf 67' lang='lat' dir='ltr'>pacato</span> <span class='ocrx_word' id='word_1_291' title='bbox 595 2604 748 2643; x_wconf 80' lang='lat' dir='ltr'>animo</span> <span class='ocrx_word' id='word_1_292' title='bbox 772 2602 785 2621; x_wconf 61' lang='lat'>³*</span> <span class='ocrx_word' id='word_1_293' title='bbox 806 2604 1019 2654; x_wconf 89' lang='lat' dir='ltr'>spiritum</span> <span class='ocrx_word' id='word_1_294' title='bbox 1041 2603 1212 2643; x_wconf 90' lang='lat' dir='ltr'>ducere</span> <span class='ocrx_word' id='word_1_295' title='bbox 1227 2608 1459 2654; x_wconf 90' lang='lat' dir='ltr'>poterunt.</span> <span class='ocrx_word' id='word_1_296' title='bbox 1479 2603 1583 2643; x_wconf 92' lang='lat' dir='ltr'>Non</span> <span class='ocrx_word' id='word_1_297' title='bbox 1601 2602 1693 2642; x_wconf 90' lang='lat' dir='ltr'>alia</span> <span class='ocrx_word' id='word_1_298' title='bbox 1711 2601 1960 2642; x_wconf 87' lang='lat' dir='ltr'>scribenda</span> 
     </span>
     <span class='ocr_line' id='line_1_36' title="bbox 328 2673 1956 2725; baseline -0.001 -12"><span class='ocrx_word' id='word_1_299' title='bbox 328 2685 429 2713; x_wconf 87' lang='lat' dir='ltr'>sese</span> <span class='ocrx_word' id='word_1_300' title='bbox 452 2674 667 2713; x_wconf 60' lang='lat' dir='ltr'>tulerunt:</span> <span class='ocrx_word' id='word_1_301' title='bbox 689 2686 832 2725; x_wconf 88' lang='lat' dir='ltr'>quare</span> <span class='ocrx_word' id='word_1_302' title='bbox 850 2674 1023 2724; x_wconf 90' lang='lat' dir='ltr'>finiam,</span> <span class='ocrx_word' id='word_1_303' title='bbox 1045 2674 1157 2714; x_wconf 90' lang='lat' dir='ltr'>illud</span> <span class='ocrx_word' id='word_1_304' title='bbox 1174 2673 1311 2714; x_wconf 92' lang='lat' dir='ltr'>modo</span> <span class='ocrx_word' id='word_1_305' title='bbox 1329 2675 1367 2714; x_wconf 89' lang='lat' dir='ltr'>si</span> <span class='ocrx_word' id='word_1_306' title='bbox 1385 2674 1602 2714; x_wconf 86' lang='lat' dir='ltr'>adiecero</span> <span class='ocrx_word' id='word_1_307' title='bbox 1624 2685 1710 2713; x_wconf 91' lang='lat' dir='ltr'>nos</span> <span class='ocrx_word' id='word_1_308' title='bbox 1733 2684 1892 2713; x_wconf 87' lang='lat' dir='ltr'>omnes</span> <span class='ocrx_word' id='word_1_309' title='bbox 1912 2679 1956 2712; x_wconf 91' lang='lat' dir='ltr'>te</span> 
     </span>
    </p>
   </div>
   <div class='ocr_carea' id='block_1_3' title="bbox 331 2777 450 2782">
    <p class='ocr_par' dir='ltr' id='par_1_4' title="bbox 331 2777 450 2782">
     <span class='ocr_line' id='line_1_37' title="bbox 331 2777 450 2782; baseline 0 0"><span class='ocrx_word' id='word_1_310' title='bbox 331 2777 450 2782; x_wconf 95' lang='lat' dir='ltr'> </span> 
     </span>
    </p>
   </div>
   <div class='ocr_carea' id='block_1_4' title="bbox 529 2779 607 2782">
    <p class='ocr_par' dir='ltr' id='par_1_5' title="bbox 529 2779 607 2782">
     <span class='ocr_line' id='line_1_38' title="bbox 529 2779 607 2782; baseline 0 0"><span class='ocrx_word' id='word_1_311' title='bbox 529 2779 607 2782; x_wconf 95' lang='lat' dir='ltr'> </span> 
     </span>
    </p>
   </div>
   <div class='ocr_carea' id='block_1_5' title="bbox 376 2831 1594 3010">
    <p class='ocr_par' dir='ltr' id='par_1_6' title="bbox 379 2831 1594 2915">
     <span class='ocr_line' id='line_1_39' title="bbox 382 2831 1594 2870; baseline 0.002 -12"><span class='ocrx_word' id='word_1_312' title='bbox 382 2832 389 2850; x_wconf 86' lang='lat'><strong>¹</strong></span> <span class='ocrx_word' id='word_1_313' title='bbox 430 2831 651 2867; x_wconf 79' lang='lat' dir='ltr'>Hieronymus</span> <span class='ocrx_word' id='word_1_314' title='bbox 668 2834 824 2860; x_wconf 71' lang='lat' dir='ltr'>Acebedo</span> <span class='ocrx_word' id='word_1_315' title='bbox 840 2834 970 2868; x_wconf 77' lang='lat' dir='ltr'>Znfiiga</span> <span class='ocrx_word' id='word_1_316' title='bbox 983 2840 1015 2861; x_wconf 84' lang='lat' dir='ltr'>et</span> <span class='ocrx_word' id='word_1_317' title='bbox 1028 2834 1138 2866; x_wconf 82' lang='lat' dir='ltr'>UHoa,</span> <span class='ocrx_word' id='word_1_318' title='bbox 1152 2833 1201 2860; x_wconf 92' lang='lat' dir='ltr'>IV</span> <span class='ocrx_word' id='word_1_319' title='bbox 1218 2833 1337 2861; x_wconf 84' lang='lat' dir='ltr'>Comes</span> <span class='ocrx_word' id='word_1_320' title='bbox 1353 2834 1392 2861; x_wconf 87' lang='lat' dir='ltr'>de</span> <span class='ocrx_word' id='word_1_321' title='bbox 1408 2833 1594 2870; x_wconf 86' lang='lat' dir='ltr'>Monterey.</span> 
     </span>
     <span class='ocr_line' id='line_1_40' title="bbox 379 2878 1154 2915; baseline 0.005 -11"><span class='ocrx_word' id='word_1_322' title='bbox 379 2879 391 2897; x_wconf 81' lang='grc'>“-’</span> <span class='ocrx_word' id='word_1_323' title='bbox 430 2878 496 2905; x_wconf 75' lang='lat' dir='ltr'>San</span> <span class='ocrx_word' id='word_1_324' title='bbox 512 2878 602 2912; x_wconf 82' lang='lat' dir='ltr'>Fins,</span> <span class='ocrx_word' id='word_1_325' title='bbox 620 2888 677 2906; x_wconf 82' lang='lat' dir='ltr'>seu</span> <span class='ocrx_word' id='word_1_326' title='bbox 694 2880 807 2907; x_wconf 75' lang='lat' dir='ltr'>Sancti</span> <span class='ocrx_word' id='word_1_327' title='bbox 824 2881 965 2914; x_wconf 69' lang='lat' dir='ltr'>Felicis,</span> <span class='ocrx_word' id='word_1_328' title='bbox 982 2881 1154 2915; x_wconf 83' lang='lat' dir='ltr'>oppidum.</span> 
     </span>
    </p>

    <p class='ocr_par' dir='ltr' id='par_1_7' title="bbox 376 2926 1592 3010">
     <span class='ocr_line' id='line_1_41' title="bbox 376 2926 1592 2963; baseline 0.003 -11"><span class='ocrx_word' id='word_1_329' title='bbox 376 2926 390 2944; x_wconf 77' lang='lat'><strong>⁵</strong></span> <span class='ocrx_word' id='word_1_330' title='bbox 427 2926 564 2953; x_wconf 86' lang='lat' dir='ltr'>Rectius</span> <span class='ocrx_word' id='word_1_331' title='bbox 578 2926 782 2961; x_wconf 31' lang='lat' dir='ltr'>Bra-gama,-</span> <span class='ocrx_word' id='word_1_332' title='bbox 798 2929 951 2962; x_wconf 81' lang='lat' dir='ltr'>quamvis</span> <span class='ocrx_word' id='word_1_333' title='bbox 969 2929 1142 2956; x_wconf 83' lang='lat' dir='ltr'>veteribus</span> <span class='ocrx_word' id='word_1_334' title='bbox 1158 2928 1291 2963; x_wconf 85' lang='lat' dir='ltr'>saepius</span> <span class='ocrx_word' id='word_1_335' title='bbox 1307 2933 1382 2955; x_wconf 85' lang='lat' dir='ltr'>erat</span> <span class='ocrx_word' id='word_1_336' title='bbox 1396 2928 1592 2962; x_wconf 62' lang='lat' dir='ltr'>Berganpa.</span> 
     </span>
     <span class='ocr_line' id='line_1_42' title="bbox 376 2973 1509 3010; baseline 0.004 -11"><span class='ocrx_word' id='word_1_337' title='bbox 376 2973 390 2992; x_wconf 75' lang='lat'>4</span> <span class='ocrx_word' id='word_1_338' title='bbox 429 2973 491 3005; x_wconf 48' lang='lat' dir='ltr'>Sim</span> <span class='ocrx_word' id='word_1_339' title='bbox 508 2974 647 3005; x_wconf 65' lang='lat' dir='ltr'>sedicet,</span> <span class='ocrx_word' id='word_1_340' title='bbox 665 2976 786 3006; x_wconf 69' lang='lat' dir='ltr'>quieti,</span> <span class='ocrx_word' id='word_1_341' title='bbox 801 2976 999 3009; x_wconf 64' lang='lat' dir='ltr'>tranquilli,</span> <span class='ocrx_word' id='word_1_342' title='bbox 1017 2976 1207 3009; x_wconf 79' lang='lat' dir='ltr'>commode,</span> <span class='ocrx_word' id='word_1_343' title='bbox 1222 2980 1280 3003; x_wconf 82' lang='lat' dir='ltr'>aut</span> <span class='ocrx_word' id='word_1_344' title='bbox 1297 2976 1375 3010; x_wconf 90' lang='lat' dir='ltr'>quid</span> <span class='ocrx_word' id='word_1_345' title='bbox 1391 2976 1509 3003; x_wconf 86' lang='lat' dir='ltr'>simile.</span> 
     </span>
    </p>
   </div>
  </div>
 </body>
</html>
