2080 3392
845 211 928 249 AN.
960 211 1052 248 1554
1698 209 1771 247 549

125 320 248 358 mus,
273 314 370 348 tum
404 308 463 348 ad
493 308 660 348 artium
691 308 896 349 studium
921 315 1020 349 tum
1047 307 1107 348 ad
1135 318 1298 347 veram
1325 307 1554 347 virtutum
1581 305 1767 346 laudem

126 379 484 427 inflammemus,
503 390 682 430 nosque
699 380 934 420 universis
951 379 1220 419 christianis
1238 378 1533 430 disciplinam
1545 377 1746 429 praebea
1758 400 1769 405 -

125 462 243 501 mus,
267 461 514 502 precamur
535 461 562 489 a
584 450 770 490 Christo
792 450 995 490 Domino
1018 450 1298 502 sapientiam
1319 456 1363 490 et
1384 450 1620 490 virtutem.
1642 449 1766 489 Bene

126 522 247 571 vale,
277 520 416 561 Pater
444 521 630 573 optime,
660 533 853 573 nosque,
889 528 937 562 ut
970 528 1191 562 votorum
1225 528 1495 562 nostrorum
1529 526 1770 572 compotes

126 592 393 643 reddamur,
418 592 620 633 Domino
643 592 936 633 commenda.

990 664 1014 671 ··
1067 664 1112 676 ν-ι-

207 735 334 775 Tuus
356 735 402 775 in
423 734 627 776 Domino
649 735 786 786 filius,

1063 877 1354 918 FRANcisCUs
1385 876 1552 918 SCIPIO.

205 1092 316 1132 Alsa
335 1104 480 1133 mama
507 1092 555 1132 in
578 1096 752 1143 quarta
773 1091 983 1143 pagina:
1012 1091 1127 1132 1554.
1160 1091 1309 1142 Quad.
1344 1091 1612 1132 Ferrarien.
1648 1091 1695 1132 18
1725 1092 1770 1132 di

124 1163 329 1204 Genaro.
355 1164 409 1216 Q.
433 1163 480 1205 S.

778 1593 1118 1649 GCLXXIV

195 1823 243 1860 Ρ.
266 1824 435 1862 Caesar
454 1823 639 1861 Helmus

243 1889 366 1926 Patri
384 1889 554 1936 Ignatio
573 1889 627 1927 de
645 1889 835 1936 Loyola.

291 1955 506 2002 Venetus,
527 1955 575 1992 20
598 1955 792 2000 Ianuarii
813 1954 906 1992 1554
923 1955 950 1991 ¹.

894 2236 992 2277 IHS

204 2449 371 2490 Gratia
395 2456 439 2490 et
459 2461 554 2501 pax
575 2449 684 2501 Xpi.
704 2457 794 2490 ete.

203 2520 302 2561 Rde
318 2521 364 2561 in
384 2521 549 2573 primis
571 2528 709 2573 atque
730 2522 778 2562 in
799 2521 939 2563 Chro.
971 2522 1083 2562 mihi
1105 2522 1260 2562 obs.me
1283 2521 1442 2562 Pater:

204 2591 334 2642 Quae
370 2592 600 2643 superiori
634 2592 967 2644 quadrimestri
1003 2593 1201 2644 Collegii
1231 2592 1368 2644 hujus
1400 2593 1661 2633 ministeria
1688 2592 1765 2634 hic

119 2670 258 2714 gesta
280 2670 408 2715 sunt,
433 2669 478 2704 et
499 2664 557 2704 ad
580 2665 844 2705 animarum
860 2665 1060 2705 salutem
1078 2665 1463 2717 spiritualemque
1481 2664 1765 2705 aedificatio-

121 2746 229 2774 nem
249 2735 504 2786 pertinent,
528 2735 733 2776 breviter
753 2737 1089 2788 perstringam.

202 2805 410 2847 Primum
431 2806 639 2858 quidem,
666 2808 852 2848 omissis
874 2808 998 2859 aliis,
1023 2815 1123 2848 tum
1145 2808 1334 2858 annuis,
1361 2819 1467 2847 eum
1489 2807 1632 2847 etiam
1654 2819 1764 2859 qua-

176 2945 187 2965 1
226 2944 476 2979 Autographae
492 2944 525 2971 in
540 2944 619 2971 folio
635 2944 771 2978 duplici,
788 2952 819 2971 n.
831 2944 986 2972 63.—Eas
1001 2945 1034 2972 in
1049 2945 1202 2978 pluribus
1215 2944 1412 2971 emendavit
1425 2943 1690 2978 decurtavitque
1703 2943 1765 2971 Po-

120 2993 259 3025 Ianeus,
274 2997 308 3019 et
324 2993 445 3019 harum
460 2992 507 3019 sic
523 2991 775 3025 castigatarum
790 2993 1027 3027 apographum
1042 2996 1156 3019 exstat
1171 2992 1204 3019 in
1220 2992 1299 3019 folio
1324 2992 1369 3024 64.
1393 2999 1477 3026 quas
1498 2999 1558 3019 nos
1573 2992 1662 3019 infra
1688 2993 1767 3020 sub-

123 3047 285 3070 nolemus.
