2080 3392
829 185 865 221 A
874 196 911 222 N.
944 185 1035 222 1553
1685 184 1757 221 3<st

114 291 221 326 runt
254 284 302 324 in
334 284 423 324 hac
454 295 546 335 qua
576 294 840 323 commoror
874 282 1090 334 regione!
1123 280 1296 322 Plebeii
1328 288 1371 321 et
1407 282 1656 333 populares
1692 281 1757 321 ita

114 356 269 409 ignari
302 356 407 396 fidei
441 361 631 395 nostrae
670 360 798 404 sunt,
837 360 885 394 ut
921 355 1013 395 sint
1047 353 1351 395 Garamantis
1389 353 1395 371 ¹
1429 353 1755 405 imperitiores.

114 429 266 479 Prope
287 439 399 467 vere
420 426 724 478 Burdigalam
755 432 862 466 sunt
892 426 1129 466 saltuosae
1160 426 1401 476 regiones,
1432 425 1625 476 triginta
1662 425 1758 465 fere

114 501 374 547 leucarum,
399 510 519 549 quae
541 486 600 536 ob
622 497 967 547 ignorationem
988 496 1121 536 verbi
1142 496 1230 536 Dei
1250 496 1475 547 pecudes,
1500 508 1592 536 non
1614 496 1757 535 homi-

115 582 213 621 nes,
237 581 339 610 esse
359 569 585 609 ferantur.
610 566 725 608 Sunt
746 567 840 606 illic
861 567 954 606 iam
984 567 1390 618 quinquagenarii,
1415 567 1494 618 qui
1517 578 1758 617 nunquam

115 642 309 682 missam
331 640 599 688 audierunt,
625 650 710 678 nec
733 638 788 678 de
810 637 911 677 Deo
939 638 1193 688 quidquam
1223 644 1522 689 acceperunt.
1554 638 1688 689 Quod
1722 639 1762 678 si

121 713 337 753 venirent
359 711 501 762 aliqui
523 723 582 750 ex
602 709 825 750 fratribus
846 710 893 749 in
913 709 1000 748 has
1021 709 1264 760 regiones,
1298 713 1377 749 aut
1404 710 1475 749 his
1497 710 1652 750 causis
1684 718 1763 749 aut

122 785 225 825 aliis
246 783 506 824 rationibus
529 781 729 831 incitati,
762 792 835 821 me
857 781 1036 821 Victum
1065 793 1247 821 omnem
1277 788 1320 821 et
1349 782 1523 822 cultum
1551 782 1766 833 corporis

120 868 205 908 pro
228 867 332 896 mea
355 854 584 895 tenuitate
605 852 1012 904 suppeditaturum
1034 852 1274 892 confirmo.
1291 886 1307 903 „
1332 853 1462 892 Haec
1486 854 1575 893 ille.

200 927 417 968 Accessit
438 925 579 966 aedes
600 930 787 965 nostras
807 924 1081 964 Praefectus
1101 924 1363 965 libellorum
1392 924 1602 976 Reginae
1631 925 1659 975 ⁶³,
1689 937 1764 976 po-

121 1001 301 1040 stulans
323 998 500 1050 aliquot
523 995 773 1037 Societatis
800 995 994 1045 fratres,
1027 995 1085 1035 ad
1116 995 1371 1046 Abbatiae,
1403 996 1619 1036 undecim
1646 996 1768 1036 forte

122 1070 399 1111 milliaribus
420 1068 634 1109 Lutetiae
656 1066 888 1113 distantis,
913 1065 1316 1117 reformationem,
1342 1079 1459 1119 quos
1487 1073 1643 1107 tamen
1675 1080 1767 1107 non

122 1144 241 1183 foret
277 1152 469 1181 necesse
496 1139 715 1179 continue
749 1138 921 1178 ibidem
949 1139 1138 1178 morari.
1171 1138 1260 1179 Hic
1288 1139 1520 1189 insignem
1552 1139 1768 1179 affectum

125 1226 239 1266 erga
274 1212 474 1253 instituti
508 1210 657 1251 nostri
691 1210 892 1249 formam
926 1210 1062 1249 nobis
1092 1210 1324 1262 exhibuit,
1356 1223 1542 1251 omnem
1577 1222 1770 1262 operam

129 1285 353 1328 Societati
371 1283 587 1324 offerens.

205 1357 322 1399 Sunt
344 1357 519 1408 aliquot
540 1354 701 1403 amici,
725 1353 803 1404 qui
824 1353 1083 1404 Collegium
1103 1360 1317 1394 nostrum
1341 1355 1436 1395 suis
1467 1355 1772 1395 facultatibus

130 1428 415 1481 amplificare
450 1426 788 1479 promiserunt,
819 1423 874 1464 de
902 1425 1068 1476 quibus
1095 1426 1323 1476 proximis
1349 1426 1496 1466 literis
1527 1427 1772 1478 speciatim

130 1512 339 1553 agemus.

208 1572 439 1612 Dominus
459 1570 596 1624 Jesus
617 1570 666 1610 P.
691 1578 821 1611 tuam
848 1569 984 1610 nobis
1015 1569 1093 1609 diu
1121 1576 1278 1610 servet
1306 1570 1607 1620 incolumem,
1633 1581 1775 1621 quam

128 1643 381 1685 humilibus
410 1642 626 1694 precibus
657 1642 959 1682 obsecramus
989 1647 1038 1681 ut
1059 1653 1144 1682 nos
1165 1641 1352 1682 Christo
1374 1648 1572 1694 paterna
1600 1642 1776 1693 pietate

134 1715 466 1757 commendare
488 1713 722 1765 dignetur.

214 1787 387 1838 Quinto
410 1785 601 1826 Calend.
626 1785 731 1838 Sep.
759 1786 872 1826 1553.
899 1785 1106 1825 Parisiis.

214 1859 412 1910 Imperio
435 1857 527 1898 ΚΕΗ
549 1857 597 1898 Ρ.
622 1856 867 1898 Paschasii
888 1858 1042 1897 Bro'et.

213 1930 335 1971 ΗΜΘ
360 1930 409 1970 Ρ.
432 1937 540 1970 tuae
562 1930 783 1970 minimus
805 1930 853 1969 in
874 1929 1062 1970 Christo
1082 1941 1263 1980 servus,

980 2071 1229 2113 Rossssmus
1252 2072 1586 2121 CLAYssoixnus,

1192 2161 1388 2195 Brugensis.

219 2358 597 2411 Superscmptzo:
620 2357 722 2398 R.<¹0
745 2358 792 2398 in
814 2358 1002 2399 Christo
1034 2358 1163 2399 Patri
1190 2358 1247 2398 D.
1277 2358 1460 2409 Ignatio
1492 2358 1547 2398 de
1582 2357 1780 2408 Loona,

137 2431 412 2483 Praeposito
451 2431 595 2481 gnali.
638 2429 886 2470 Societatis
926 2431 1060 2484 JesU,
1099 2430 1145 2470 in
1186 2430 1380 2470 aedibus
1420 2429 1465 2470 S.
1508 2429 1686 2469 Mariae
1727 2428 1786 2469 dc

139 2502 310 2543 Strada
334 2502 458 2553 apud
479 2501 537 2541 D.
562 2501 790 2551 Marcum,
810 2501 1002 2541 Rornae.

220 2574 283 2614 Et
304 2573 401 2613 alla
422 2585 591 2613 manu:
619 2572 734 2613 1553.
759 2573 909 2623 Quad.
932 2573 1080 2623 Paris,
1104 2574 1168 2613 δέ)
1191 2573 1290 2614 Cal.
1314 2573 1429 2613 7.b¹‘1³

233 2645 495 2695 Vestigium
517 2655 649 2684 cerae
669 2649 712 2684 et
732 2644 904 2695 sigilli.

199 2832 205 2851 ¹
246 2832 333 2859 Vide
350 2831 517 2864 Pori-mco,
536 2830 738 2863 Clzronicon,
752 2833 776 2857 t.
793 2837 839 2863 111,
856 2837 935 2864 pag.
949 2830 1012 2861 300,
1028 2835 1143 2858 annot.
1160 2831 1185 2857 2.

198 2881 211 2899 ”-'
250 2879 336 2906 Vide
352 2879 522 2911 Potaxco,
540 2878 742 2909 Chronicon,
758 2884 778 2904 t.
796 2878 1015 2912 111,p21g.300,
1033 2883 1146 2905 annot.
1160 2879 1186 2904 3.

337 3081 385 3116 T.
415 3093 439 3115 11
1508 3091 1552 3124 24
