2080 3392
302 189 372 225 484
810 188 1035 225 LITTERAE
1063 198 1421 230 QUADmMESTREs

305 285 447 335 piant:
485 283 644 322 diebus
680 295 792 322 vero
830 283 1076 322 dominicis
1110 295 1165 322 ac
1200 283 1381 323 festivis
1415 285 1558 323 multo
1589 285 1760 335 plures.
1804 285 1929 326 Inter

300 365 414 406 quos
436 353 566 393 multi
587 359 693 393 sunt
715 353 986 394 scholastici
1008 359 1052 393 et
1072 353 1119 393 hi
1145 365 1239 393 non
1260 353 1446 393 infimae
1468 355 1631 394 classis
1654 355 1758 394 viri.
1784 356 1927 396 Maxi-

298 435 466 475 maque
493 424 769 474 praesertim
798 424 1116 464 confitentium
1145 423 1405 475 frequentia
1433 424 1506 464 his
1533 424 1692 464 diebus
1718 424 1823 475 fuit,
1852 427 1930 477 qui

297 495 509 535 natalitia
529 494 648 534 festa
668 506 988 546 praecessere,
1012 501 1143 534 tanta
1164 494 1350 546 quidem
1366 501 1415 534 ut
1441 506 1499 534 ne
1530 506 1557 534 a
1586 495 1850 546 quindecim
1871 509 1929 537 ex

298 565 469 606 nostris
490 577 573 616 per
601 566 777 617 aliquot
805 566 956 605 noctis
985 565 1147 613 horas,
1183 571 1370 616 praeter
1399 565 1497 605 dies
1524 565 1747 616 integros,
1779 567 1928 607 audiri

296 636 548 687 potuerint,
573 636 649 686 qui
669 636 978 675 confluebant.

376 706 509 747 Unde
529 706 705 746 factum
725 712 795 746 est
817 712 864 746 ut
883 707 931 746 in
949 706 1063 746 aede
1083 706 1251 746 maiori
1270 705 1279 725 ¹
1301 706 1466 757 ingens
1483 707 1624 746 etiam
1644 707 1784 747 fuerit
1807 718 1927 747 com-

295 778 631 817 municantium
654 789 887 817 numerus.
911 777 961 818 In
983 783 1143 817 nostra
1164 789 1276 817 vero
1296 777 1409 817 aede
1431 789 1583 828 sacra,
1608 789 1726 829 quae
1747 779 1928 829 perexi-

294 859 388 899 gua
410 855 500 898 est,
525 848 853 899 quadringenti
874 855 954 888 aut
975 860 1028 888 eo
1050 849 1206 899 plures
1233 848 1582 889 Eucharistiam
1612 856 1925 900 sumpserunt.

295 918 389 959 Alii
409 926 529 970 sunt,
555 919 653 970 qui,
680 918 776 970 jam
797 919 935 959 altius
957 919 1188 969 provecti,
1222 925 1551 970 praeterquam
1581 920 1703 971 quod
1731 926 1926 972 peccata

293 990 479 1041 saepius
505 989 782 1029 confitentur
811 995 854 1029 et
881 989 1082 1039 Christo,
1107 989 1291 1029 animae
1312 1001 1426 1029 vero
1454 990 1572 1039 cibO,
1604 991 1828 1031 sumendo
1854 1003 1926 1031 ro-

292 1061 533 1111 borantur,
557 1061 757 1100 orationi
780 1067 918 1112 atque
940 1061 1043 1100 aliis
1064 1061 1153 1112 piis
1174 1061 1392 1112 operibus
1414 1067 1604 1101 vacant.

373 1131 551 1182 Quibus
568 1137 612 1171 et
633 1131 736 1171 aliis
756 1131 1019 1182 hujusmodi
1040 1131 1178 1171 rebus
1199 1130 1416 1171 effectum
1437 1138 1507 1171 est
1527 1138 1577 1171 ut
1598 1143 1771 1183 magna
1794 1133 1853 1172 sit
1871 1132 1927 1173 de

295 1209 458 1242 nostra
488 1202 722 1242 Societate
743 1203 790 1242 in
810 1203 923 1242 urbe
946 1203 1116 1253 opinio.
1141 1202 1374 1253 Quiddam
1395 1214 1523 1254 vero,
1548 1215 1606 1243 ex
1635 1215 1723 1255 quo
1746 1215 1927 1243 summa

292 1273 506 1313 omnibus
527 1273 789 1313 aedificatio
812 1274 1043 1324 provenit,
1068 1274 1251 1313 silentio
1278 1285 1372 1313 non
1400 1275 1784 1325 praetermittam.
1811 1274 1928 1314 Cum

294 1344 417 1384 enim
452 1344 679 1395 Aethiops
715 1345 903 1396 quidam
937 1345 994 1384 ob
1029 1344 1325 1384 interfectum
1355 1344 1521 1384 herum
1548 1345 1765 1385 candenti
1801 1345 1928 1396 prius

295 1414 472 1466 forcipe
504 1415 784 1465 adurendus,
803 1420 966 1466 postea
987 1427 1100 1455 vero
1121 1415 1317 1455 abscisis
1338 1415 1552 1455 manibus
1574 1415 1926 1466 suspendendus

295 1492 431 1537 esset,
455 1486 615 1526 vocati
636 1492 742 1525 sunt
764 1498 822 1525 ex
842 1486 1015 1526 nostris
1038 1486 1180 1537 aliqui
1202 1486 1272 1536 (ut
1294 1485 1393 1525 fieri
1421 1487 1560 1536 solet)
1582 1486 1659 1537 qui
1680 1487 1722 1526 ei
1744 1486 1802 1526 ad
1822 1498 1922 1538 per-

290 1557 507 1597 ferendos
529 1557 768 1597 cruciatus
796 1557 1002 1596 animum
1030 1556 1274 1607 adderent3
1298 1557 1363 1596 illi
1384 1569 1497 1596 vero
1519 1556 1532 1575 ‘²
1553 1557 1600 1596 in
1622 1568 1811 1597 currum
1831 1569 1923 1596 una

291 1639 395 1668 cum
429 1639 482 1667 eo
512 1627 823 1667 ascenderunt
854 1627 1127 1677 (vehebatur
1154 1627 1276 1667 enim
1305 1628 1514 1678 plaustro
1542 1627 1794 1678 Aethiops)
1824 1633 1921 1668 tan—

289 1705 477 1750 tumque
508 1698 606 1749 ejus
633 1698 860 1748 animum,
890 1710 1010 1738 unus
1041 1698 1320 1749 praesertim
1348 1711 1406 1738 ex
1434 1699 1504 1749 iis,
1539 1699 1696 1738 verbis
1722 1699 1833 1748 suiS,
1858 1698 1922 1738 in-

288 1770 416 1820 genti
438 1781 543 1809 cum
567 1769 773 1808 omnium
796 1768 1132 1818 aedificatione,
1152 1769 1416 1819 roboravit,
1440 1776 1488 1809 ut
1508 1770 1686 1809 nullum
1702 1768 1799 1820 jam
1820 1781 1921 1809 cru-

289 1840 463 1880 ciatum
480 1846 734 1890 recusaret,
754 1840 834 1879 sed
846 1839 1000 1890 potius
1017 1840 1126 1879 dum
1144 1840 1350 1880 candens
1366 1840 1550 1891 forceps
1569 1840 1755 1891 corpori
1769 1840 1923 1879 admo-

289 1918 494 1961 veretur,
518 1911 731 1961 ingentes
753 1911 827 1950 ille
859 1910 959 1950 Deo
989 1912 1171 1961 gratias
1193 1912 1287 1951 alta
1309 1923 1426 1951 voce
1454 1917 1636 1962 ageret,
1668 1911 1791 1962 quod
1819 1910 1921 1961 sibi,

288 1988 396 2021 ante
424 1987 643 2030 mortem,
678 1987 982 2032 peccatorum
1011 1992 1152 2031 agere
1185 1981 1521 2032 poenitentiam
1549 1981 1771 2021 licuisset.
1805 1980 1924 2032 Quid

285 2052 382 2104 jam
404 2052 558 2092 dicam
579 2052 634 2091 de
665 2063 887 2091 manuum
914 2051 1202 2091 abscisione?
1229 2051 1297 2091 Ita
1325 2051 1424 2103 ejus
1452 2052 1595 2092 menti
1617 2052 1790 2093 Christi
1817 2051 1924 2092 Pas-

288 2124 466 2164 sionem
485 2122 701 2162 infixerat
721 2122 873 2172 Pater,
897 2128 968 2172 ut,
994 2133 1099 2162 cum
1121 2122 1180 2162 ad
1209 2123 1362 2162 locum
1384 2129 1577 2162 ventum
1598 2130 1681 2173 est,
1705 2134 1923 2174 porrexe-

287 2194 345 2234 rit
366 2195 478 2245 ipse‚
503 2200 550 2233 ut
572 2199 857 2241 secarentur,
881 2204 1061 2232 manus.
1082 2191 1223 2243 Cujus
1240 2200 1335 2233 tam
1352 2194 1618 2243 inusitatae,
1643 2194 1690 2233 in
1707 2199 1917 2233 extremo

283 2265 379 2316 jam
408 2264 689 2316 praesertim
722 2264 847 2303 vitae
882 2269 1104 2314 tempore,
1136 2263 1421 2303 fortitudinis
1452 2271 1671 2315 aspectus
1705 2276 1798 2304 non
1832 2276 1922 2304 me-

287 2336 494 2376 diocrem
515 2335 727 2375 omnibus
751 2334 1110 2374 admirationem
1140 2333 1381 2384 afferebat,
1407 2335 1488 2375 sed
1518 2335 1662 2375 multo
1696 2334 1922 2386 majorem

285 2407 427 2447 Pater
448 2407 523 2446 ille
544 2412 717 2454 noster,
741 2405 819 2456 qui
841 2405 887 2445 id
907 2405 1088 2445 efficere
1108 2405 1352 2456 potuisset.

364 2477 460 2518 Nec
481 2477 631 2516 minus
652 2476 775 2527 quod
793 2474 890 2526 jam
909 2487 1033 2515 nunc
1053 2476 1255 2515 narrabo
1285 2477 1400 2516 alios
1432 2476 1618 2526 terruit,
1644 2477 1758 2516 alios
1781 2476 1920 2516 etiam

287 2548 564 2588 aedificavit.
587 2547 656 2586 Ita
677 2547 799 2586 enim
820 2546 1049 2587 Dominus
1070 2547 1319 2597 quemdam
1336 2547 1489 2597 exiis,
1514 2547 1590 2598 qui
1612 2553 1743 2587 extra
1765 2546 1917 2587 Socie-

285 2625 426 2659 tatem
447 2617 582 2669 ejecti
603 2622 728 2667 sunt,
750 2617 999 2668 oppressit,
1023 2623 1072 2656 ut
1093 2618 1273 2668 possint
1295 2618 1461 2668 reliqui
1477 2616 1683 2668 ejusdem
1701 2619 1915 2669 exemplo

284 2690 419 2730 facile
446 2689 532 2729 sibi
558 2698 859 2739 praecavere.
889 2686 977 2726 Hic
1004 2698 1110 2726 curn
1140 2699 1194 2727 eo
1231 2687 1497 2727 devenisset
1525 2694 1573 2728 ut
1609 2700 1695 2728 nec
1731 2699 1919 2728 sacrum

284 2761 437 2800 facere
470 2759 707 2809 (sacerdos
737 2758 859 2798 enim
885 2758 1022 2808 erat),
1059 2769 1207 2809 neque
1244 2759 1397 2809 aliqua
1427 2760 1472 2798 in
1508 2771 1557 2798 re
1588 2759 1918 2810 praecipientis

336 2944 344 2963 ¹
386 2943 605 2969 Catlzedralz'.
625 2943 754 2976 Apogr.

333 2991 347 3009 “—'
386 2990 422 3018 P.
436 2990 506 3017 Leo
522 2990 691 3024 Enriquez
706 2997 782 3016 cum
796 2990 862 3016 alio
878 2989 1064 3016 sacerdote.
1082 2989 1228 3022 FRANco.
1247 2990 1266 3017 l.
1289 2997 1328 3022 c.,
1346 2997 1376 3017 n.
1392 2991 1436 3017 [²5.
