2080 3392
798 232 882 268 ΑΝ.
914 231 1007 268 1554
1650 232 1721 268 515

81 340 195 380 ergo
216 329 340 380 quod
363 329 564 381 quadam
586 329 674 380 die,
698 341 805 369 cum
832 340 924 369 una
953 329 1163 380 ipsarum
1193 329 1331 369 vellet
1361 328 1570 380 profiteri
1598 329 1721 368 relli-

81 400 269 451 gionem
291 400 412 440 illius
433 400 721 450 monasterii,
745 400 831 440 fuit
853 400 1111 440 accersitus
1129 400 1318 451 quidam
1335 406 1469 451 pater
1486 399 1623 440 huius
1641 399 1719 439 do-

81 483 198 519 mus,
225 472 302 523 qui
323 471 605 522 professioni
626 472 725 512 eius
748 471 1002 522 assisteret,
1027 477 1071 511 et
1092 477 1229 522 prout
1251 471 1394 511 moris
1425 477 1494 511 est
1524 471 1571 511 in
1598 470 1719 511 simi-

80 542 200 582 libus
223 543 418 593 actibus‚
442 543 817 583 concionaretur.
842 542 970 583 Abiit
993 553 1108 593 ergo
1131 548 1265 593 pater
1281 543 1356 582 ille
1373 543 1526 594 magis
1544 542 1719 582 auxilio

82 613 241 653 divino
263 613 410 654 fretus
431 625 572 665 quam
594 626 693 664 suo,
719 614 888 665 quippe
917 614 995 665 qui
1024 613 1105 653 vix
1135 613 1334 653 duarum
1363 614 1588 653 horarum
1618 625 1720 665 spa-

81 685 197 724 tium
219 685 306 724 sibi
328 696 607 725 concessum
628 685 687 725 sit
711 692 818 725 ante
839 691 1023 735 tempus
1044 684 1370 724 concionandi.
1396 683 1486 725 Sed
1508 685 1586 736 qui
1606 696 1719 724 nun-

82 767 221 806 quam
243 757 289 796 in
311 757 412 807 ipso
433 755 739 796 cofidentibus
762 757 914 807 deest,
939 756 1003 796 ita
1034 756 1099 795 1111
1132 755 1300 806 adfuit,
1326 762 1370 796 et
1397 756 1460 796 ita
1490 757 1595 796 eius
1617 767 1720 796 ver-

81 827 153 867 bis
174 827 318 867 corda
345 828 631 878 reliquarum
658 829 879 879 perculit,
913 834 962 867 ut
990 840 1155 879 parum
1187 828 1387 868 abfuerit
1415 828 1526 879 quin
1560 839 1722 868 omnes

84 898 248 938 eadem
269 899 347 938 via
367 906 619 950 pergerent
641 907 684 939 et
711 899 1071 950 praecedentem
1101 900 1481 950 insequerentur,
1513 899 1601 939 nisi
1630 911 1721 939 ma-

83 969 279 1022 gnitudo
301 970 369 1009 rei
389 975 572 1021 tempus
594 970 920 1010 cosultationis
942 976 1235 1021 exposceret,
1258 977 1302 1010 et
1323 970 1387 1010 ita
1416 970 1571 1010 retulit
1592 982 1723 1022 prae-

84 1043 206 1082 latus
228 1041 437 1092 ipsarum
459 1041 596 1093 quod,
621 1042 659 1081 si
680 1042 972 1093 singularum
994 1042 1138 1082 corda
1156 1049 1514 1093 perscrutasset,
1536 1053 1631 1081 non
1647 1053 1726 1093 po-

84 1113 248 1153 tuisset
269 1113 441 1152 rectius
462 1113 673 1163 ipsarum
693 1113 1056 1153 necessitatibus
1079 1113 1359 1153 occurrisse.

163 1183 352 1224 Interim
375 1184 517 1223 etiarn
545 1184 771 1224 exercitia
802 1184 998 1235 spualia.
1031 1190 1139 1224 sunt
1169 1184 1279 1224 data
1312 1184 1542 1235 aliquibus
1569 1195 1724 1235 perso-

82 1256 170 1306 nis,
194 1255 241 1295 in
263 1255 431 1307 quibus
454 1262 595 1306 certe,
619 1262 726 1307 post
746 1255 907 1295 habita
929 1255 1171 1305 exercitia,
1196 1255 1333 1295 facile
1355 1262 1424 1295 est
1446 1255 1608 1295 videre
1629 1255 1721 1295 fru-

83 1333 210 1367 ctum
231 1326 575 1367 reformationis
606 1327 732 1366 vitae
760 1327 806 1366 in
835 1326 1210 1378 frequentatione
1241 1334 1648 1367 sacramentorum
1683 1333 1726 1367 et

83 1397 311 1438 desiderio
332 1397 607 1449 proficiendi
628 1398 675 1437 in
696 1403 796 1450 spu.
822 1397 917 1438 Alii
944 1398 1174 1438 instanter
1203 1404 1366 1449 petunt
1396 1399 1498 1450 ipsa
1526 1399 1616 1438 sibi
1646 1399 1727 1438 im-

80 1470 261 1522 partiri,
286 1469 364 1509 sed
389 1469 509 1509 aliae
529 1469 748 1509 iustiores
769 1470 1103 1522 occupationes
1123 1470 1257 1510 nobis
1277 1482 1372 1510 non
1389 1471 1631 1522 permitti-it
1652 1470 1726 1510 his

81 1552 272 1581 vacare.
295 1540 593 1580 Remittimus
613 1551 694 1580 eos
722 1540 781 1581 ad
801 1540 973 1581 fratres
998 1541 1185 1592 collegii
1211 1542 1362 1581 nostri
1384 1542 1722 1591 metimnensis,

82 1612 209 1664 quod
227 1624 321 1652 non
342 1612 481 1663 longe
502 1611 612 1652 hinc
633 1612 778 1661 abest,
803 1612 882 1652 ubi
903 1613 1053 1652 maior
1073 1613 1207 1652 adest
1229 1613 1554 1653 commoditas.

164 1683 295 1723 Haec
316 1690 438 1732 sunt,
462 1683 563 1723 R.de
577 1689 727 1735 pater,
747 1695 866 1735 quae
884 1696 1007 1724 nunc
1023 1684 1224 1735 repetita
1242 1685 1483 1735 memoria,
1505 1685 1727 1725 sumatim

85 1766 187 1795 sese
209 1755 321 1795 mihi
341 1755 589 1795 scribenda
611 1755 834 1806 obtulere,
859 1767 979 1807 quae
999 1756 1109 1796 licet
1137 1756 1331 1807 exigua,
1363 1767 1537 1808 magna
1566 1763 1726 1797 tamen

85 1833 208 1877 sunt,
233 1827 274 1867 si
293 1827 619 1877 instrumenta,
643 1827 812 1878 quibus
833 1827 950 1867 haec
972 1827 1086 1867 deus
1107 1828 1297 1879 operari
1319 1828 1562 1879 dignatur,
1586 1828 1727 1880 inspi-

85 1899 197 1939 cias.
221 1898 314 1950 Ipsi
335 1899 421 1938 soli
438 1899 555 1948 laus,
575 1899 727 1938 honor
743 1905 788 1938 et
803 1899 956 1950 gloria
974 1911 1098 1939 nunc
1116 1905 1160 1939 et
1178 1899 1224 1939 in
1241 1906 1533 1950 perpetuum.
1556 1899 1726 1940 Amen.

85 1970 155 2011 Tu
176 1976 333 2010 tamen
354 1970 556 2020 interim,
580 1970 681 2010 Rde
697 1978 847 2021 pater,
871 1971 1040 2010 horum
1072 1971 1375 2022 indignorum
1403 1971 1603 2011 filiorum
1631 1981 1729 2012 tuo-

84 2053 186 2082 rum
207 2053 265 2081 ne
287 2041 598 2089 obliviscaris,
622 2042 705 2081 sed
738 2042 866 2093 ipsos
894 2042 941 2081 in
971 2043 1063 2082 tuis
1094 2043 1312 2093 precibus
1341 2049 1385 2083 et
1413 2043 1657 2083 sacrificiis
1687 2049 1732 2083 et

84 2113 283 2153 aliorum
303 2119 490 2164 patrum
511 2119 554 2153 et
576 2113 774 2153 fratrum
796 2113 1185 2154 charissimorum
1207 2114 1512 2154 comendatos
1537 2115 1729 2154 habeas.

165 2184 237 2224 Ex
258 2184 428 2235 oppido
450 2183 735 2235 Vallisoleti,
760 2185 1001 2225 chalendis
1029 2185 1266 2239 Januarii,
1302 2183 1424 2226 anno
1453 2198 1479 2225 a
1507 2193 1626 2226 nat.e
1654 2186 1732 2226 do—

87 2255 202 2295 mini
224 2255 339 2295 1554.

168 2326 298 2366 Tuae
318 2325 443 2366 ΗΜΘ
471 2326 554 2366 Ρ.ίε

166 2397 391 2447 Indignus
412 2397 549 2448 filius,

1172 2473 1199 2519 †
1227 2471 1495 2511 DOMENECH
1526 2473 1567 2519 †.

169 2681 521 2732 Superscmptz'o
543 2682 592 2721 2⁴12
610 2686 784 2733 quarta
799 2688 1008 2734 pagum:
1025 2665 1098 2724 1115
1115 2684 1383 2726 Admodum
1401 2685 1505 2726 ΚΦ)
1534 2687 1581 2726 111
1599 2686 1728 2727 chro.

89 2751 174 2803 pri.
216 2763 396 2803 magro.
439 2754 617 2804 ignatio
654 2754 710 2794 de
744 2755 900 2805 loyola
935 2757 1205 2807 praeposito
1244 2758 1456 2808 generali
1492 2758 1733 2798 societatis

89 2822 214 2875 Jesu.

171 2893 365 2934 Romae.

171 2964 282 3004 Alia
303 2977 466 3005 mann:
487 2965 770 3007 Valladolid.
799 2966 853 3018 Q.
877 2967 952 3007 P.0
975 2969 1019 3009 di
1043 2969 1272 3010 Gennaio.

185 3036 446 3087 Vestigium
469 3036 644 3087 sigilli.
