2080 3392
311 184 377 221 102
815 184 1041 221 LITTERAE
1068 194 1427 227 QUADRIMESTREs

308 279 388 329 pit,
404 279 762 319 divininuminis
784 279 1023 330 aspirante
1039 280 1209 330 gratia,
1226 281 1466 332 proposita
1482 280 1775 332 perfectioris
1793 292 1847 320 ac
1862 293 1941 333 pu·

308 350 445 390 rioris
461 350 585 390 vitae
602 351 904 402 institutione,
917 350 1155 391 diversum
1171 357 1327 391 tamen
1343 352 1470 391 vitae
1486 352 1745 392 institutum
1765 365 1790 392 a
1808 352 1943 392 caeli·

309 421 438 471 batu,
460 421 505 460 in
523 433 612 472 quo
638 423 864 461 hactenus
891 427 1110 462 versatus
1127 427 1209 471 est,
1236 422 1451 473 amplecti
1480 422 1686 463 nondum
1717 423 1939 463 decrevit.

387 491 579 532 Sextum
600 492 753 532 locum
775 503 916 532 sexus
946 492 1226 543 foemineus,
1260 493 1468 532 virorum
1496 493 1759 545 quinarium
1788 505 1944 534 nume·

310 574 413 602 rum
438 563 576 613 longe
606 563 857 611 excedens,
890 564 1054 604 merito
1086 564 1173 603 sibi
1201 564 1424 603 vindicat.
1458 563 1749 615 Videturque
1773 565 1830 604 ad
1851 564 1943 615 pie-

310 639 453 672 tatem
473 634 680 684 proclive
702 633 854 684 magis
875 646 929 673 ac
950 646 1235 686 propensum
1261 634 1503 685 muliebre,
1538 646 1677 686 quam
1707 635 1842 675 virile
1865 646 1943 686 ge-

310 715 416 743 nus:
441 704 571 743 cuius
592 705 783 744 evidens
805 707 1067 757 exemplum
1088 706 1222 745 nobis
1244 706 1430 746 exhibet
1459 706 1660 757 quinque
1689 706 1936 746 viduarum

310 785 419 813 rara
440 781 578 825 atque
600 775 797 825 insignis
818 775 967 826 pietas
989 782 1033 815 et
1055 782 1253 828 quatuor
1283 777 1522 827 virginum
1553 777 1776 827 spiritalis
1797 776 1944 827 profe-

310 852 431 894 ctus,
455 857 592 896 quae,
618 857 789 885 novem
809 858 1022 897 numero,
1053 847 1339 898 spiritalibus
1369 847 1604 887 exercitiis
1626 859 1652 886 a
1674 847 1814 887 Patre
1836 847 1943 887 edo-

312 922 434 966 ctae,
458 928 551 955 non
573 917 746 967 absque
768 917 885 957 lucri
902 918 1124 968 spiritalis
1144 919 1469 968 emolumento,
1491 930 1734 958 sacrarum
1751 918 1943 958 medita-

313 987 490 1026 tionum
519 987 720 1027 fructum
751 988 1021 1028 retulerunt.
1053 989 1236 1031 Etenim
1264 996 1585 1029 matronarum
1619 989 1804 1028 illarum
1836 1000 1944 1039 una,

313 1070 431 1108 quae
448 1057 606 1108 filium,
625 1058 669 1097 in
687 1059 775 1098 hac
792 1057 1050 1099 Academia
1071 1060 1168 1100 vita
1189 1059 1478 1109 defunctum,
1503 1059 1725 1100 Societati
1756 1070 1942 1110 pepere-

314 1135 405 1180 rat,
442 1135 547 1180 post
567 1135 800 1169 maturam
821 1130 1206 1170 deliberationem
1236 1130 1493 1182 Religionis
1523 1131 1759 1181 sequelam
1791 1129 1948 1169 decre-

314 1201 398 1251 vit,
423 1212 556 1240 suam
581 1206 737 1240 tamen
763 1201 1052 1240 voluntatem
1072 1201 1224 1241 Patris
1251 1202 1399 1241 nostri
1425 1201 1702 1241 submittens
1731 1200 1939 1251 arbitrio,

313 1271 609 1323 animumque
631 1272 688 1311 ab
710 1271 922 1311 instituto
950 1278 1256 1321 revocatura,
1291 1272 1330 1311 si
1355 1272 1508 1311 Patris
1538 1283 1809 1323 repugnans
1836 1270 1949 1310 iudi-

315 1343 437 1382 cium
459 1342 710 1382 deliberato
733 1343 879 1394 ipsius
900 1345 1140 1394 proposito
1161 1343 1471 1383 reluctaretur
1493 1355 1500 1383 :
1531 1343 1657 1393 atqui
1687 1342 1840 1382 Patris
1862 1341 1950 1381 suf-

313 1413 466 1464 fragio
488 1414 711 1453 electione
739 1413 1034 1463 confirmata,
1069 1414 1278 1465 corporis
1301 1420 1344 1454 et
1367 1414 1508 1454 animi
1536 1414 1808 1464 obsequium
1834 1424 1949 1453 vero

313 1484 543 1524 sacrificio
566 1484 751 1525 Christo
772 1484 975 1524 Domino
998 1485 1230 1535 oblatura,
1254 1485 1606 1533 Monasterium,
1631 1485 1872 1535 virginum
1896 1494 1951 1523 ac

314 1556 559 1595 viduarum
590 1557 632 1603 (a
660 1568 709 1595 se
737 1556 940 1596 invicem
965 1562 1122 1596 tamen
1151 1562 1476 1607 separatarum
1504 1556 1592 1595 loci
1622 1562 1761 1606 atque
1792 1560 1950 1594 contu-

315 1627 460 1667 bernii
484 1627 750 1677 divisione),
775 1627 860 1667 sub
881 1627 1044 1667 eadem
1074 1627 1329 1667 Abbatissa
1359 1626 1461 1667 Deo
1488 1626 1802 1675 militantium,
1826 1637 1947 1665 com-

316 1710 453 1738 mune
486 1699 847 1749 receptaculum,
885 1699 1105 1749 accessit;
1136 1699 1183 1738 in
1210 1710 1301 1750 quo
1336 1697 1568 1738 constanti
1595 1695 1951 1748 perseverantia

316 1776 576 1820 permanet3
601 1770 733 1810 cuius
756 1776 899 1810 testes
921 1770 1096 1821 aliquot
1117 1770 1338 1821 epistolas
1367 1770 1425 1809 ad
1453 1769 1640 1809 Patrem
1670 1767 1948 1816 transmisit,

315 1841 547 1880 adiunctis
562 1841 708 1880 literis
725 1841 870 1892 ipsius
887 1841 1168 1881 Abbatissae
1182 1840 1368 1880 Patrem
1382 1841 1674 1880 obsecrantis
1686 1846 1748 1888 ut,
1771 1838 1952 1889 spirita-

316 1912 370 1951 lis
391 1912 721 1962 negotiationis
743 1923 902 1962 causa,
922 1913 1258 1952 monasterium
1274 1912 1478 1951 invisere
1499 1923 1590 1950 non
1606 1916 1850 1961 gravetur.
1871 1908 1958 1949 Re-

314 1983 467 2034 liquae
484 1988 682 2033 quatuor
698 1983 883 2032 viduae,
904 1994 1185 2034 quamquam
1208 1982 1254 2022 in
1275 1981 1437 2022 eodem
1453 1982 1576 2021 Vitae
1595 1987 1719 2020 statu
1742 1992 1953 2032 perman-

316 2054 475 2103 serint,
498 2054 645 2093 vitam
667 2060 821 2093 tamen
844 2053 1058 2104 religioni
1081 2053 1331 2093 admodum
1357 2052 1538 2092 affinem
1569 2052 1847 2103 profitentur
1866 2062 1873 2090 :
1899 2063 1958 2091 ex

316 2125 468 2164 Patris
489 2124 679 2164 arbitrio
703 2125 872 2173 omnia,
899 2125 1072 2175 absque
1089 2125 1187 2163 eius
1205 2135 1436 2164 consensu
1454 2135 1647 2174 prorsus
1666 2123 1794 2172 nihil,
1818 2133 1956 2173 agen-

316 2203 400 2245 tes,
425 2196 506 2235 sed
527 2196 611 2235 sub
634 2195 924 2235 obedientiae
948 2195 1094 2246 ipsius
1115 2195 1207 2234 levi
1228 2195 1339 2245 iugo
1360 2194 1460 2234 Deo
1484 2194 1676 2243 servire,
1701 2194 1808 2233 licet
1831 2194 1957 2233 nullo

318 2273 427 2306 voto
458 2266 741 2315 adstrictae„
761 2271 1021 2316 spontaneo
1051 2265 1245 2305 consilio
1276 2276 1551 2316 persuasae;
1583 2276 1780 2315 quarum
1810 2251 1958 2315 digni-

317 2344 411 2377 tate
438 2337 587 2390 prima
615 2337 833 2388 opulenta
864 2342 947 2384 est,
981 2336 1311 2386 spectatissimi
1339 2335 1428 2374 Viri
1463 2347 1518 2374 ac
1549 2335 1754 2386 equestri
1795 2335 1957 2375 ordine

320 2408 510 2448 illustris
531 2407 686 2458 Vidua,
712 2419 830 2459 quae
858 2407 1175 2446 nobilissimas
1199 2406 1377 2456 aliquot
1413 2412 1654 2445 matronas
1684 2407 1741 2446 ad
1773 2416 1958 2446 sacram

318 2479 658 2519 confessionem
679 2479 889 2530 patribus
909 2478 1083 2517 nostris
1106 2484 1347 2528 peractam
1369 2478 1572 2528 pellexit,
1597 2486 1640 2517 et
1673 2476 1953 2529 quatuorde—

318 2550 408 2589 cim
430 2561 681 2601 pauperes,
707 2549 913 2600 exceptis
943 2548 1134 2599 reliquis
1162 2548 1471 2599 eleemosynis
1493 2548 1693 2599 privatis
1718 2548 1956 2599 impensis,

322 2621 448 2660 fovet
478 2633 533 2660 ac
555 2621 722 2670 nutrit,
760 2620 815 2659 de
846 2618 1082 2659 Societate
1116 2625 1277 2658 nostra
1312 2620 1484 2669 optime
1512 2620 1652 2658 etiam
1689 2619 1869 2667 merita,
1911 2623 1957 2658 et

319 2702 499 2730 summo
520 2690 686 2730 affectu
704 2701 817 2741 erga
835 2701 920 2729 nos
937 2689 1163 2740 praedita.
1185 2688 1407 2740 Reliquae
1421 2696 1513 2729 tres
1532 2689 1712 2737 viduae,
1733 2689 1955 2729 orationi·

320 2762 405 2801 bus
430 2773 483 2800 ac
509 2762 596 2812 piis
620 2761 838 2811 operibus
868 2759 1065 2809 deditae,
1090 2771 1275 2799 sacram
1297 2760 1639 2799 confessionem
1671 2767 1810 2810 atque
1835 2771 1955 2799 com-

323 2832 589 2872 munionem
606 2832 765 2871 diebus
782 2831 999 2881 singulis,
1019 2830 1107 2870 nisi
1125 2830 1506 2881 impedimentum
1532 2831 1606 2881 pio
1631 2842 1791 2870 earum
1822 2829 1957 2870 affec-

322 2903 388 2942 tui
410 2903 582 2951 obstet,
607 2902 861 2941 observant
889 2912 981 2941 una
1004 2912 1109 2940 cum
1129 2901 1309 2952 priore:
1335 2913 1450 2952 quas
1472 2913 1582 2941 vere
1604 2901 1770 2941 viduas
1794 2901 1957 2941 merito

324 2973 673 3025 appellaverim.
