2080 3392
308 201 354 237 46
815 197 1043 234 LITTERAE
1069 203 1427 238 QUADRIMESTRES

308 296 589 346 ornatiores,
622 296 718 335 vita
747 294 963 334 meliores
991 291 1209 332 evadant.
1248 290 1318 330 De
1351 290 1527 341 reliquo
1558 289 1772 330 Christus
1799 288 1940 341 Jesus

308 379 393 408 nos
413 378 495 407 sua
517 367 671 418 gratia
691 365 938 416 opituletur
961 369 1099 414 atque
1121 361 1292 401 excitet
1314 361 1373 400 ad
1390 372 1444 400 ea
1462 360 1716 410 cogitanda
1738 366 1782 400 et
1802 371 1934 411 prae-

308 437 527 485 dicanda,
553 449 670 488 quae
692 447 804 476 suae
824 433 1053 474 voluntati
1080 438 1185 472 sunt
1212 431 1414 471 maxime
1447 436 1776 470 consentanea.
1802 429 1937 481 Quod

309 514 357 549 ut
382 517 454 558 tu,
483 508 538 547 R.
567 507 615 547 P.
646 505 790 557 (cujus
821 515 984 557 preces
1014 503 1114 543 Deo
1147 508 1311 554 gratas
1341 512 1443 541 esse
1474 506 1517 540 et
1547 501 1771 552 probatas
1805 506 1938 552 puta-

309 581 444 630 mus),
466 578 600 618 nobis
621 578 678 617 ab
700 577 776 617 illo
798 575 1066 627 suppliciter
1083 579 1236 625 petaS,
1259 583 1345 612 nos
1363 583 1389 611 a
1406 578 1449 611 te
1473 571 1718 622 diligenter
1736 571 1941 623 petimus

310 662 365 690 ac
385 651 690 701 postulamus.

386 719 670 768 Florentiae,
696 718 769 758 die
786 717 849 757 &a
871 716 1088 757 Octobris
1115 715 1229 754 1552.

389 791 441 831 Τ.
466 790 514 830 Ρ.
538 790 591 830 R.
615 789 834 840 indignus
855 788 996 837 filius,

1419 925 1516 965 LEo
1546 923 1719 964 LILms.

978 1351 1274 1407 CLXXIX

384 1583 430 1621 P.
452 1582 710 1621 Leonardus
730 1581 888 1619 Kessel

431 1649 551 1686 Patri
570 1647 738 1695 Ignatio
759 1646 811 1683 de
829 1645 1013 1692 Loyola.

480 1712 680 1759 Colonia,
701 1712 743 1748 31
766 1711 968 1749 Octobris
990 1709 1081 1748 1552
1099 1710 1126 1746 ¹.

1077 1969 1175 2010 IHS

396 2205 561 2246 Gratia
582 2210 625 2244 et
647 2215 739 2255 pax
760 2202 833 2242 X.i
861 2202 1049 2242 Domini
1070 2202 1128 2241 sit
1149 2211 1333 2251 semper
1355 2210 1459 2238 cum
1482 2196 1697 2237 omnibus
1713 2195 1861 2235 nobis.

394 2275 494 2316 Rfst
527 2276 573 2315 in
610 2274 693 2314 X.⁰
731 2273 802 2317 ΡΞ
847 2273 1111 2313 Secundum
1149 2269 1426 2311 laudabilem
1464 2273 1653 2308 nostrae
1698 2265 1948 2306 Societatis

317 2346 697 2386 consuetudinem
723 2345 782 2384 ad
810 2343 897 2383 Dei
925 2341 1253 2394 omnipotentis
1283 2340 1484 2391 gloriam
1511 2349 1708 2378 narrare
1739 2336 1948 2376 conabor

317 2430 434 2468 quae
455 2417 581 2457 Deus
602 2416 707 2467 Opt.
731 2415 854 2456 Max.
878 2415 967 2454 hoc
987 2425 1145 2454 mense
1168 2411 1384 2452 Octobris
1406 2409 1592 2461 operari
1614 2408 1835 2459 dignatus
1855 2414 1943 2447 est.

396 2488 551 2528 Primo
582 2488 722 2538 igitur
744 2487 798 2526 de
829 2485 1048 2526 studiosis
1078 2477 1449 2523 adolescentibus
1479 2480 1709 2529 dicemus,
1743 2478 1821 2530 qui
1849 2489 1943 2517 ma—

318 2570 410 2609 gno
432 2569 623 2598 numero
646 2558 732 2596 hoc
756 2568 913 2596 mense
940 2566 1026 2594 nos
1055 2558 1354 2594 accesserunt
1383 2562 1525 2591 causa
1558 2548 1844 2600 intelligendi
1872 2559 1941 2587 ra-

317 2629 489 2668 tionem
511 2628 706 2668 instituti
727 2627 837 2667 novi
858 2625 1054 2676 Collegii
1076 2623 1358 2673 Germanici3
1382 2622 1517 2661 liuius
1540 2621 1663 2660 enim
1679 2620 1801 2659 bona
1818 2618 1944 2658 fama

319 2710 400 2749 per
421 2705 565 2738 totam
587 2698 828 2738 Coloniam
850 2697 1128 2748 pervulgata
1159 2699 1249 2744 est3
1282 2704 1424 2745 quare
1456 2692 1666 2731 maxima
1695 2689 1829 2730 nobis
1858 2687 1944 2728 fuit

320 2770 474 2810 oblata
505 2769 691 2808 occasio
723 2766 1002 2807 admonendi
1033 2766 1322 2806 iuventutem
1352 2763 1407 2803 de
1437 2763 1536 2802 vita
1557 2768 1601 2802 et
1628 2760 1793 2801 studiis
1824 2758 1944 2799 ordi-

373 2952 382 2972 1
422 2951 508 2979 Tota
523 2951 748 2985 autographa,
764 2949 886 2982 duplici
903 2948 992 2982 solio,
1006 2949 1065 2976 sub
1079 2948 1131 2974 n.⁰
1148 2947 1215 2981 127;
1239 2947 1295 2974 sed
1317 2946 1426 2980 prima
1449 2944 1589 2972 alterius
1612 2943 1681 2970 folii
1696 2942 1822 2977 pagina
1836 2941 1945 2969 nitida

319 2999 451 3026 omnino
467 3002 529 3025 est.
