2080 3392
333 209 399 245 100
837 208 1063 245 LITTERAE
1089 219 1447 251 QUADRIMESTRES

327 305 494 355 crevit,
527 311 596 356 ut,
629 316 911 356 quamquam
940 304 1234 345 Christianae
1261 305 1508 356 probitatis
1536 318 1591 346 ac
1613 307 1885 358 modestiae,
1913 308 1959 347 in

327 376 439 427 ipsis
459 376 665 416 moribus
684 375 956 425 relucentis,
980 373 1102 415 iusta
1132 387 1187 415 ac
1219 388 1334 416 vera
1365 377 1581 427 opinione
1610 378 1743 418 nobis
1772 389 1955 429 semper

327 447 548 497 probatus
581 446 805 495 extiterit,
843 446 1076 485 hominem
1107 452 1263 486 tamen
1294 447 1491 487 alterum
1520 453 1600 487 aut
1631 455 1860 498 renatum,
1901 449 1962 488 ob*

327 518 507 568 insigne
529 517 826 568 perfectionis
847 517 1150 567 evangelicae
1172 517 1375 557 studium
1397 530 1452 558 ac
1472 518 1691 569 frequens
1714 519 1769 559 de
1797 520 1957 559 mundi

327 595 593 638 contemptu
615 600 669 627 ac
692 587 945 638 Religionis
967 589 1168 639 puritate
1190 589 1489 640 colloquium,
1519 597 1644 629 recte
1668 601 1886 640 censeas3
1910 597 1959 630 ut

326 658 460 698 facile
481 659 653 709 liqueat
674 658 879 698 animam
900 659 1058 710 ipsius,
1083 659 1229 699 divini
1249 660 1439 710 spiritus
1457 660 1592 700 suavi
1610 660 1788 710 afflatu,
1807 660 1958 711 Regni

326 730 621 780 mysterium,
659 729 933 779 prudentiae
973 730 1131 769 mundi
1173 731 1459 777 abstrusum,
1503 730 1698 770 feliciter
1744 731 1959 771 edoctum

326 811 442 839 esse.
466 799 554 839 Hic
585 811 868 850 quamquam
895 800 941 839 in
969 800 1082 851 ipsis
1110 801 1442 840 exercitiorum
1465 801 1684 852 auspiciis
1712 801 1963 841 Societatis

324 871 584 910 institutum
601 871 787 909 minime
809 870 895 910 sibi
916 872 1227 921 persuasisset
1249 904 1256 922 ,
1279 878 1409 911 tanta
1432 872 1730 911 nihilominus
1754 872 1960 912 animum

323 942 468 993 ipsius
507 948 695 980 nostrae
730 941 1079 981 consuetudinis
1114 942 1282 994 cupido
1317 948 1421 994 post
1456 943 1626 982 iustam
1663 943 1934 983 deliberatio

323 1024 429 1052 nem
455 1012 645 1051 incessit
672 1018 742 1061 ut,
773 1011 861 1051 nisi
889 1013 1185 1062 negotiorum
1215 1013 1458 1053 obstacula
1488 1013 1706 1053 desiderii
1737 1015 1959 1065 impetum

323 1090 560 1123 remorata
584 1082 798 1133 fuissent,
824 1082 916 1122 iam
937 1089 1097 1123 nostro
1129 1083 1379 1124 adiunctus
1409 1096 1603 1124 numero
1637 1091 1798 1136 optata
1826 1086 1956 1136 spiri-

325 1158 398 1192 tus
419 1164 534 1204 pace
557 1153 602 1192 in
624 1153 824 1192 Domino
846 1153 1091 1204 frueretur3
1113 1154 1254 1205 atqui,
1273 1154 1417 1194 libera
1439 1155 1698 1195 communis
1715 1156 1959 1195 nobiscum

325 1224 450 1263 vitae
472 1223 692 1263 facultate
723 1223 780 1262 ad
808 1230 990 1274 tempus
1018 1224 1060 1263 ei
1086 1230 1273 1275 negata,
1298 1237 1384 1264 nos
1404 1216 1690 1276 frequentat,
1725 1232 1823 1266 tum
1853 1238 1956 1266 con-

323 1295 559 1341 fessionis,
585 1301 681 1334 tum
710 1294 953 1334 familiaris
988 1306 1043 1334 ac
1072 1295 1295 1346 spiritalis
1323 1296 1541 1347 colloquii
1575 1297 1756 1347 gratia,
1791 1297 1954 1347 donec,

323 1378 349 1405 a
386 1366 586 1415 negotiis
622 1365 888 1416 expeditus,
928 1365 1098 1405 mundo
1126 1372 1297 1417 spreto,
1335 1378 1510 1406 novam
1541 1367 1714 1407 Christi
1744 1368 1960 1408 militiam

321 1437 483 1487 palam
506 1436 795 1486 profiteatur.

402 1506 620 1546 Proximo
642 1507 742 1546 loco
765 1507 985 1547 succedat
1018 1508 1134 1546 alter
1164 1507 1317 1547 Patris
1348 1509 1585 1559 alumnus,
1616 1509 1785 1559 prioris
1819 1510 1960 1550 colla-

324 1584 530 1627 ctaneus,
564 1578 660 1628 qui,
694 1589 935 1617 sacrorum
963 1578 1294 1618 exercitiorum
1315 1578 1603 1619 institutione
1634 1580 1779 1630 probe
1813 1580 1958 1621 imbu-

324 1654 418 1698 tus,
443 1648 637 1699 praevia
660 1649 999 1688 consultatione
1026 1649 1255 1699 legitima,
1290 1648 1537 1689 Societatis
1565 1655 1753 1690 nostrae
1780 1651 1954 1691 institu-

324 1724 441 1768 tum,
473 1719 659 1758 divinae
697 1719 959 1758 vocationis
992 1724 1119 1758 certo
1154 1719 1376 1770 impulsu,
1415 1721 1631 1771 amplecti
1666 1732 1849 1772 quoque
1880 1721 1957 1761 de-

325 1790 490 1829 crevit.
526 1790 614 1829 Vir
650 1801 822 1829 annum
851 1790 1132 1840 vigesimum
1164 1795 1346 1830 sextum
1383 1802 1550 1842 agens,
1589 1792 1687 1831 acri
1718 1791 1955 1843 praeditus

323 1861 510 1911 ingenio
533 1867 575 1899 et
598 1872 779 1899 sumnia
795 1859 1028 1909 facundia,
1054 1866 1349 1900 sacramenta
1368 1861 1674 1901 confessionis
1689 1868 1731 1901 et
1754 1874 1954 1902 commu-

323 1931 475 1971 nionis
496 1943 635 1981 supra
660 1942 832 1970 annum
853 1931 1084 1981 integrum
1111 1931 1353 1971 nobiscum
1381 1932 1700 1984 frequentans,
1726 1939 1792 1972 tot
1813 1933 1957 1973 animi

325 2008 368 2041 et
403 2002 614 2052 corporis
655 2002 837 2040 dotibus
868 2008 1087 2052 ornatus,
1126 2008 1174 2041 ut
1209 2001 1258 2041 P.
1289 2001 1500 2053 Baptista
1530 2002 1539 2020 ยน
1572 2014 1731 2042 coram
1766 2015 1838 2043 me
1876 2005 1956 2043 ali-

325 2074 511 2125 quando
551 2079 746 2112 testatus
781 2073 838 2112 sit
874 2084 923 2111 se
958 2072 1072 2112 adeo
1109 2074 1279 2113 alacris
1316 2074 1488 2123 ingenii
1525 2082 1568 2114 et
1603 2075 1776 2114 excelsi
1811 2075 1953 2115 animi

322 2144 477 2184 Virum
492 2144 574 2183 vix
590 2155 795 2194 unquam
812 2143 1127 2194 conspexisse.
1142 2143 1308 2183 Praxis
1325 2144 1474 2184 civilis
1491 2145 1731 2195 exercitiO,
1752 2146 1825 2185 cui
1841 2147 1951 2186 mul-

324 2215 382 2255 tis
404 2215 537 2254 annis
559 2215 732 2265 ingenii
755 2214 879 2253 vires
902 2214 1118 2265 intendit,
1143 2215 1287 2266 probe
1307 2215 1581 2265 instructus,
1612 2217 1743 2256 cuius
1770 2219 1950 2268 procul-

323 2285 460 2326 dubio
482 2286 622 2335 longa
645 2285 992 2335 observatione,
1016 2291 1212 2325 naturae
1234 2285 1280 2324 in
1298 2286 1398 2336 ipso
1421 2286 1551 2325 dotes
1569 2298 1623 2326 ac
1640 2287 1727 2327 Dei
1743 2288 1951 2338 gratuita

322 2357 544 2397 beneficia
574 2356 826 2395 illustriora
862 2367 915 2394 ac
951 2356 1230 2406 perfectiora
1267 2364 1540 2406 evaserunt,
1571 2363 1667 2397 tum
1696 2358 1754 2398 ad
1783 2359 1949 2398 vineae

322 2428 596 2468 Dominicae
618 2426 901 2466 excolendae
928 2426 1204 2466 industriam
1235 2427 1387 2477 aptior
1418 2429 1562 2468 multo
1593 2440 1647 2468 ac
1677 2429 1949 2479 prudentior

321 2499 528 2539 redditus
545 2504 628 2537 est.
648 2497 728 2536 Est
746 2497 881 2546 enim,
902 2497 1161 2536 communis
1179 2497 1335 2536 iudicii
1351 2498 1498 2537 nostri
1512 2499 1719 2549 arbitrio,
1741 2500 1799 2539 ad
1816 2511 1946 2550 prae-

322 2571 449 2609 clara
471 2569 766 2609 Christianae
796 2567 986 2607 militiae
1016 2573 1355 2618 stratagemata
1380 2575 1423 2608 et
1453 2569 1600 2609 ardua
1628 2570 1946 2621 Evangelicae

320 2639 621 2692 professionis
652 2638 801 2678 officia
830 2637 1199 2677 administranda
1232 2645 1370 2678 natus
1401 2646 1443 2679 et
1475 2639 1684 2680 idoneus.
1717 2640 1804 2680 Hic
1836 2653 1946 2681 non-

320 2711 428 2750 dum
449 2710 572 2760 apud
600 2721 686 2749 nos
715 2709 913 2758 habitat,
947 2709 1176 2748 bonorum
1204 2721 1393 2749 suorum
1421 2711 1640 2761 negotiis,
1676 2711 1944 2752 dilationem

318 2781 679 2833 postulantibus,
702 2779 977 2831 prohibitus.
1002 2779 1082 2818 Est
1105 2779 1228 2819 enim
1250 2780 1457 2820 honestis
1489 2788 1624 2821 natus
1653 2782 1940 2833 parentibus,

372 2963 382 2983 ยน
422 2963 457 2989 P.
474 2962 620 2995 joannes
635 2962 792 2996 Baptista
806 2960 917 2994 Viola,
934 2960 1000 2994 qui,
1016 2964 1094 2988 ante
1110 2960 1223 2988 Patris
1239 2961 1413 2989 Paschasii
1429 2963 1624 2997 adventum,
1640 2964 1764 2990 nostris
1775 2968 1937 2998 praeerat

316 3010 574 3046 parisiensibus.
