2080 3392
793 157 879 205 Aa
910 167 1001 205 1552
1675 169 1724 205 79

158 269 230 309 Ex
262 273 425 308 nostro
460 264 718 306 Gandiensi
745 265 977 317 Collegio‚
1006 264 1032 303 4
1059 263 1291 305 Calendas
1318 263 1572 317 Januarias
1604 264 1721 305 1553.

158 337 460 380 Paternitatis
479 343 587 376 tuae
607 347 775 377 servus
792 337 838 376 in
860 336 1047 377 Christo
1070 335 1439 388 indignissimus.

160 411 232 452 Ex
253 407 583 451 commissione
605 406 654 447 Ρ.
678 408 828 448 nostri
849 407 1072 448 Doctoris
1088 407 1345 458 Baptistae,

1242 548 1506 588 GOVIERNO.

161 765 385 805 Abscissa
419 764 635 804 maxima
659 766 802 815 parte
815 761 1055 814 postremi
1068 761 1210 812 folc'c'„
1232 762 1537 802 desideratur
1557 766 1725 813 super-

82 836 294 888 scrzptz'o.
339 834 662 875 Inveniuntur
699 837 857 874 tamen
890 833 1002 872 lzaec
1030 838 1187 884 pauca
1219 832 1316 873 alia
1346 845 1491 873 mann
1527 833 1728 884 scrzpta:

89 907 213 959 1553,
237 907 375 958 quad.
400 906 607 957 Gaudia,
630 905 825 958 Januar.
1699 895 1703 904 '

164 980 228 1019 Et
242 978 391 1030 paulo
407 977 641 1028 inferius:
661 976 889 1029 Januarii.

717 1406 1103 1461 CLXXXVII

162 1638 209 1674 P.
230 1637 425 1684 Joannes
446 1636 640 1674 Gamero

213 1703 335 1740 Patri
353 1702 523 1749 Ignatio
542 1702 595 1739 de
615 1701 800 1749 Loyola.

258 1768 486 1815 Valentia,
507 1767 554 1804 29
574 1767 834 1805 Decembris
856 1767 947 1804 1552
966 1767 991 1804 ¹.

866 2031 965 2072 IHS

172 2264 285 2316 Muy
305 2263 407 2304 R.d0
427 2263 573 2315 padre
595 2275 653 2304 en
673 2264 876 2304 Christo.
908 2263 1008 2304 Pax
1038 2264 1213 2305 Christi
1243 2265 1301 2305 sit
1331 2264 1379 2304 in
1406 2263 1624 2305 cordibus
1653 2275 1732 2302 no-

93 2336 203 2376 stris
224 2342 466 2387 perpetuo,

173 2406 264 2446 Por
285 2407 328 2446 la
351 2414 483 2446 carta
504 2406 560 2446 de
580 2407 650 2447 los
671 2414 839 2458 quatro
860 2419 1012 2448 meses
1032 2409 1238 2460 pasados
1269 2407 1282 2426 ²
1304 2408 1511 2448 hezimos
1539 2407 1674 2447 saber
1706 2409 1734 2447 ’έι

92 2478 209 2519 Vra.
246 2477 525 2529 paternidad
552 2481 685 2518 como
712 2479 754 2518 el
783 2479 929 2530 padre
957 2487 1163 2520 maestro
1191 2479 1428 2533 Jeronimo
1460 2477 1733 2518 Domenech

93 2561 142 2590 se
163 2549 315 2601 partio
336 2549 392 2590 de
415 2550 522 2600 aqui
551 2561 668 2601 para
695 2550 957 2591 Barcelona
989 2552 1160 2603 (segun
1189 2562 1278 2603 que
1304 2552 1348 2591 la
1379 2549 1653 2590 obediencia
1684 2560 1734 2588 se

92 2622 136 2661 lo
165 2621 420 2671 mandaba)
456 2624 484 2661 a
510 2621 667 2662 veinte
696 2634 728 2673 y
755 2628 923 2674 quatro
951 2623 1024 2663 del
1053 2634 1152 2663 mes
1179 2623 1236 2663 de
1263 2628 1452 2673 agost03
1483 2634 1513 2673 y
1541 2621 1661 2661 dexo
1694 2621 1737 2660 01

94 2703 239 2744 cargo
275 2695 302 2732 εἰ
330 2694 392 2732 mi
419 2691 556 2732 hasta
583 2705 671 2744 que
699 2699 820 2734 ntro.
851 2693 998 2745 padre
1026 2695 1068 2734 01
1096 2694 1258 2735 doctor
1288 2693 1446 2734 Araoz
1468 2693 1730 2745 proveiese.

94 2764 288 2804 Hizome
309 2763 512 2804 ordenar
532 2764 588 2804 de
610 2764 728 2805 misa
750 2765 951 2818 (porque
974 2765 1029 2806 de
1050 2765 1299 2817 evangelio
1332 2777 1393 2816 yo
1415 2776 1488 2804 me
1519 2764 1629 2804 avia
1662 2775 1735 2803 or—

147 2952 158 2972 ¹
197 2952 461 2986 Autographum
473 2952 506 2979 in
518 2953 584 2979 vol.
599 2951 715 2986 Epist.
733 2953 880 2985 mixtae,
894 2953 1054 2986 1551-52,
1069 2953 1193 2987 duplici
1210 2953 1240 2979 in
1256 2952 1347 2986 folio,
1363 2959 1394 2978 n.
1410 2951 1473 2979 231.

149 2999 162 3018 2
198 2998 285 3026 Vide
302 3007 416 3034 supra,
433 3003 456 3026 t.
472 3006 493 3033 1,
508 3006 586 3034 pag.
602 2999 663 3033 736,
680 3007 710 3027 n·
726 3006 838 3027 CLXVI.
