2080 3392
878 174 962 211 Ax.
993 174 1084 211 1554
1736 174 1805 211 639

162 274 247 319 est,
270 275 385 321 puta
417 269 616 321 haeresi,
642 281 884 310 revocare.
913 270 1010 311 Nec
1039 270 1229 311 omnino
1261 282 1454 323 operam
1481 269 1800 322 perdiderunt.

157 339 220 380 Ut
241 340 364 380 enim
385 352 408 380 e
430 341 586 381 multis
608 353 753 381 unum
774 347 854 381 aut
876 342 1074 382 alterum
1095 341 1331 393 proferam
1354 341 1687 393 testimonium,
1708 343 1801 394 qui-

157 410 266 451 dam
287 411 572 463 implacabili
594 412 699 453 odio
718 412 981 464 quemdam,
1007 413 1064 452 ob
1088 413 1290 453 amicum
1308 413 1620 464 interfectum,
1641 425 1797 465 prose-

161 493 321 533 quens,
342 494 448 523 cum
468 484 595 523 nulla
616 483 799 524 ratione
821 495 870 524 se
897 484 1184 525 exorabilem
1212 485 1472 536 praeberet,
1505 484 1696 525 tandem
1716 496 1796 524 no-

156 558 362 593 strorum
384 553 576 594 Patrum
593 554 861 595 interventu
882 560 926 595 et
947 554 1190 606 diligentia
1212 555 1427 595 effectum
1443 561 1513 596 est
1533 562 1583 596 ut
1603 556 1793 597 homici-

155 622 243 663 dae
278 622 358 674 illi,
390 624 484 664 iam
514 624 561 664 in
593 625 794 665 vinculis
830 614 1056 675 coniecto,
1092 637 1267 666 noxam
1303 637 1489 666 omnem
1523 627 1798 667 remitteret.

155 692 399 744 Quaedam
416 695 557 735 etiam
575 696 754 747 mulier,
776 695 961 736 cuidam
979 697 1178 748 hispano
1191 702 1352 748 nupta,
1372 709 1478 737 cum
1491 698 1648 738 multis
1666 698 1801 738 annis

154 764 238 804 sub
277 772 474 817 utraque
519 768 914 808 communicasset
949 768 1128 819 specie,
1167 780 1194 808 a
1233 767 1281 808 P.
1327 768 1516 809 Canisio
1552 769 1800 820 diligenter

151 835 393 876 admonita
427 843 471 876 et
498 836 554 877 de
584 837 672 878 fide
707 844 872 878 nostra
898 838 1082 889 plenius
1114 839 1281 878 edocta
1312 839 1502 879 tandem
1527 840 1723 891 resipuit
1753 846 1799 880 et

151 912 257 957 post
291 906 462 947 festum
491 909 732 959 paschatis
761 909 816 949 de
838 921 967 949 more
988 909 1230 949 Ecclesiae
1252 910 1633 950 communicavit.
1664 910 1800 951 Alius

152 989 266 1018 Vero
285 990 392 1018 cum
409 979 547 1019 simili
563 980 801 1021 laboraret
817 980 992 1031 morbo,
1010 992 1063 1020 eo
1081 980 1302 1021 reductus
1320 987 1390 1021 est
1408 993 1551 1033 opera
1563 981 1618 1022 R.
1632 981 1682 1023 P.
1703 982 1791 1023 Go-

151 1047 263 1088 dani
284 1055 333 1088 ut
361 1061 548 1090 sacram
571 1051 948 1091 communionem
979 1051 1063 1091 sub
1092 1051 1242 1091 altera
1272 1057 1455 1092 tantum
1484 1053 1640 1104 specie
1666 1065 1797 1094 more

148 1120 383 1161 catholico
406 1123 672 1173 sumpserit,
699 1122 933 1162 haeresim
960 1122 1274 1172 lutheranam,
1310 1123 1386 1162 cui
1415 1124 1557 1163 etiam
1587 1136 1614 1164 a
1645 1136 1791 1176 puero

152 1190 499 1232 addictissimus
534 1193 702 1243 fuerat,
739 1193 878 1244 plane
913 1193 1206 1233 abiuraverit
1240 1205 1527 1245 prorsusque
1562 1195 1792 1235 reiecerit.

149 1261 370 1302 Nonnulli
398 1264 540 1303 etiam
577 1264 775 1304 studiosi
810 1264 954 1304 libros
988 1264 1351 1308 haereticorum,
1383 1265 1550 1316 quibus
1586 1266 1797 1317 legendis

148 1332 245 1373 fere
267 1345 443 1384 omnes,
468 1335 586 1386 proh
608 1336 780 1386 dolori,
805 1336 999 1375 nimium
1021 1335 1094 1375 his
1112 1335 1159 1375 in
1178 1336 1391 1387 partibus
1423 1336 1565 1376 dediti
1589 1343 1712 1387 sunt,
1738 1338 1797 1378 ad
1861 1359 1871 1369 ·

147 1415 236 1444 nos
258 1406 533 1457 attulerunt3
565 1418 762 1458 quorum
789 1418 909 1446 unus
941 1407 1060 1447 miro
1089 1407 1260 1458 studio,
1293 1419 1388 1447 non
1419 1407 1557 1448 modo
1588 1408 1794 1460 seipsum

145 1477 229 1517 sed
250 1483 294 1517 et
315 1477 431 1517 alios
452 1478 542 1518 hac
569 1483 699 1529 peste
727 1478 927 1518 liberare
954 1479 1135 1528 volens,
1168 1489 1276 1518 cum
1305 1479 1581 1519 observaret
1610 1480 1649 1519 si
1680 1491 1796 1531 quos

145 1548 503 1588 lutheranorum
537 1549 679 1589 libros
715 1550 925 1601 legentes
963 1548 1358 1600 deprehenderet,
1401 1549 1591 1590 tandem
1623 1551 1795 1592 librum

145 1620 579 1671 pestilentissimum
622 1633 648 1660 a
688 1620 924 1661 nonnullis
964 1620 1194 1671 oblatum,
1238 1621 1412 1660 nostris
1458 1621 1672 1672 patribus
1707 1634 1794 1663 sua

143 1697 310 1742 sponte
328 1691 552 1731 exhibuit.
583 1691 685 1732 Hac
707 1690 893 1743 quidem
921 1691 977 1732 de
1006 1703 1152 1731 causa
1181 1703 1235 1731 eo
1264 1692 1417 1743 magis
1445 1692 1600 1743 gavisi
1631 1704 1794 1733 sumus

146 1762 272 1813 quod
295 1762 529 1803 'eiusmodi
566 1763 887 1814 exemplorum
923 1763 969 1802 in
1005 1769 1138 1803 tanta
1173 1763 1491 1803 studiosorum
1528 1765 1795 1816 corruptela

143 1838 276 1873 tanta
298 1834 356 1873 sit
378 1834 452 1873 hic
475 1834 662 1874 raritas.
698 1833 971 1874 Militiarum
1000 1833 1243 1885 praefecti,
1279 1834 1589 1885 alienigenae,
1623 1835 1794 1887 quique

142 1903 286 1955 Regis
308 1905 488 1944 curiam
509 1911 782 1956 sequuntur,
804 1905 915 1945 dum
936 1905 984 1945 in
1005 1905 1327 1956 aegritudines
1347 1905 1573 1956 incidunt,
1604 1906 1702 1946 fere
1727 1907 1787 1947 ad

144 1981 332 2015 nostros
371 1987 618 2016 recursum
652 1976 847 2027 habent;
885 1988 1085 2028 quorum
1119 1977 1350 2028 plurimis,
1389 1983 1487 2017 tum
1525 1984 1656 2028 peste
1692 1984 1793 2018 tum

139 2046 246 2086 aliis
269 2048 556 2098 contagiosis
578 2048 757 2088 morbis
779 2048 1023 2100 correptis,
1050 2048 1128 2088 diu
1150 2055 1385 2099 noctuque
1414 2055 1484 2088 est
1512 2048 1792 2090 inservitum

141 2124 185 2157 et
206 2118 254 2157 in
275 2118 528 2159 salutiferis
549 2119 877 2169 sacramentis,
909 2125 1005 2160 tam
1028 2119 1341 2160 confessionis
1371 2126 1415 2160 et
1444 2121 1793 2161 communionis

139 2200 282 2240 quam
308 2201 475 2230 sacrae
502 2191 736 2231 unctionis
768 2191 1193 2242 administrandae,
1229 2197 1299 2231 est
1328 2190 1638 2231 satisfactum.
1670 2190 1787 2232 Con-

139 2266 292 2300 tracta
327 2267 435 2301 sunt
468 2262 611 2302 etiam
646 2262 947 2302 matrimonia
982 2262 1297 2309 advenarum,
1338 2262 1415 2314 qui
1454 2262 1612 2302 multis
1652 2263 1789 2303 annis

139 2331 327 2371 foedum
348 2333 541 2372 mechae
562 2333 742 2373 crimen
765 2334 1139 2374 occultaverant.

218 2402 270 2442 In
292 2403 465 2443 scholis
492 2404 667 2444 nostris
697 2404 1016 2445 studiosorum
1044 2416 1268 2444 numerus
1300 2405 1346 2444 in
1376 2405 1474 2444 dies
1507 2411 1707 2457 augetur
1745 2412 1789 2446 et

140 2478 320 2513 tantam
346 2474 393 2513 in
429 2474 542 2525 ipsis
572 2487 756 2515 morum
782 2476 1091 2516 mutationem
1119 2475 1218 2515 fieri
1248 2476 1478 2527 videmus,
1511 2484 1562 2516 ut
1588 2489 1784 2528 prorsus

138 2556 233 2584 non
253 2544 394 2585 iidem
413 2556 517 2585 esse
539 2545 788 2586 videantur
810 2546 888 2598 qui
908 2547 1054 2598 prius.
1081 2546 1256 2587 Omnes
1278 2547 1366 2586 hac
1399 2546 1780 2598 quadragesima,

137 2628 230 2655 non
252 2617 403 2656 solum
427 2622 615 2667 praeter
645 2629 826 2657 morem
853 2617 935 2658 sed
965 2618 1057 2657 alio
1087 2618 1228 2657 etiam
1253 2629 1447 2669 prorsus
1472 2618 1610 2658 modo
1644 2630 1787 2670 quam

136 2693 290 2736 antea,
330 2687 455 2727 domi
480 2695 672 2728 nostrae
707 2694 815 2728 sunt
850 2688 1055 2728 confessi
1092 2699 1372 2739 sacramque
1409 2689 1786 2731 communionem

136 2769 310 2809 magna
331 2769 390 2798 ex
411 2765 544 2809 parte
566 2765 879 2810 sumpserunt.
904 2759 1111 2810 Pergunt
1136 2759 1278 2799 etiam
1308 2760 1441 2810 pueri
1463 2760 1597 2800 nobis
1624 2761 1783 2801 haere-

134 2829 254 2868 ticos
282 2829 439 2880 libros,
470 2830 509 2869 si
543 2841 660 2881 quos
694 2831 882 2881 habent,
920 2831 1140 2870 exhibere
1179 2831 1405 2882 nobisque
1437 2832 1782 2873 comburendos

131 2900 439 2940 committere.
463 2900 513 2941 Id
533 2900 687 2941 fecere
709 2908 867 2941 autem
887 2913 979 2941 non
1001 2901 1081 2941 filii
1110 2903 1261 2941 solum
1292 2902 1373 2941 sed
1397 2910 1440 2941 et
1470 2903 1783 2953 plurimorum

133 2978 368 3022 parentes,
395 2972 469 3023 qui
494 2984 576 3023 per
596 2983 769 3024 pueros
796 2973 931 3013 nobis
955 2972 1214 3024 significari
1236 2973 1395 3013 iubent
1418 2986 1467 3013 se
1497 2975 1618 3014 velle
1647 2965 1783 3026 quos-
