2080 3392
830 149 913 186 AN.
946 149 1037 187 1553
1704 153 1774 188 413

202 246 323 285 Hinc
346 246 499 286 visum
519 252 589 286 est
609 246 669 287 ad
696 247 927 298 primitias
954 247 1207 288 confratris
1234 249 1405 299 nostri,
1441 247 1489 288 Ρ.
1521 247 1647 288 Petri
1675 247 1772 300 Spi-

121 327 229 368 gae,
262 301 527 357 sermonem
557 317 766 367 flectere,
800 319 847 358 in
875 319 1039 370 quibus
1066 318 1189 359 idem
1218 319 1444 371 Magister
1473 325 1651 368 noster,
1681 319 1769 360 Ro-

119 399 259 427 mano
298 388 541 437 idiomate,
578 394 710 429 tanta
747 390 902 440 gratia
930 402 985 430 ac
1017 390 1207 441 spiritus
1238 390 1428 431 fervore
1461 391 1770 431 concionatus

119 465 189 498 est
212 458 267 498 de
288 459 386 498 vita
407 465 451 499 et
473 466 598 499 statu
619 460 1071 511 ecclesiasticorum,
1097 461 1163 501 uti
1185 461 1383 501 similem
1403 462 1462 501 ab
1496 473 1550 502 eo
1583 461 1631 501 in
1662 473 1767 502 con-

117 529 351 570 cionando
373 542 612 581 nunquam
632 530 861 582 prodiisse
882 531 1087 581 gratiam
1107 532 1276 582 ferunt3
1298 532 1373 572 cui
1391 533 1606 573 concioni
1628 533 1766 573 simul

118 606 162 640 et
182 601 496 652 primitiarum
517 601 749 642 sacrificio
771 603 928 653 plures
950 602 1204 642 interfuere
1229 610 1493 654 magnates,
1518 604 1767 654 Doctores,

117 678 256 723 atque
305 672 591 712 studentium
639 684 918 712 numerosus
963 680 1126 712 coetus
1147 706 1153 724 ,
1208 673 1356 713 adfuit
1397 681 1443 714 et
1483 675 1581 726 ipse
1621 674 1766 715 Rdus.

116 742 175 782 D.
203 743 525 783 Cancellarius
551 742 576 790 ¹,
601 744 871 783 muneribus
894 743 1017 793 (licet
1039 755 1135 783 non
1156 744 1393 794 admissis)
1416 757 1550 785 suam
1570 746 1769 786 benevo-

115 815 308 854 lentiam
329 814 644 854 ostendentes.

194 885 290 925 Nec
322 885 506 925 silentio
535 886 736 926 arbitror
768 886 1162 938 praetereundum
1197 887 1269 926 his
1300 893 1500 938 quatuor
1532 888 1768 928 mensibus

113 956 330 996 undecim
352 957 475 1008 apud
496 969 581 997 nos
603 957 887 1008 spiritualia,
910 969 1006 997 non
1027 958 1127 998 sine
1156 957 1312 998 fructu
1343 964 1387 998 et
1417 958 1563 998 animi
1591 970 1767 1010 magna

112 1028 458 1078 consolatione,
484 1028 744 1068 absolvisse
766 1029 1016 1079 exercitia,
1041 1028 1202 1069 decem
1225 1029 1497 1069 sacerdotes
1520 1035 1564 1069 et
1596 1030 1768 1070 studio-

110 1110 216 1139 sum
255 1099 504 1150 quemdam
540 1100 698 1140 multis
736 1112 763 1140 a
798 1099 1002 1140 Domino
1039 1100 1316 1140 decoratum
1355 1100 1505 1140 donis.
1547 1100 1644 1141 Nec
1683 1101 1769 1142 fuit

114 1181 254 1221 unus,
280 1171 358 1222 qui
378 1183 472 1210 non
494 1171 646 1211 obviis
668 1171 807 1222 (quod
838 1171 929 1212 dici
957 1171 1089 1221 solet)
1121 1171 1242 1211 ulnis
1271 1178 1487 1211 nostram
1520 1172 1768 1223 amplecte-

110 1250 240 1282 retur
261 1241 565 1292 Societatem3
589 1243 721 1294 sequi
741 1254 857 1300 vero
881 1242 1097 1282 omnibus
1119 1248 1339 1294 suscepta
1360 1248 1513 1282 status
1535 1254 1630 1282 non
1661 1255 1764 1295 per-

111 1313 252 1353 mittit
270 1313 491 1353 conditio.
513 1313 633 1353 Nam
649 1301 976 1365 praeter'illos,
997 1325 1112 1365 quos
1134 1313 1457 1365 superioribus
1475 1314 1637 1354 diebus
1656 1326 1764 1354 cum

110 1383 337 1424 fratribus
359 1384 419 1425 ad
439 1384 498 1424 V.
523 1384 576 1425 R.
602 1384 650 1425 Ρ.
676 1385 909 1436 misimus,
933 1385 1019 1425 fuit
1051 1385 1242 1437 quidam
1273 1385 1558 1426 venerabilis
1589 1397 1645 1426 ac
1674 1386 1764 1425 sin-

111 1456 266 1506 gulari
293 1456 467 1507 pietate
501 1456 701 1507 insignis
729 1456 890 1497 Abbas
916 1456 1145 1496 Liciensis
1172 1455 1207 1507 2,
1239 1455 1370 1507 cujus
1402 1457 1648 1507 praeclara
1681 1469 1763 1508 per

111 1527 385 1568 universam
415 1527 452 1567 F
457 1528 689 1568 landriam
720 1527 846 1568 fama
878 1528 1086 1568 omnium
1113 1528 1370 1580 praeconio
1403 1528 1602 1569 celebris
1629 1528 1767 1569 habe-

111 1604 201 1649 tur,
225 1597 436 1650 Reginae
459 1599 506 1639 in
526 1599 848 1650 spiritualibus
870 1599 1285 1639 constitutionibus
1314 1599 1428 1650 (sic)
1456 1600 1709 1650 praecipue
1741 1613 1767 1640 a

111 1670 328 1719 secretis,
363 1671 442 1722 qui
477 1682 583 1710 curn
619 1671 822 1722 quinque
858 1671 1044 1711 selectis
1076 1671 1148 1711 sui
1181 1671 1396 1711 coenobii
1432 1671 1687 1722 religiosis,
1717 1678 1767 1711 ut

111 1747 243 1792 puta,
269 1741 454 1792 Priore,
480 1741 820 1793 procuratore,
844 1742 1077 1793 Magistro
1101 1742 1410 1791 studentium,
1441 1749 1554 1793 etc.,
1584 1743 1679 1782 bini
1710 1755 1765 1783 ac

111 1811 220 1862 bini,
245 1813 515 1853 successive
538 1813 597 1854 ad
616 1825 702 1853 nos
723 1813 988 1863 venientes,
1014 1813 1242 1853 exercitia
1262 1813 1496 1864 fecerunt,
1520 1813 1567 1853 in
1598 1813 1766 1865 quibus

110 1884 279 1923 miram
301 1884 491 1935 spiritus
512 1884 771 1924 hauserunt
794 1885 1115 1935 cognitionem
1136 1917 1143 1935 ,
1169 1890 1232 1934 et,
1257 1884 1347 1924 nisi
1368 1884 1477 1935 (sic)
1499 1896 1582 1936 per
1602 1889 1764 1924 votum

110 1955 348 2006 integrum
381 1956 447 1995 eis
482 1955 627 2006 foret,
666 1956 765 2007 ipse
807 1956 971 1996 Abbas
1012 1967 1121 1996 cum
1161 1956 1377 1996 omnibus
1416 1956 1512 1996 suis
1551 1961 1763 1996 nostram

109 2026 231 2066 nude
253 2033 448 2078 paratus
469 2033 593 2067 esset
617 2028 753 2078 sequi
776 2026 1076 2067 Societatem.
1101 2027 1298 2076 Verum,
1322 2027 1370 2067 in
1391 2039 1441 2067 se
1463 2026 1586 2078 quod
1606 2027 1763 2067 facere

108 2098 290 2149 nequit,
315 2098 362 2138 in
383 2098 487 2138 aliis
507 2098 553 2138 id
575 2110 624 2138 se
647 2098 884 2139 facturum
907 2099 1108 2150 cogitat,
1135 2099 1214 2150 qui
1234 2110 1328 2138 non
1358 2098 1606 2150 religiosos
1635 2098 1762 2138 dum-

106 2174 241 2208 taxat
271 2169 353 2210 sed
386 2176 430 2209 et
460 2170 603 2209 totius
631 2170 812 2221 patriae
839 2170 1112 2210 sacerdotes
1142 2170 1412 2210 saeculares
1440 2169 1500 2210 ad
1531 2169 1760 2210 exercitia

106 2239 291 2280 mittere
311 2241 514 2281 molitur.
538 2241 695 2282 Unum
716 2240 729 2259 ⁵
747 2241 844 2293 jam
865 2242 1011 2293 misit,
1036 2241 1134 2293 qui,
1158 2241 1356 2281 feliciter
1378 2241 1604 2281 absolutis
1631 2253 1759 2281 exer-

106 2311 244 2359 citiis,
269 2323 371 2351 sese
392 2317 541 2352 toturn
563 2312 623 2352 V.
647 2312 697 2352 Ρ.
723 2312 1018 2353 obedientiae
1040 2312 1319 2367 resignavit.

187 2381 449 2422 Nonnullae
485 2395 689 2435 quoque,
727 2390 825 2424 tum
857 2384 1057 2434 nobiles,
1093 2390 1191 2424 tum
1221 2383 1494 2434 religiosae,
1525 2383 1758 2423 foeminae

104 2454 303 2494 multum
319 2461 544 2506 cuperent
565 2466 614 2494 se
635 2454 767 2495 hisce
788 2467 1010 2496 exercere
1028 2455 1281 2505 exercitiis,
1303 2455 1342 2494 si
1358 2466 1442 2506 per
1459 2454 1607 2494 otium
1625 2455 1761 2495 nobis

104 2524 280 2565 liceret.
314 2524 472 2576 Nuper
500 2537 674 2577 magno
706 2526 936 2566 desiderio
969 2532 1013 2566 et
1041 2527 1186 2566 literis
1218 2526 1528 2578 precibusque
1557 2532 1758 2566 vocatus

105 2594 245 2636 Pater
266 2596 323 2636 ab
344 2596 489 2636 Illma.
515 2596 718 2637 Domina
739 2597 776 2637 F
780 2598 922 2637 oresti
943 2597 1221 2648 Abbatissa,
1246 2603 1429 2637 tantum
1450 2608 1534 2648 per
1569 2597 1753 2637 concio-

104 2679 210 2707 nem
230 2667 328 2708 fere
348 2668 570 2718 omnium,
594 2674 692 2708 tam
708 2669 1023 2719 sacerdotum,
1044 2680 1185 2720 quam
1206 2668 1503 2709 dominarum
1523 2700 1531 2719 ,
1551 2679 1755 2709 commo-

168 2875 178 2895 ¹
219 2875 378 2903 Ruardus
394 2876 541 2911 Tapper.
798 2896 800 2901 .

159 2923 173 2943 2
209 2923 403 2951 Ludovicus
418 2924 562 2957 Blosius,
579 2925 619 2951 de
635 2932 698 2959 quo
714 2925 792 2952 vide
808 2925 976 2956 POLANCI.
995 2923 1128 2957 Chron„
1142 2928 1164 2950 t.
1177 2930 1225 2957 111,
1242 2930 1320 2957 pag.
1337 2923 1399 2958 278,
1417 2927 1485 2950 not.
1502 2924 1531 2950 2.

161 2968 174 2989 5
213 2971 298 2999 Vide
314 2971 482 3005 PotANco,
500 2971 704 3005 Clzronz'con,
721 2976 742 3000 t.
758 2979 807 3006 111,
825 2980 902 3007 pag.
916 2972 979 2999 278.
