2080 3392
854 193 935 229 AN.
968 192 1059 229 1553
1705 191 1774 228 217

886 644 1034 698 CCX

202 874 251 912 P.
275 874 526 922 Cyprianus
546 875 716 912 Suarez

250 939 372 977 Patri
390 940 560 987 Ignatio
581 940 632 977 de
655 941 840 988 Loyola.

297 1005 578 1053 Ulyssipona,
600 1005 646 1043 25
663 1005 831 1054 Aprilis
852 1006 944 1043 1553
964 1007 988 1043 ³.

896 1251 995 1328 11'515

208 1500 307 1541 Pax
338 1500 531 1542 Domini
558 1503 708 1543 nostri
738 1503 976 1545 Iesucristi
1007 1502 1066 1544 sit
1098 1515 1283 1555 semper
1310 1504 1357 1545 in
1386 1503 1555 1544 animis
1582 1503 1770 1544 nostris.

128 1572 299 1612 Amen.

208 1644 265 1684 Et
285 1643 339 1684 R.
364 1643 413 1684 Ρ.
433 1644 628 1686 Mironis
650 1652 694 1686 et
714 1652 810 1695 tua,
833 1646 974 1687 Pater
995 1647 1152 1687 animo
1174 1659 1278 1688 meo
1300 1647 1590 1697 charissime,
1611 1647 1773 1686 volun-

129 1720 202 1755 tas
236 1715 348 1756 mihi
384 1717 573 1767 cognita
608 1717 790 1768 flagitat
824 1724 873 1758 ut
909 1718 964 1758 de
1002 1719 1241 1768 omnibus,
1281 1730 1400 1770 quae
1435 1725 1648 1758 nostrum
1682 1718 1774 1757 hoc

126 1798 302 1827 novum
322 1789 623 1839 gymnasium
642 1795 875 1841 spectant,
900 1790 1148 1841 diligenter
1171 1790 1389 1830 scribam.
1417 1790 1571 1841 Atque
1593 1789 1773 1829 utinam

182 1973 193 1992 ¹
233 1973 345 2000 Terna
360 1973 455 2000 nobis
471 1980 552 2007 prae
569 1973 723 2000 manibus
739 1977 816 2000 sunt
833 1973 956 2001 harum
975 1974 1171 2001 litterarum
1196 1975 1362 2008 exempla.
1379 1973 1546 2006 Primum,
1572 1973 1604 2000 in
1623 1973 1702 2000 folio
1718 1972 1775 1999 du-

124 2021 218 2055 plici,
233 2029 287 2048 nn.
302 2021 355 2048 616
370 2025 403 2048 et
418 2021 481 2053 617,
498 2021 586 2055 quod
601 2021 740 2048 videtur
755 2021 1004 2055 autograhum,
1021 2022 1080 2049 sed
1095 2022 1349 2056 imperfectum;
1373 2022 1588 2048 desideratur
1604 2022 1692 2048 enim
1708 2025 1775 2048 ter-

129 2069 212 2096 tium
227 2069 355 2101 folium,
373 2070 404 2096 in
421 2077 484 2103 quo
501 2073 601 2096 erant
618 2073 773 2096 extrema
789 2069 958 2103 epistolae
975 2070 1102 2103 verba,
1127 2070 1332 2103 subscriptio
1350 2073 1383 2096 et
1398 2069 1658 2103 superscriptio.
1677 2069 1773 2096 Alte-

126 2123 210 2150 rum,
228 2122 322 2145 certo
339 2117 589 2151 apographum,
607 2117 641 2144 in
656 2117 736 2144 folio
751 2117 833 2144 item
847 2118 985 2151 duplici,
1001 2125 1056 2144 nn.
1071 2118 1124 2145 594
1141 2122 1173 2145 et
1186 2118 1248 2151 595,
1271 2118 1325 2145 cui
1343 2118 1376 2145 in
1398 2120 1523 2152 quarta
1540 2117 1667 2151 pagina
1687 2117 1773 2144 haec

127 2164 361 2198 superscripta
376 2168 470 2191 sunt:
487 2164 585 2191 1553.
600 2163 713 2197 Qnad.
728 2164 806 2191 sine
818 2164 1171 2192 loca—Conimbrz'ce.
1186 2165 1350 2195 Tertium.
1365 2164 1512 2192 secundo
1525 2164 1644 2195 simile,
1655 2171 1710 2191 nn.
1721 2164 1774 2191 615

131 2214 165 2237 et
179 2211 240 2243 618,
257 2212 309 2238 cui
327 2211 433 2238 etiam
455 2211 523 2238 alia
544 2219 645 2238 manu
660 2211 929 2245 superscriptum
946 2216 1018 2239 est:
1040 2212 1154 2246 taad.
1172 2212 1340 2246 Conz'mb„
1364 2212 1463 2241 1553.
1487 2213 1524 2240 In
1544 2213 1635 2240 nullo
1657 2220 1773 2239 eorum

125 2258 298 2292 reperitur
313 2267 435 2286 nomen
450 2259 524 2293 loci,
540 2259 572 2286 in
588 2266 650 2293 quo
666 2259 768 2286 datae
784 2259 923 2286 litterae
944 2260 1056 2294 fuere,
1072 2268 1133 2287 nec
1149 2268 1270 2287 nomen
1286 2261 1438 2288 auctoris
1454 2261 1771 2295 subsc1·iptum‚nec

128 2306 269 2340 denique
281 2307 536 2341 superscriptio.

179 2353 309 2381 Verum
325 2355 368 2381 l.0
384 2355 639 2389 autographum
652 2355 797 2389 primum
812 2364 886 2383 esse
902 2356 976 2384 ideo
992 2356 1204 2384 arbitramur
1218 2357 1305 2391 quod
1328 2358 1360 2384 in
1380 2365 1418 2384 eo
1442 2357 1475 2384 id
1501 2360 1664 2384 cernatur
1679 2356 1767 2391 quod

124 2405 260 2429 tantum
283 2403 314 2429 in
336 2403 388 2430 his
409 2403 536 2430 nostris
554 2403 781 2438 autographis
803 2408 854 2431 est
875 2404 1039 2438 reperire.
1065 2405 1258 2432 cancellata
1278 2405 1425 2437 scilicet,
1447 2412 1487 2431 ne
1513 2405 1765 2436 exscribantur,

125 2450 292 2483 quaedam
305 2451 424 2481 verba.
440 2450 541 2477 immo
556 2454 589 2477 et
606 2451 760 2485 integras
772 2452 938 2486 periodOS,
956 2459 1041 2486 quae
1058 2452 1296 2479 desiderantur
1308 2453 1448 2487 proinde
1463 2452 1496 2479 in
1509 2457 1603 2479 certo
1618 2459 1750 2486 apogra
1762 2467 1770 2471 -

123 2496 198 2531 phis
221 2498 366 2525 secundo
388 2502 421 2525 et
443 2497 638 2525 tertia—20
654 2499 810 2532 quamvis
831 2499 1037 2534 apographa
1058 2499 1144 2527 haec
1167 2500 1231 2527 duo
1255 2507 1375 2527 nomen
1392 2500 1634 2527 conimbricae
1649 2507 1768 2534 super-

126 2545 291 2579 scriptum
314 2545 476 2579 habeant,
507 2550 640 2573 eertum
669 2546 808 2574 videtur
834 2547 973 2574 litteras
997 2555 1062 2574 non
1087 2546 1323 2574 Conimbricae
1349 2547 1406 2574 sed
1435 2547 1639 2582 Ulyssipone
1668 2547 1771 2574 datas

125 2591 239 2626 fuisse;
262 2596 367 2627 agunt
383 2594 470 2620 enim
487 2593 722 2620 tantummodo
739 2594 778 2620 de
798 2595 900 2621 rebus
923 2594 1289 2630 Ulyssipponensibus,
1307 2599 1339 2622 et
1355 2595 1394 2621 de
1411 2595 1447 2621 P.
1465 2594 1603 2622 Urbano
1619 2594 1769 2622 Fernan-

126 2638 185 2666 dez
201 2640 296 2667 aiunt
311 2640 410 2668 ”huic
431 2640 689 2675 Ulyssiponensi
712 2640 864 2676 Collegio
886 2642 1163 2676 p1·aee1·at„.—3.⁰
1184 2643 1359 2670 indubium
1380 2646 1431 2669 est
1454 2649 1573 2669 earum
1594 2646 1771 2669 auctorem

123 2694 199 2714 esse
219 2687 427 2723 Cyprianum
444 2688 581 2720 Suarez;
598 2688 726 2715 habent
742 2689 831 2716 enim
850 2689 988 2717 litterae
1004 2690 1100 2717 haec:
1120 2690 1176 2717 “R.
1194 2690 1230 2716 P.
1246 2689 1446 2717 Emmanuel
1463 2690 1614 2717 Alvarez
1632 2697 1768 2716 mecum

127 2733 321 2762 Conimbria
336 2736 514 2770 profectus
529 2740 581 2763 est
604 2740 728 2763 octavo
751 2737 913 2764 calendas
935 2737 1135 2771 Februarii,
1159 2738 1213 2772 qui
1236 2738 1309 2765 dies
1324 2738 1364 2764 D.
1386 2737 1484 2764 Pauli
1489 2757 1538 2771 .....
1551 2759 1556 2771 ,
1578 2738 1699 2772 quibus
1720 2745 1771 2764 re-

126 2782 290 2815 spondent
305 2783 390 2810 haec
405 2783 563 2811 Polanci:
582 2783 652 2810 “Ad
670 2783 891 2818 aperiendam
907 2786 1061 2813 scholam
1076 2786 1302 2821 Ulyssiponae
1320 2785 1457 2812 evocati
1482 2785 1618 2812 fuerunt
1639 2784 1770 2812 Conim-

125 2828 201 2856 bria
214 2830 251 2857 P.
268 2830 468 2865 Cyprianus
484 2831 620 2858 Suarez
637 2835 671 2858 et
687 2831 722 2858 P.
740 2832 942 2860 Emmanuel
959 2834 1125 2868 Aluarez,
1143 2834 1198 2868 qui
1214 2833 1382 2868 vigesima
1399 2834 1516 2867 quinta
1532 2833 1583 2860 die
1600 2833 1754 2866 Januarii

126 2875 166 2902 D.
177 2876 272 2904 Pauli
288 2879 501 2906 conversioni
515 2886 688 2912 sacra.....„
705 2879 839 2914 Clzron.,
854 2884 876 2908 t.
893 2887 942 2914 111,
956 2889 1035 2915 pag.
1050 2881 1113 2915 394,
1127 2889 1158 2908 n.
1171 2880 1319 2908 863.-4.0
1337 2881 1475 2908 tandem
1489 2889 1557 2908 vox
1572 2881 1631 2908 illa
1646 2881 1770 2908 Pater-

126 2923 224 2950 nitas
238 2930 441 2959 argumento
454 2930 506 2953 est
521 2927 660 2954 litteras
675 2927 718 2954 ad
730 2926 763 2954 S.
778 2927 952 2961 Ignatium
963 2936 1036 2955 esse
1052 2929 1162 2956 datas.

179 2970 288 3003 Quae.
307 2973 339 2999 in
354 2973 569 3008 autographo
586 2974 794 3009 cancellata,
811 2975 843 3002 in
859 2976 1068 3010 apographis
1083 2976 1333 3010 desiderantur,
1355 2975 1498 3010 italicis,
1514 2980 1550 3003 ut
1566 2979 1682 3003 noster
1697 2984 1768 3003 mos

124 3021 187 3047 est.
202 3017 256 3046 hic
273 3019 514 3048 describemus.
