2080 3392
854 163 1062 223 ssiN.‘1553
1709 189 1776 225 175

880 640 1028 694 CIII

200 873 465 910 Franciscus
484 874 674 915 Eordon.

245 937 315 975 Ex
333 938 655 976 commissione
678 939 821 976 Patris
842 939 1052 977 Caesaris
1073 940 1315 986 Aversani‚

294 1003 416 1041 Patri
434 1003 604 1051 Ignatio
624 1004 678 1042 de
698 1004 883 1053 Loyola.

341 1069 521 1115 Mutina,
545 1070 585 1106 11
606 1070 839 1107 Februarii
861 1070 952 1108 1553
972 1071 998 1106 ¹.

900 1279 998 1321 IHS

206 1491 368 1532 Gratia
393 1499 437 1532 et
458 1505 553 1544 pax
576 1479 750 1534 Christi
772 1495 875 1534 Iesu
898 1495 955 1534 sit
978 1506 1161 1546 semper
1185 1495 1231 1534 in
1253 1495 1402 1534 nobis.
1428 1494 1595 1534 Arnen.

194 1591 199 1595 -
205 1564 439 1615 Quoniam
461 1564 603 1604 missi
619 1577 791 1605 snmus
807 1578 835 1605 a
852 1570 913 1613 te,
923 1571 1159 1617 perquam
1177 1566 1472 1605 observande
1489 1564 1537 1605 in
1566 1565 1644 1604 X.⁰
1669 1565 1771 1614 Py,

118 1635 187 1673 vaa'
213 1634 395 1675 Cliristi
410 1636 609 1675 Domini
626 1636 814 1676 vineam
835 1636 1146 1677 excolendam
1167 1650 1231 1676 ex
1251 1648 1395 1687 eaque
1410 1636 1769 1688 percipiendum

123 1705 338 1754 fractum
353 1712 446 1758 pro
468 1707 652 1747 viribus
673 1708 729 1747 ab
750 1709 908 1748 eodem
931 1708 1064 1748 nobis
1085 1708 1214 1748 datis
1224 1718 1242 1757 ,·
1264 1712 1365 1747 tum
1387 1719 1524 1758 vero,
1546 1707 1769 1759 quoniam

124 1777 260 1816 adest
280 1781 484 1829 tempus,
504 1778 553 1818 in
575 1790 664 1830 qao
695 1779 822 1819 soles
848 1779 1083 1819 rationem
1113 1779 1313 1829 exigere
1333 1779 1537 1829 fructas
1558 1778 1775 1830 percepti

124 1851 168 1888 et
188 1849 432 1899 reconditi,
458 1853 510 1889 nt
531 1850 841 1902 exploratum
863 1851 1035 1890 habeas
1065 1862 1154 1902 qno
1177 1855 1321 1902 pacto
1350 1851 1461 1890 sese
1473 1854 1652 1901 gerant
1668 1850 1775 1902 filii

124 1919 200 1959 tui
214 1931 268 1959 ac
288 1931 377 1960 sna
398 1932 447 1960 se
462 1925 714 1972 praestent
735 1922 915 1973 dignos
935 1922 1196 1962 vocatione.
1220 1922 1323 1961 Nos
1351 1933 1551 1973 qnoque)
1578 1926 1632 1962 nt
1663 1933 1770 1961 san-

125 1994 223 2030 ctae
243 1991 529 2031 obedientiae
550 1993 933 2043 satisfaciamus,
955 1993 1034 2032 citi
1051 2004 1140 2033 nos
1167 1993 1221 2033 ob
1255 1993 1436 2033 Clzristi
1458 2004 1667 2033 amorem
1698 1993 1770 2032 de-

124 2061 297 2108 dinms,
319 2074 373 2102 ac
394 2074 484 2113 qno
506 2064 669 2114 magis
690 2064 988 2104 declaremus
1004 2065 1098 2104 Dei
1110 2064 1471 2115 bem‘gnitatem‚
1488 2064 1573 2116 qai
1577 2064 1770 2116 patitur

124 2133 198 2173 uti
214 2139 358 2186 opera
378 2134 622 2175 inutilium
644 2147 916 2185 servornm,
938 2135 1106 2188 quales
1122 2147 1212 2176 nos
1228 2148 1416 2186 sumus,
1433 2136 1641 2176 breviter
1658 2136 1768 2176 seri-

124 2204 246 2255 bam,
271 2217 390 2257 quae
411 2205 540 2246 Deus
561 2207 712 2257 egerit
733 2219 817 2259 per
846 2219 934 2247 nos
963 2208 1035 2248 his
1064 2208 1211 2248 tribus
1239 2207 1493 2256 mensibus,
1517 2214 1769 2259 postquam

124 2276 172 2316 in
191 2277 314 2317 hanc
337 2277 500 2317 urbem
521 2279 825 2329 pervenimus
848 2286 892 2319 et
913 2279 1050 2319 huius
1080 2279 1277 2331 Collegii
1305 2279 1557 2321 Societatis
1578 2285 1768 2320 nostrae

122 2347 317 2388 ieeirnus
346 2347 664 2395 fundamenta,
696 2354 749 2390 itt
780 2361 942 2390 omnes
963 2351 1159 2401 fratres
1190 2351 1235 2390 ei
1264 2351 1460 2401 gratias
1495 2354 1650 2402 agant
1673 2355 1767 2401 pro

116 2419 274 2459 tantis
294 2420 524 2471 beneficiis
547 2432 601 2460 ac
621 2421 833 2461 eamdem
849 2421 1089 2473 supplices
1099 2428 1193 2473 pro
1212 2422 1396 2462 nostris
1413 2422 1769 2473 assensionibus

117 2489 261 2540 (quae
281 2491 466 2541 quidem
487 2491 665 2532 multae
685 2496 728 2532 et
747 2504 956 2543 magnae
976 2493 1114 2544 sant)
1131 2498 1404 2545 precentur.
1435 2494 1660 2533 Primum
1681 2493 1768 2533 ita-

122 2571 210 2611 que
229 2562 430 2601 scribam
452 2562 508 2601 de
529 2563 574 2602 F
574 2563 788 2603 ratribus
809 2564 1010 2615 nostris,
1028 2576 1121 2616 qna
1143 2565 1330 2604 ratione
1357 2568 1400 2603 et
1422 2563 1618 2604 consilio
1632 2597 1643 2614 ,
1665 2568 1767 2604 tam

122 2643 243 2682 erga
263 2644 313 2672 se
333 2637 434 2672 tam
451 2645 573 2683 erga
590 2634 636 2672 F
636 2638 814 2684 ratres,
832 2639 933 2675 tum
950 2647 1071 2686 erga
1084 2636 1344 2687 proximos
1361 2635 1409 2674 in
1427 2636 1767 2675 consuetudine

123 2714 172 2742 se
187 2708 382 2754 gerant:
403 2704 568 2744 deinde
588 2705 741 2745 dicam
761 2707 816 2745 de
836 2706 949 2746 Indo
972 2707 1210 2757 literaria,
1232 2707 1318 2746 Iioc
1337 2710 1408 2746 est
1431 2711 1642 2757 quantas
1653 2707 1766 2757 frn-

179 2861 187 2881 ¹
228 2862 479 2898 Autographae
504 2866 642 2893 litterae
660 2866 691 2892 in
715 2867 929 2901 quadruplici
946 2868 1036 2902 solio,
1053 2876 1105 2895 nn.
1120 2868 1164 2902 89,
1180 2868 1214 2894 90
1230 2871 1262 2894 et
1276 2866 1328 2901 91,
1351 2871 1475 2900 quarto
1490 2875 1556 2895 non
1573 2874 1767 2903 numerato,

124 2909 203 2943 quia
219 2910 251 2936 in
266 2910 338 2944 ejus
352 2911 463 2945 prima
479 2914 606 2947 pagina
622 2914 706 2940 nihil
722 2918 773 2941 est
788 2915 972 2949 scriptum,
997 2916 1030 2942 in
1046 2917 1159 2942 altera
1174 2922 1258 2941 vero
1274 2918 1407 2941 tantum
1423 2916 1680 2950 superscriptio.
1696 2916 1766 2943 Eas

119 2957 312 2991 *castigavit
328 2957 512 2993 Polancus,
528 2961 627 2994 plura
643 2961 760 2988 delens
776 2966 809 2989 et
825 2963 940 2996 aliqua
958 2963 1147 2989 deletorum
1163 2963 1236 2989 loco
1252 2962 1493 2990 substituenda
1508 2963 1648 2997 propria
1665 2971 1763 2991 manu

123 3004 286 3031 scribens.
303 3004 394 3037 Quae
410 3006 537 3034 delevit
550 3008 617 3039 ille,
633 3016 694 3036 nos
707 3009 761 3036 hic
777 3010 913 3043 italicis,
929 3014 965 3037 ut
979 3011 1076 3042 alias,
1095 3009 1222 3036 litteris
1238 3009 1479 3037 describemuS.
