2080 3392
834 168 916 205 AN.
948 166 1041 205 1553
1689 165 1762 203 289

115 267 260 307 sionis
281 279 336 307 ac
356 267 530 307 funesti
551 267 720 307 ominis
740 267 971 307 rationem
993 264 1263 314 reddiderit,
1289 275 1431 315 quam
1453 262 1591 314 quod,
1616 273 1758 313 quum

115 345 255 379 antea
286 338 458 378 divinis
487 338 886 378 consolationibus
914 349 968 377 ac
1005 336 1301 377 sensibilibus
1336 333 1615 386 quibusdam
1643 344 1758 384 erga

114 409 267 451 Deum
294 410 537 450 affectibus
563 409 831 460 frequenter
853 409 974 449 inter
1002 408 1233 448 orandum
1261 406 1460 446 excitari
1489 404 1759 445 consuevis-

115 488 199 533 set,
238 493 361 522 nunc
389 494 412 521 e
440 492 672 521 converso
703 480 1038 521 consolationis
1062 479 1327 530 privatione
1355 489 1412 517 ac
1447 476 1638 528 spiritus
1669 481 1756 515 tor-

113 553 224 606 pida
253 552 529 593 remissione
559 552 860 603 affligeretur:
894 563 949 590 ac
977 549 1172 602 proinde
1205 562 1254 589 se
1285 560 1312 588 a
1339 548 1440 588 Deo
1469 548 1680 588 relictam
1702 558 1760 586 ac

113 624 430 677 reprobatam,
455 624 661 675 gratiam
681 623 772 663 Dei
802 629 845 663 et
874 622 1049 663 Christi
1077 620 1332 661 amicitiam
1361 618 1761 660 consolationibus

113 697 203 737 illis
232 696 480 737 sensilibus
508 701 814 747 praepostero
842 693 1014 734 iudicio
1043 692 1198 732 metiri
1233 692 1385 740 solita,
1423 690 1756 731 arbitrabatur.

112 766 294 807 Verum
320 767 562 807 enimvero
589 766 739 806 Dnus.
761 766 920 819 Jesus,
950 764 1054 816 pius
1086 764 1350 803 animarum
1382 769 1564 813 pastor,
1603 761 1759 801 ovicu-

113 840 221 890 lam,
246 851 388 891 quam
405 838 636 889 sanguine
654 849 736 878 suo
758 837 1037 886 redemerat,
1058 836 1322 881 miseratus,
1343 846 1366 874 e
1383 834 1596 874 faucibus
1613 832 1762 873 leonis

114 911 237 951 illius
257 910 555 961 ferocissimi,
581 910 776 950 dextera
798 908 1035 960 potentiae
1057 918 1169 946 suae
1191 906 1361 957 eripuit
1383 912 1426 945 et
1447 904 1576 944 Patri
1597 912 1761 944 nostro

113 982 375 1023 curandam
396 981 652 1031 commisit,
686 992 827 1032 quae,
852 979 1000 1019 solida
1025 979 1102 1018 illa
1125 977 1420 1019 Sacramenti
1437 976 1761 1016 Poenitentiae

113 1054 272 1094 tabula
299 1053 540 1104 naufragii
569 1058 900 1105 praetervecta
923 1051 1198 1101 discrimen,
1223 1049 1282 1090 ad
1309 1056 1496 1101 portum
1519 1048 1682 1087 salutis
1704 1059 1760 1087 ac

111 1125 238 1165 Vitae
256 1124 594 1176 tranquillioris
612 1130 831 1174 maturat,
856 1123 1028 1163 nedum
1058 1121 1194 1162 undis
1226 1129 1364 1172 atque
1388 1127 1639 1160 ventorum
1655 1130 1760 1170 pro-

112 1196 241 1237 cellis
258 1208 285 1236 a
301 1202 436 1247 tergo
458 1195 648 1246 relictis,
673 1195 755 1235 sed
777 1195 941 1235 salutis
964 1200 1094 1234 certa
1117 1204 1199 1244 spe
1221 1192 1490 1242 affulgente,
1516 1191 1575 1231 ad
1597 1197 1761 1242 portus

109 1267 496 1319 tranquillitatem
530 1267 800 1318 propediem
837 1266 1109 1317 appulsura.
1148 1264 1268 1304 Nam
1301 1271 1488 1309 restem,
1529 1274 1670 1314 quam
1699 1262 1759 1302 ad

112 1339 415 1391 suspendium
449 1344 721 1390 paraverat,
759 1337 1030 1386 combussit;
1055 1336 1209 1376 Patris
1239 1335 1511 1386 obsequitur
1547 1333 1758 1384 consilio,

111 1421 297 1450 omnem
330 1410 408 1449 otii
447 1410 746 1450 occasionem
786 1409 1070 1460 abrumpens
1111 1418 1388 1458 semperque
1425 1411 1672 1456 occupata,
1711 1412 1757 1444 et

110 1481 466 1533 promptissimo
503 1480 674 1521 affectu
701 1493 751 1521 se
776 1480 905 1521 Patri
934 1487 1039 1532 post
1070 1479 1224 1520 Deum
1250 1478 1376 1518 vitae
1408 1478 1607 1517 salutem
1629 1488 1759 1516 acce-

110 1560 242 1605 ptam
262 1553 432 1593 debere
453 1553 712 1604 praedicat,
736 1551 890 1592 Patris
911 1551 1150 1591 laboribus
1171 1549 1448 1590 beneficium
1471 1548 1646 1588 referre
1668 1554 1758 1588 sat-

111 1635 280 1676 agens,
311 1624 435 1676 quod
463 1631 622 1664 tamen
653 1623 814 1674 Pater,
847 1634 931 1675 pro
961 1634 1091 1663 more
1123 1621 1376 1662 Societatis
1404 1626 1618 1669 nostrae,
1651 1630 1759 1670 pru-

110 1696 274 1736 denter
293 1696 462 1736 renuit.
487 1695 623 1736 Hanc
640 1701 790 1747 pater,
815 1694 1009 1735 alternis
1027 1693 1204 1742 diebus,
1225 1691 1562 1732 consolationis
1584 1696 1629 1730 et
1651 1702 1755 1730 con-

110 1766 390 1808 firmationis
416 1768 595 1819 gratia,
618 1768 906 1818 frequentat,
937 1777 1079 1818 quam
1106 1764 1337 1805 Dominus
1367 1762 1557 1803 tandem
1584 1767 1758 1813 pacata

110 1839 208 1879 vita
226 1839 512 1890 dignabitur.

190 1905 344 1961 Pater,
368 1916 554 1962 praeter
575 1910 862 1962 praemissas
884 1909 1120 1961 spiritales
1141 1907 1492 1959 occupationes,
1512 1905 1583 1945 sui
1600 1916 1756 1944 mune-

108 1982 174 2022 ris
203 1981 451 2022 indeffesso
481 1982 640 2022 labore
672 1981 930 2030 studiosus,
960 1980 1122 2020 varias
1144 1980 1320 2020 civium
1342 1977 1678 2018 Parisiensium
1701 1987 1757 2016 ac

108 2054 379 2094 valetudine
405 2053 608 2093 adversa
633 2053 998 2104 periclitantium
1030 2051 1171 2092 aedes
1198 2050 1592 2102 frequentissime,
1622 2048 1755 2099 spiri-

109 2125 217 2165 talis
239 2124 578 2165 aedificationis
597 2125 770 2176 gratia,
796 2124 991 2164 accedit.
1018 2123 1130 2174 Qui,
1157 2123 1196 2163 si
1217 2134 1309 2163 uno
1332 2113 1470 2173 atque
1494 2121 1642 2161 altero
1664 2121 1757 2159 col-

109 2197 216 2247 lega
236 2196 494 2247 iuvaretur,
514 2195 639 2236 haud
660 2196 851 2236 dubium
869 2195 980 2247 quin
998 2195 1247 2246 decuplum
1268 2193 1484 2243 fructum,
1504 2203 1606 2243 gra.
1627 2190 1757 2231 Chri-

111 2268 171 2307 sti
206 2267 332 2318 freti,
371 2267 667 2318 potissimum
701 2279 726 2307 e
761 2267 909 2307 sacris
943 2266 1317 2306 confessionibus
1355 2271 1399 2305 et
1436 2262 1759 2315 spiritualibus

110 2338 349 2379 exercitiis
371 2338 585 2389 (quorum
605 2338 841 2390 praesidio
869 2337 1118 2378 Societatis
1148 2347 1372 2376 numerus
1403 2335 1528 2375 haud
1559 2335 1662 2374 leve
1693 2333 1757 2372 in-

111 2415 401 2450 crementum
423 2409 632 2460 caperet)
661 2409 959 2449 referremus.
990 2407 1083 2448 Sed
1104 2409 1332 2448 hactenus
1353 2406 1409 2447 de
1431 2417 1657 2458 prospero
1689 2415 1757 2444 re-

109 2493 214 2521 rum
235 2487 507 2521 nostrarum
528 2492 752 2521 successu
772 2491 1040 2520 sermonem
1060 2479 1383 2531 produximus,
1409 2488 1548 2529 quem
1569 2476 1758 2516 Christo

109 2552 234 2605 Jesu,
268 2552 419 2592 omnis
446 2551 629 2602 gratiae
666 2552 863 2602 auctori,
901 2557 1162 2602 acceptum,
1195 2550 1359 2590 humili
1395 2548 1618 2599 obsequio
1643 2546 1758 2587 refe-

110 2624 270 2664 rimus.

192 2694 428 2746 Deinceps
450 2694 509 2734 ad
531 2694 849 2734 turbulentam
865 2695 993 2734 illam
1010 2693 1325 2744 negotiorum,
1349 2690 1588 2743 privilegii
1608 2691 1760 2730 nostri

112 2765 424 2806 confirmandi
443 2765 599 2817 gratia
620 2772 882 2816 gestorum,
911 2764 1268 2816 exprimendam
1289 2761 1583 2814 tragoediam
1606 2762 1760 2802 accin-

112 2848 298 2888 gamur.
322 2836 483 2877 Mense
510 2836 741 2887 ianuario,
777 2837 856 2887 qui
882 2836 1059 2888 primus
1086 2836 1172 2876 fuit
1200 2833 1557 2887 quadrimestris
1578 2833 1764 2885 pridem

113 2909 278 2960 elapsi,
301 2908 440 2948 Pater
467 2907 753 2949 Paschasius
780 2907 1245 2948 Reverendissinium
1268 2905 1570 2946 Cardinalem
1590 2904 1763 2945 Lotha-
1813 2903 1824 2914 ¹

112 2979 310 3030 ringiae,
334 2978 582 3020 Societatis
603 2985 793 3019 nostrae
810 2979 858 3018 in
878 2978 1130 3019 Provincia
1147 2977 1392 3018 Gallicana
1417 2976 1761 3026 protectorem,

309 3056 357 3091 Τ.
386 3068 428 3090 ιι,
1487 3064 1526 3098 19
