2080 3392
872 165 957 202 AN.
986 164 1078 201 1553
1726 160 1800 198 463

148 265 217 305 xit
252 270 297 304 et
330 274 540 314 numero,
573 268 622 303 ut
652 268 697 303 et
727 262 846 302 aliae
873 262 977 302 aliis
1013 261 1280 313 superiores
1316 265 1492 310 essent,
1530 258 1647 299 vitia
1683 258 1796 298 item

149 336 242 376 alia
271 335 378 375 aliis
411 334 784 385 detestabiliora3
815 333 890 374 cui
918 344 1032 374 vero
1069 333 1296 373 abiectius
1332 331 1578 382 obtigisset
1608 329 1792 378 vitium,

149 418 254 446 eam
270 405 523 446 exercebat
543 404 967 455 mortificationem,
992 415 1111 456 quae
1132 403 1402 443 huiusmodi
1422 402 1537 442 vitio
1560 401 1608 441 in
1629 401 1795 441 charta

150 477 383 518 destinata
407 482 521 517 erat.

230 549 309 589 Bis
342 548 388 588 in
420 547 534 588 aede
562 559 699 588 sacra
730 547 947 598 Collegii,
980 547 1125 587 semel
1155 546 1278 598 apud
1304 545 1362 586 D.
1393 544 1607 585 Rochum
1635 554 1796 583 coram

150 619 280 671 Rege
302 620 610 660 concionatus
631 625 724 670 est3
747 619 794 658 in
816 619 923 658 aula
944 630 1058 658 vero
1081 618 1213 669 regia
1235 617 1358 669 apud
1387 616 1641 667 Reginam,
1672 615 1796 666 prin—

151 692 328 743 cipem,
359 702 414 730 ac
449 690 652 730 infantes
681 689 909 741 plurimas
942 688 1105 728 habuit
1141 689 1408 728 conciones.
1446 687 1656 727 Invisere
1687 697 1794 726 eum

150 774 245 803 non
271 763 422 802 solum
447 772 691 813 procereS,
722 772 889 800 verum
918 761 1061 800 etiam
1086 760 1328 811 praesules
1359 770 1540 809 omnes,
1572 758 1650 810 qui
1686 763 1796 797 tunc

152 833 468 873 versabantur
490 832 537 872 in
558 832 703 872 curia.

235 903 535 944 Domesticos
555 914 671 943 vero
694 902 960 943 aedificavit
981 902 1207 950 maxime;
1234 901 1542 952 omnibusque
1574 911 1682 940 cum
1712 911 1798 939 suo

155 974 454 1016 sanctissimo
485 974 717 1025 exemplo,
741 979 840 1014 tum
861 980 905 1014 et
926 973 1050 1013 vivis
1079 972 1358 1025 quibusdam
1390 970 1796 1020 collocutionibus,

155 1046 214 1087 ad
234 1046 459 1086 virtutem
479 1045 747 1086 vehementi
772 1044 858 1085 fuit
879 1045 1203 1095 incitamento;
1236 1044 1361 1096 quod
1388 1043 1511 1083 idem
1542 1041 1797 1083 Conimbri—

156 1129 239 1158 cae
260 1117 391 1168 fecit,
416 1117 493 1157 ubi
514 1116 655 1157 etiam
675 1117 721 1157 in
743 1122 905 1157 nostro
928 1117 1102 1168 templo
1125 1116 1269 1156 semel
1291 1120 1361 1154 est
1383 1114 1705 1154 concionatus.

233 1188 455 1241 Abiitque
491 1195 650 1228 tamen
686 1188 958 1229 Cordubam
988 1187 1038 1228 P.
1076 1187 1376 1237 Franciscus,
1401 1186 1478 1226 ubi
1506 1185 1690 1225 celebre
1718 1196 1798 1224 no-

155 1266 282 1301 strae
303 1259 553 1301 Societatis
574 1259 835 1311 Collegium
856 1259 1070 1310 erigitur.

233 1331 467 1371 Dominus
497 1330 663 1371 Petrus
689 1331 994 1371 Mascarefias
1016 1330 1184 1370 merito
1216 1329 1427 1382 profecto
1457 1334 1619 1368 noster
1648 1333 1801 1379 potest

156 1403 384 1454 appellari
413 1408 560 1453 tutor,
590 1403 664 1442 ille
691 1402 814 1442 enim
840 1402 1093 1454 praecipue
1123 1402 1169 1442 in
1201 1413 1345 1442 causa
1374 1400 1461 1440 fuit
1491 1406 1542 1440 ut
1568 1398 1625 1439 D.
1651 1398 1803 1439 Rochi

156 1473 422 1515 confratres
443 1486 499 1514 ac
522 1474 690 1514 civitas
711 1474 846 1514 nobis
867 1473 1078 1525 Regique
1105 1479 1150 1513 et
1178 1473 1234 1513 de
1263 1471 1487 1523 erigendo
1519 1470 1729 1521 Collegio
1759 1476 1803 1509 et

157 1545 387 1586 tradenda
408 1545 466 1585 D.
491 1545 641 1585 Rochi
662 1545 800 1586 domo
819 1545 1174 1585 assentirentur.
1195 1544 1248 1585 T.
1268 1543 1317 1584 P.
1338 1543 1714 1593 Societatemque
1733 1553 1803 1581 ar-

158 1617 434 1657 dentissimo
473 1628 634 1657 amore
671 1617 985 1669 prosequitur.
1034 1616 1316 1657 Nostrarum
1354 1626 1512 1654 rerum
1552 1613 1719 1654 maiori
1759 1619 1804 1653 et

161 1700 305 1740 opera
341 1694 386 1728 et
414 1687 656 1739 diligentia
685 1700 826 1741 quam
852 1700 1046 1728 suarum
1074 1699 1237 1727 curam
1264 1687 1362 1738 agit
1390 1692 1434 1726 et
1462 1685 1507 1725 id
1536 1691 1665 1725 tanta
1698 1695 1804 1724 cum

159 1759 350 1810 laetitia,
384 1765 433 1799 ut
460 1759 784 1810 gratissimum
816 1760 858 1800 ei
891 1759 1143 1809 faciamus,
1183 1770 1289 1799 cum
1324 1764 1595 1797 nostrarum
1630 1767 1805 1805 rerum,

159 1831 247 1872 etsi
266 1831 582 1882 minimarum,
607 1842 770 1871 curam
792 1832 882 1883 ipsi
901 1831 1203 1882 iniungimus.
1234 1829 1443 1881 Singulis
1464 1828 1673 1868 sabbatis
1694 1829 1805 1867 mul-

158 1903 310 1955 tisque
332 1902 436 1942 aliis
456 1902 587 1942 festis
610 1903 770 1943 diebus
792 1902 1040 1943 confitetur
1061 1902 1187 1942 domi
1207 1908 1413 1951 nostrae,
1439 1906 1483 1940 et
1503 1900 1603 1951 ipse
1625 1906 1669 1939 et
1687 1910 1807 1938 uxor

160 1974 530 2015 communicant:
554 1986 674 2025 quae
696 1974 883 2025 quidem
906 1974 1160 2014 virtutibus
1189 1973 1348 2013 itidem
1379 1971 1565 2023 magnis
1593 1969 1804 2022 praedita

159 2044 474 2097 Societatique
509 2045 648 2085 valde
684 2045 872 2086 addicta
915 2052 998 2085 est.
1038 2045 1269 2085 Dominus
1309 2044 1414 2095 Opt.
1454 2043 1580 2083 Max.
1623 2042 1669 2081 in
1710 2048 1807 2081 tam

161 2122 327 2157 sancta
352 2116 542 2156 vivendi
563 2117 745 2157 ratione
767 2117 1081 2157 constantiam
1105 2117 1172 2157 eis
1193 2116 1440 2167 largiatur.

240 2188 291 2228 P.
314 2188 599 2229 Franciscus
617 2188 780 2228 Vieira
798 2194 842 2228 et
864 2187 1011 2228 frater
1032 2188 1221 2228 nomine
1243 2187 1478 2228 Antonius
1501 2186 1636 2226 Celez
1667 2184 1675 2202 ¹
1700 2196 1809 2224 cum

161 2259 299 2300 slmul
333 2259 744 2310 proficiscerentur
772 2260 818 2299 in
845 2259 1050 2310 Indiam,
1085 2259 1208 2311 quod
1236 2258 1373 2298 navis
1408 2258 1602 2297 multam
1635 2267 1807 2307 aquam

162 2331 425 2382 colligeret,
449 2331 496 2371 in
516 2337 704 2382 portum
738 2331 874 2371 relati
908 2337 1016 2371 sunt
1050 2336 1460 2383 perveneruntque
1490 2328 1805 2379 Olissiponam

163 2402 457 2454 aegritudine
491 2402 600 2452 (non
629 2407 786 2442 tamen
813 2402 967 2453 gravi)
1006 2402 1290 2442 laborantes.
1328 2401 1525 2440 Multum
1562 2410 1724 2438 omnes
1759 2398 1805 2437 in

162 2474 275 2515 navi
310 2473 695 2513 collocutionibus
730 2474 1027 2525 praesertim,
1067 2485 1182 2525 quas
1212 2474 1268 2513 de
1295 2473 1434 2512 rebus
1463 2471 1635 2511 divinis
1670 2469 1805 2509 habe—

162 2546 298 2596 bant,
323 2544 652 2595 aedificarunt,
676 2557 859 2585 necnon
882 2545 1003 2597 quod
1025 2545 1231 2596 aegrotis
1254 2544 1349 2596 (qui
1371 2543 1556 2595 quidem
1590 2541 1811 2593 permulti

164 2616 373 2667 fuerunt)
403 2616 652 2667 diligenter
678 2616 976 2656 inservirent.
1009 2615 1227 2666 Duobus,
1252 2616 1332 2667 qui
1363 2626 1522 2655 secum
1552 2613 1806 2661 redierant,

163 2689 392 2729 exercitia
415 2687 606 2728 tradidit
627 2688 911 2740 spiritualia,
937 2699 1136 2740 quorum
1159 2689 1276 2728 alter
1297 2685 1565 2726 monachali
1586 2696 1635 2724 se
1657 2684 1806 2735 Regu-

222 2898 232 2918 1
274 2897 345 2932 Sic;
362 2897 449 2925 sorte
462 2896 587 2923 Tellez.
602 2895 700 2923 Hune
715 2899 830 2923 tamen
846 2896 1000 2927 fratrem.
1017 2895 1133 2922 Patris
1147 2893 1326 2922 Francisci
1342 2894 1462 2921 Vieira
1477 2893 1606 2920 socium
1621 2892 1809 2920 Antonium

165 2945 335 2973 Alvarum
347 2944 500 2972 nominat
512 2943 663 2976 FRANco.
677 2942 870 2970 Annalium
888 2942 1077 2970 Societatz's
1087 2942 1175 2977 Jesu
1189 2943 1225 2969 in
1240 2942 1432 2969 Lusitania
1447 2941 1629 2974 synopsis,
1641 2939 1810 2968 ann.1553.

166 3001 197 3020 n.
212 2993 238 3027 5,
256 2997 289 3020 et
304 2999 408 3025 supra
423 2992 456 3019 in
472 2992 524 3019 his
538 2991 623 3025 ipsis
638 2991 765 3018 litteris
781 2996 814 3017 et
830 2998 850 3018 a
865 2990 1012 3018 Polanco
1027 2991 1060 3018 in
1077 2990 1257 3018 Chronico.
