2080 3392
331 211 397 247 190
836 211 1062 248 LITTERAE
1089 222 1446 254 QUADmMESTREs

329 307 417 348 Dei
431 307 771 359 implorandam
788 307 993 357 gratiam
1011 319 1316 359 cognoscens,
1335 309 1456 349 illico
1474 310 1533 349 ad
1549 311 1795 350 ecclesiam
1808 311 1959 352 cathe-

328 379 506 417 dralem
540 389 624 417 nos
654 377 897 428 conduxit,
928 389 1207 428 sacrumque
1237 379 1407 418 ibidem
1441 391 1523 430 per
1551 391 1636 419 nos
1663 379 1761 420 fieri
1795 383 1957 432 voluit,

328 460 419 499 quo
441 447 668 497 confecto,
690 448 734 487 in
754 448 969 487 sacristia
988 448 1363 488 exhortationem
1379 450 1644 501 quamdam,
1665 452 1849 502 qualem
1866 452 1959 492 Do-

328 520 480 559 minus
503 524 725 569 exegerat
745 518 988 567 Vicarius,
1009 525 1167 558 noster
1189 520 1235 558 in
1257 519 1443 559 Christo
1471 520 1615 560 frater
1645 521 1850 574 Joannes
1875 523 1958 562 Ba-

327 590 468 640 ptista
482 587 507 639 ⁵,
526 601 583 628 ex
600 595 808 639 tempore
827 589 1024 639 quidem,
1043 590 1124 629 sed
1142 590 1352 640 plurimis
1367 590 1428 630 ibi
1442 592 1617 631 coactis
1629 592 1762 632 laicis
1778 593 1959 633 mixtim

328 671 435 699 cum
458 660 640 699 clericis
668 671 806 710 quam
826 660 1146 710 gratissimam
1166 660 1370 711 protulit.
1396 660 1608 711 Quantus
1629 662 1836 713 cujusvis
1854 674 1956 703 con-

328 731 517 771 ditionis
531 730 768 770 hominum
787 742 1008 770 numerus
1026 742 1112 770 nos
1134 731 1297 770 eodem
1314 732 1386 771 die
1403 732 1616 772 inviserit
1632 733 1852 773 brevitati
1869 739 1958 773 stu—

328 802 441 841 dens
470 807 762 853 pertranseo,
791 800 1040 840 lnvisimus
1063 807 1107 840 et
1129 813 1215 841 nos
1245 800 1380 852 hujus
1409 802 1536 842 urbis
1567 808 1808 843 senatores
1838 804 1959 844 debi-

325 879 516 923 tumque
556 872 622 912 eis
661 871 860 912 officium
895 872 1210 922 exhibuimus,
1250 873 1373 923 quod
1401 873 1597 924 placidis
1628 875 1961 925 amplectentes

326 943 661 995 complexibus,
684 943 911 983 maiorem
932 943 979 982 in
1001 943 1189 983 modurn
1218 950 1379 983 nostro
1400 944 1625 994 gratulati
1656 951 1762 985 sunt
1791 945 1959 985 adven-

325 1015 414 1066 tui,
447 1014 670 1066 quinium,
715 1020 764 1054 ut
792 1014 1090 1065 perspicuum
1122 1015 1274 1065 magis
1309 1015 1638 1064 gratulationis
1672 1021 1795 1056 esset
1824 1027 1957 1067 argu-

326 1091 546 1135 mentum,
572 1085 727 1125 omnia
747 1084 910 1136 palatii
930 1085 1034 1124 loca
1054 1085 1303 1124 voluerunt
1324 1097 1425 1124 esse
1447 1086 1782 1126 demonstrata.

404 1155 635 1196 Postridie
670 1155 902 1195 Calendas
928 1154 1233 1204 Novembres,
1273 1156 1319 1195 in
1351 1155 1463 1195 aede
1495 1156 1553 1196 D.
1583 1156 1777 1197 Nicolao
1804 1169 1956 1208 sacra,

328 1226 486 1266 habita
509 1232 578 1266 est
600 1232 643 1266 et
671 1226 821 1265 oratio
849 1226 995 1265 latina
1023 1237 1183 1265 coram
1213 1225 1416 1266 Domino
1439 1226 1634 1267 Vicario
1664 1239 1718 1266 ac
1746 1228 1959 1268 omnibus

324 1298 420 1337 fere
461 1296 700 1337 canonicis
736 1296 1033 1347 maximoque
1070 1297 1268 1336 aliorum
1302 1297 1559 1348 peritorum
1597 1304 1755 1348 coetu,
1792 1298 1959 1349 quibus

325 1374 612 1420 quantopere
643 1367 886 1418 placuerit,
910 1367 1143 1417 explicato
1160 1367 1380 1407 nimirum
1403 1367 1539 1419 hujus
1560 1368 1756 1419 Collegii
1778 1375 1821 1408 et
1844 1368 1954 1408 alio-

327 1451 431 1479 rum
458 1444 648 1479 nostrae
669 1437 918 1478 Societatis
935 1438 1145 1477 instituto
1168 1439 1214 1477 in
1236 1439 1493 1479 excolenda
1515 1440 1724 1480 moribus
1745 1445 1790 1479 et
1810 1440 1956 1479 literis

325 1510 581 1559 iuventute,
600 1509 647 1548 in
667 1509 874 1548 omnium
896 1520 1008 1548 sane
1029 1510 1161 1548 vultu
1177 1510 1349 1549 lectum
1372 1516 1440 1549 est
1458 1510 1693 1561 perfacile.
1718 1509 1949 1550 Postridie

325 1581 384 1620 ad
405 1581 590 1620 scholas
613 1585 800 1620 nostras
824 1580 1094 1619 confluxere
1123 1581 1201 1620 alii
1222 1581 1443 1621 classium
1461 1581 1670 1622 ordinem
1687 1581 1955 1631 scrutaturi,

325 1652 548 1691 lectiones
571 1651 648 1690 alii
671 1650 890 1701 audituri,
914 1651 993 1690 alii
1014 1651 1241 1691 censoriis
1259 1652 1463 1692 numeris
1482 1653 1669 1692 easdem
1688 1652 1951 1704 expensuri,

324 1722 403 1762 alii
420 1721 777 1772 professoribus,
803 1722 840 1761 si
857 1721 1017 1761 forsan
1035 1728 1238 1772 possent,
1260 1722 1463 1774 aliquam
1480 1723 1774 1773 ignorantiae
1795 1730 1955 1764 notam

323 1793 535 1833 inusturi.
550 1793 873 1833 Veruntamen
887 1792 1019 1842 (duce
1032 1792 1147 1842 Deo)
1162 1793 1410 1844 unicuique
1423 1793 1716 1834 satisfactum
1732 1800 1815 1845 est,
1832 1795 1956 1846 quod

325 1876 383 1903 ex
414 1864 514 1915 ipsa
547 1863 808 1914 frequentia
837 1869 880 1902 et
910 1863 1181 1903 assiduitate
1217 1864 1482 1904 auditorum
1519 1870 1563 1904 et
1593 1865 1712 1904 inter
1744 1871 1955 1905 caeteros

327 1936 469 1975 trium
490 1935 923 1984 ludimagistrorum
943 1935 1101 1974 videre
1122 1935 1220 1974 fuit.
1251 1935 1299 1975 In
1317 1936 1592 1976 lectionibus
1615 1937 1761 1976 variis
1785 1937 1957 1977 latinae

326 2018 383 2045 ac
399 2017 600 2056 graecae
626 2006 828 2055 linguae,
857 2006 1268 2056 compositionibus
1286 2018 1341 2045 ac
1366 2006 1755 2057 disputationibus
1780 2008 1958 2047 schola-

325 2077 469 2116 sticos
491 2076 676 2115 assidue
694 2082 737 2115 et
756 2076 1001 2125 diligenter
1017 2088 1301 2116 exercemus.
1322 2077 1537 2117 Publicas
1554 2078 1741 2117 scholas
1764 2077 1822 2117 ad
1849 2084 1958 2118 tem-

327 2159 427 2198 pus,
454 2147 844 2187 contendentibus
866 2158 1161 2198 summopere
1184 2146 1318 2197 hujus
1334 2148 1462 2187 urbis
1476 2149 1787 2199 senatoribus,
1807 2160 1959 2189 susce-

327 2219 495 2270 pimus,
519 2217 721 2257 Domino
745 2217 877 2257 Rmo.
898 2217 1118 2268 'suaeque
1138 2217 1191 2257 R.
1226 2217 1274 2256 P.
1304 2230 1480 2258 morem
1512 2226 1744 2269 gerentes.
1773 2219 1962 2260 Schola-

328 2290 553 2329 sticorum
575 2295 736 2328 coetus
754 2289 1058 2328 centesimum
1081 2294 1124 2328 et
1155 2289 1501 2339 sexagesimum
1522 2302 1766 2330 numerum
1789 2292 1956 2342 explet.

412 2360 534 2410 Quid
554 2360 734 2399 fructus
755 2359 871 2398 haec
888 2365 1048 2398 nostra
1068 2359 1250 2399 officina
1269 2361 1551 2400 scholastica
1573 2361 1801 2401 iuventuti
1823 2361 1960 2401 adve-

329 2431 409 2470 hat
432 2431 646 2481 accipito.
673 2430 723 2469 In
745 2442 794 2469 re
825 2429 1034 2469 literaria
1062 2430 1229 2469 uberes
1251 2430 1397 2470 editos
1419 2442 1521 2471 esse
1549 2443 1644 2471 non
1670 2438 1739 2471 est
1760 2432 1837 2483 qui
1867 2431 1958 2472 infi-

328 2502 489 2551 cietur,
510 2501 839 2551 uberioresque
857 2499 1060 2539 edendos
1077 2512 1169 2540 non
1188 2507 1415 2552 expectet.
1441 2502 1490 2541 In
1508 2502 1674 2553 spiritu
1690 2503 1895 2542 minores
1912 2503 1959 2542 in

332 2572 502 2611 adultis
524 2571 828 2622 proveniunt,
860 2582 1052 2610 causam
1080 2577 1233 2610 autem
1264 2584 1356 2611 non
1384 2584 1592 2612 meorum
1620 2573 1817 2613 fratrum
1844 2573 1955 2622 seio,

328 2642 409 2681 sed
434 2642 525 2682 mei
554 2642 689 2681 unius
716 2642 916 2681 existere
937 2641 1192 2691 ignaviam.
1217 2641 1414 2682 Accedit
1440 2649 1483 2682 et
1504 2643 1714 2683 deflenda
1736 2643 1872 2694 hujus
1894 2644 1955 2683 iu-

328 2713 532 2752 ventutis
548 2713 749 2761 licentia,
769 2723 885 2763 quos
901 2712 1078 2759 videas,
1094 2713 1269 2751 coactis
1285 2713 1562 2764 agminibus,
1585 2714 1797 2754 omnibus
1814 2715 1958 2754 armis

329 2784 597 2832 instructos,
622 2784 747 2822 velut
765 2783 899 2833 signa
921 2783 1187 2833 conatui-05,
1209 2784 1392 2823 calcata
1416 2785 1540 2823 omni
1564 2784 1790 2825 modestia
1815 2785 1956 2825 omni-

379 2966 389 2985 ¹
429 2965 575 2998 Joannes
591 2966 748 2999 Baptista
765 2964 891 2995 velati,
904 2965 990 2992 alias
1005 2965 1150 2998 Joannes
1167 2966 1325 3001 Baptista
1342 2968 1379 2994 de
1395 2967 1484 3000 Jesu.
1501 2967 1587 2995 Vide
1604 2969 1769 3003 POLANco,
1788 2969 1958 3001 Clzronz'c.,

327 3016 407 3039 tom.
423 3020 470 3046 111,
484 3020 561 3047 pag.
577 3013 620 3046 25,
640 3016 707 3039 not.
723 3014 746 3039 1.
