<?xml version="1.0" encoding="UTF-8"?>
<!DOCTYPE html PUBLIC "-//W3C//DTD XHTML 1.0 Transitional//EN"
    "http://www.w3.org/TR/xhtml1/DTD/xhtml1-transitional.dtd">
<html xmlns="http://www.w3.org/1999/xhtml" xml:lang="en" lang="en">
 <head>
  <title>
</title>
<meta http-equiv="Content-Type" content="text/html;charset=utf-8" />
  <meta name='ocr-system' content='tesseract 3.04.00' />
  <meta name='ocr-capabilities' content='ocr_page ocr_carea ocr_par ocr_line ocrx_word'/>
</head>
<body>
  <div class='ocr_page' id='page_1' title='image "./litteraequadrime14lain_0252.png"; bbox 0 0 2080 3392; ppageno 0'>
   <div class='ocr_carea' id='block_1_1' title="bbox 342 182 1458 225">
    <p class='ocr_par' dir='ltr' id='par_1_1' title="bbox 342 182 1458 225">
     <span class='ocr_line' id='line_1_1' title="bbox 342 182 1458 225; baseline 0.001 -6"><span class='ocrx_word' id='word_1_1' title='bbox 342 182 412 219; x_wconf 69' lang='lat'>248</span> <span class='ocrx_word' id='word_1_2' title='bbox 851 182 1077 219; x_wconf 77' lang='lat' dir='ltr'>LITTERAE</span> <span class='ocrx_word' id='word_1_3' title='bbox 1102 192 1458 225; x_wconf 72' lang='lat' dir='ltr'><strong>QUADRIMESTRES</strong></span> 
     </span>
    </p>
   </div>
   <div class='ocr_carea' id='block_1_2' title="bbox 1045 632 1279 686">
    <p class='ocr_par' dir='ltr' id='par_1_2' title="bbox 1045 632 1279 686">
     <span class='ocr_line' id='line_1_2' title="bbox 1045 632 1279 686; baseline -0.009 0"><span class='ocrx_word' id='word_1_4' title='bbox 1045 632 1279 686; x_wconf 84' lang='lat' dir='ltr'>CCXVI</span> 
     </span>
    </p>
   </div>
   <div class='ocr_carea' id='block_1_3' title="bbox 419 858 1050 1038">
    <p class='ocr_par' dir='ltr' id='par_1_3' title="bbox 419 858 1050 1038">
     <span class='ocr_line' id='line_1_3' title="bbox 419 858 860 897; baseline 0.002 -1"><span class='ocrx_word' id='word_1_5' title='bbox 419 859 631 896; x_wconf 90' lang='lat' dir='ltr'>Martinus</span> <span class='ocrx_word' id='word_1_6' title='bbox 652 858 860 897; x_wconf 86' lang='lat' dir='ltr'>Gewarts</span> 
     </span>
     <span class='ocr_line' id='line_1_4' title="bbox 466 924 1050 972; baseline 0.002 -11"><span class='ocrx_word' id='word_1_7' title='bbox 466 925 587 962; x_wconf 86' lang='lat' dir='ltr'>Patri</span> <span class='ocrx_word' id='word_1_8' title='bbox 605 924 773 972; x_wconf 84' lang='lat' dir='ltr'>Ignatio</span> <span class='ocrx_word' id='word_1_9' title='bbox 793 925 846 962; x_wconf 90' lang='lat' dir='ltr'>de</span> <span class='ocrx_word' id='word_1_10' title='bbox 866 925 1050 972; x_wconf 86' lang='lat' dir='ltr'>Loyola.</span> 
     </span>
     <span class='ocr_line' id='line_1_5' title="bbox 513 989 1021 1038; baseline -0.002 -11"><span class='ocrx_word' id='word_1_11' title='bbox 513 989 699 1036; x_wconf 79' lang='lat' dir='ltr'><strong>Vienna,</strong></span> <span class='ocrx_word' id='word_1_12' title='bbox 723 990 739 1026; x_wconf 92' lang='lat'>1</span> <span class='ocrx_word' id='word_1_13' title='bbox 761 989 865 1038; x_wconf 91' lang='lat' dir='ltr'>Maji</span> <span class='ocrx_word' id='word_1_14' title='bbox 886 990 979 1027; x_wconf 80' lang='grc'>1553</span> <span class='ocrx_word' id='word_1_15' title='bbox 997 990 1021 1025; x_wconf 90' lang='lat'>¹.</span> 
     </span>
    </p>
   </div>
   <div class='ocr_carea' id='block_1_4' title="bbox 1118 1197 1215 1238">
    <p class='ocr_par' dir='ltr' id='par_1_4' title="bbox 1118 1197 1215 1238">
     <span class='ocr_line' id='line_1_6' title="bbox 1118 1197 1215 1238; baseline 0 0"><span class='ocrx_word' id='word_1_16' title='bbox 1118 1197 1215 1238; x_wconf 83' lang='lat' dir='ltr'>IHS</span> 
     </span>
    </p>
   </div>
   <div class='ocr_carea' id='block_1_5' title="bbox 346 1410 1984 2808">
    <p class='ocr_par' dir='ltr' id='par_1_5' title="bbox 349 1410 1981 1522">
     <span class='ocr_line' id='line_1_7' title="bbox 429 1410 1981 1464; baseline 0.001 -14"><span class='ocrx_word' id='word_1_17' title='bbox 429 1411 593 1451; x_wconf 90' lang='lat' dir='ltr'>Gratia</span> <span class='ocrx_word' id='word_1_18' title='bbox 620 1417 663 1450; x_wconf 88' lang='lat' dir='ltr'>et</span> <span class='ocrx_word' id='word_1_19' title='bbox 690 1422 783 1462; x_wconf 81' lang='lat' dir='ltr'>pax</span> <span class='ocrx_word' id='word_1_20' title='bbox 811 1411 922 1464; x_wconf 90' lang='lat' dir='ltr'>Jesu</span> <span class='ocrx_word' id='word_1_21' title='bbox 957 1410 1131 1452; x_wconf 76' lang='lat' dir='ltr'>Christi</span> <span class='ocrx_word' id='word_1_22' title='bbox 1165 1410 1354 1450; x_wconf 87' lang='lat' dir='ltr'>Domini</span> <span class='ocrx_word' id='word_1_23' title='bbox 1387 1411 1534 1451; x_wconf 81' lang='lat' dir='ltr'>nostri</span> <span class='ocrx_word' id='word_1_24' title='bbox 1568 1410 1627 1450; x_wconf 90' lang='lat' dir='ltr'>sit</span> <span class='ocrx_word' id='word_1_25' title='bbox 1661 1422 1842 1462; x_wconf 89' lang='lat' dir='ltr'>semper</span> <span class='ocrx_word' id='word_1_26' title='bbox 1873 1423 1981 1451; x_wconf 83' lang='lat' dir='ltr'>cum</span> 
     </span>
     <span class='ocr_line' id='line_1_8' title="bbox 349 1481 919 1522; baseline 0.002 -1"><span class='ocrx_word' id='word_1_27' title='bbox 349 1482 561 1522; x_wconf 88' lang='lat' dir='ltr'>omnibus</span> <span class='ocrx_word' id='word_1_28' title='bbox 582 1482 727 1522; x_wconf 87' lang='lat' dir='ltr'>nobis.</span> <span class='ocrx_word' id='word_1_29' title='bbox 752 1481 919 1522; x_wconf 90' lang='lat' dir='ltr'>Amen.</span> 
     </span>
    </p>

    <p class='ocr_par' dir='ltr' id='par_1_6' title="bbox 346 1552 1984 2373">
     <span class='ocr_line' id='line_1_9' title="bbox 427 1552 1980 1604; baseline 0 -12"><span class='ocrx_word' id='word_1_30' title='bbox 427 1552 473 1593; x_wconf 82' lang='lat' dir='ltr'>Si</span> <span class='ocrx_word' id='word_1_31' title='bbox 489 1565 614 1592; x_wconf 86' lang='lat' dir='ltr'>nova</span> <span class='ocrx_word' id='word_1_32' title='bbox 631 1553 894 1603; x_wconf 84' lang='lat' dir='ltr'>gratiarum</span> <span class='ocrx_word' id='word_1_33' title='bbox 909 1553 1075 1593; x_wconf 90' lang='lat' dir='ltr'>merita</span> <span class='ocrx_word' id='word_1_34' title='bbox 1092 1564 1267 1592; x_wconf 86' lang='lat' dir='ltr'>novum</span> <span class='ocrx_word' id='word_1_35' title='bbox 1282 1552 1585 1604; x_wconf 77' lang='lat' dir='ltr'>gratitudinis</span> <span class='ocrx_word' id='word_1_36' title='bbox 1613 1552 1811 1592; x_wconf 88' lang='lat' dir='ltr'>officium</span> <span class='ocrx_word' id='word_1_37' title='bbox 1831 1552 1980 1604; x_wconf 87' lang='lat' dir='ltr'>requi·</span> 
     </span>
     <span class='ocr_line' id='line_1_10' title="bbox 347 1623 1978 1675; baseline -0.001 -12"><span class='ocrx_word' id='word_1_38' title='bbox 347 1630 468 1674; x_wconf 86' lang='lat' dir='ltr'>runt,</span> <span class='ocrx_word' id='word_1_39' title='bbox 492 1624 716 1675; x_wconf 76' lang='lat' dir='ltr'>aequitati</span> <span class='ocrx_word' id='word_1_40' title='bbox 737 1635 851 1663; x_wconf 91' lang='lat' dir='ltr'>sane</span> <span class='ocrx_word' id='word_1_41' title='bbox 875 1635 981 1664; x_wconf 89' lang='lat' dir='ltr'>cum</span> <span class='ocrx_word' id='word_1_42' title='bbox 1002 1624 1166 1675; x_wconf 88' lang='lat' dir='ltr'>primis</span> <span class='ocrx_word' id='word_1_43' title='bbox 1186 1623 1372 1663; x_wconf 83' lang='lat' dir='ltr'>videtur</span> <span class='ocrx_word' id='word_1_44' title='bbox 1398 1629 1764 1663; x_wconf 89' lang='lat' dir='ltr'>consentaneum</span> <span class='ocrx_word' id='word_1_45' title='bbox 1790 1630 1839 1662; x_wconf 93' lang='lat' dir='ltr'>ut</span> <span class='ocrx_word' id='word_1_46' title='bbox 1861 1634 1978 1675; x_wconf 89' lang='lat' dir='ltr'>quae</span> 
     </span>
     <span class='ocr_line' id='line_1_11' title="bbox 348 1694 1976 1746; baseline -0.001 -12"><span class='ocrx_word' id='word_1_47' title='bbox 348 1695 474 1735; x_wconf 87' lang='lat' dir='ltr'>Deus</span> <span class='ocrx_word' id='word_1_48' title='bbox 496 1702 588 1746; x_wconf 91' lang='lat' dir='ltr'>opt.</span> <span class='ocrx_word' id='word_1_49' title='bbox 613 1707 755 1745; x_wconf 85' lang='lat' dir='ltr'>max.,</span> <span class='ocrx_word' id='word_1_50' title='bbox 778 1695 961 1735; x_wconf 87' lang='lat' dir='ltr'>labente</span> <span class='ocrx_word' id='word_1_51' title='bbox 987 1696 1076 1735; x_wconf 89' lang='lat' dir='ltr'>hoc</span> <span class='ocrx_word' id='word_1_52' title='bbox 1107 1695 1462 1746; x_wconf 89' lang='lat' dir='ltr'>quadrimestri‚</span> <span class='ocrx_word' id='word_1_53' title='bbox 1493 1695 1627 1734; x_wconf 88' lang='lat' dir='ltr'>nobis</span> <span class='ocrx_word' id='word_1_54' title='bbox 1649 1694 1695 1733; x_wconf 85' lang='lat' dir='ltr'>in</span> <span class='ocrx_word' id='word_1_55' title='bbox 1718 1705 1976 1741; x_wconf 87' lang='lat' dir='ltr'>commune,</span> 
     </span>
     <span class='ocr_line' id='line_1_12' title="bbox 347 1764 1981 1817; baseline -0.001 -12"><span class='ocrx_word' id='word_1_56' title='bbox 347 1772 390 1805; x_wconf 87' lang='lat' dir='ltr'>et</span> <span class='ocrx_word' id='word_1_57' title='bbox 409 1777 492 1817; x_wconf 87' lang='lat' dir='ltr'>per</span> <span class='ocrx_word' id='word_1_58' title='bbox 513 1776 599 1805; x_wconf 91' lang='lat' dir='ltr'>nos</span> <span class='ocrx_word' id='word_1_59' title='bbox 621 1766 737 1817; x_wconf 87' lang='lat' dir='ltr'>aliis,</span> <span class='ocrx_word' id='word_1_60' title='bbox 758 1766 978 1817; x_wconf 82' lang='lat' dir='ltr'>dignatus</span> <span class='ocrx_word' id='word_1_61' title='bbox 1000 1772 1069 1806; x_wconf 88' lang='lat' dir='ltr'>est</span> <span class='ocrx_word' id='word_1_62' title='bbox 1091 1765 1303 1806; x_wconf 87' lang='lat' dir='ltr'>conferre</span> <span class='ocrx_word' id='word_1_63' title='bbox 1322 1777 1528 1815; x_wconf 88' lang='lat' dir='ltr'>munera,</span> <span class='ocrx_word' id='word_1_64' title='bbox 1554 1765 1613 1805; x_wconf 82' lang='lat' dir='ltr'>ad</span> <span class='ocrx_word' id='word_1_65' title='bbox 1635 1765 1779 1816; x_wconf 89' lang='lat' dir='ltr'>ipsius</span> <span class='ocrx_word' id='word_1_66' title='bbox 1801 1764 1981 1815; x_wconf 81' lang='lat' dir='ltr'>gloriae</span> 
     </span>
     <span class='ocr_line' id='line_1_13' title="bbox 346 1836 1979 1887; baseline -0.001 -11"><span class='ocrx_word' id='word_1_67' title='bbox 346 1837 619 1876; x_wconf 87' lang='lat' dir='ltr'>nonnullum</span> <span class='ocrx_word' id='word_1_68' title='bbox 642 1843 958 1887; x_wconf 75' lang='lat' dir='ltr'>augmentum,</span> <span class='ocrx_word' id='word_1_69' title='bbox 989 1837 1038 1877; x_wconf 83' lang='lat' dir='ltr'>P.</span> <span class='ocrx_word' id='word_1_70' title='bbox 1068 1836 1151 1887; x_wconf 87' lang='lat' dir='ltr'>V.‚</span> <span class='ocrx_word' id='word_1_71' title='bbox 1182 1848 1237 1876; x_wconf 93' lang='lat' dir='ltr'>ac</span> <span class='ocrx_word' id='word_1_72' title='bbox 1265 1836 1430 1876; x_wconf 88' lang='lat' dir='ltr'>deinde</span> <span class='ocrx_word' id='word_1_73' title='bbox 1459 1837 1657 1876; x_wconf 85' lang='lat' dir='ltr'>caeteris</span> <span class='ocrx_word' id='word_1_74' title='bbox 1685 1836 1894 1887; x_wconf 88' lang='lat' dir='ltr'>patribus</span> <span class='ocrx_word' id='word_1_75' title='bbox 1924 1846 1979 1874; x_wconf 90' lang='lat' dir='ltr'>ac</span> 
     </span>
     <span class='ocr_line' id='line_1_14' title="bbox 347 1905 1979 1957; baseline -0.001 -11"><span class='ocrx_word' id='word_1_76' title='bbox 347 1907 569 1948; x_wconf 84' lang='lat' dir='ltr'>fratribus</span> <span class='ocrx_word' id='word_1_77' title='bbox 592 1908 880 1949; x_wconf 72' lang='lat' dir='ltr'>charissimis</span> <span class='ocrx_word' id='word_1_78' title='bbox 902 1914 1090 1948; x_wconf 88' lang='lat' dir='ltr'>nostrae</span> <span class='ocrx_word' id='word_1_79' title='bbox 1111 1907 1356 1948; x_wconf 84' lang='lat' dir='ltr'>Societatis</span> <span class='ocrx_word' id='word_1_80' title='bbox 1378 1907 1767 1957; x_wconf 81' lang='lat' dir='ltr'>transcribamus3</span> <span class='ocrx_word' id='word_1_81' title='bbox 1791 1906 1837 1946; x_wconf 91' lang='lat' dir='ltr'>id</span> <span class='ocrx_word' id='word_1_82' title='bbox 1858 1905 1979 1957; x_wconf 89' lang='lat' dir='ltr'>quod</span> 
     </span>
     <span class='ocr_line' id='line_1_15' title="bbox 348 1977 1984 2029; baseline -0.001 -11"><span class='ocrx_word' id='word_1_83' title='bbox 348 1979 506 2018; x_wconf 82' lang='lat' dir='ltr'>facere</span> <span class='ocrx_word' id='word_1_84' title='bbox 530 1979 751 2019; x_wconf 89' lang='lat' dir='ltr'>constitui</span> <span class='ocrx_word' id='word_1_85' title='bbox 768 1978 902 2029; x_wconf 82' lang='lat' dir='ltr'>juxta</span> <span class='ocrx_word' id='word_1_86' title='bbox 923 1991 1097 2019; x_wconf 85' lang='lat' dir='ltr'>novum</span> <span class='ocrx_word' id='word_1_87' title='bbox 1119 1979 1357 2019; x_wconf 86' lang='lat' dir='ltr'>decretum</span> <span class='ocrx_word' id='word_1_88' title='bbox 1378 1978 1435 2018; x_wconf 82' lang='lat' dir='ltr'>V.</span> <span class='ocrx_word' id='word_1_89' title='bbox 1460 1978 1508 2018; x_wconf 84' lang='lat' dir='ltr'>P.</span> <span class='ocrx_word' id='word_1_90' title='bbox 1529 2011 1535 2027; x_wconf 87' lang='lat'>‚</span> <span class='ocrx_word' id='word_1_91' title='bbox 1560 1978 1648 2018; x_wconf 88' lang='lat' dir='ltr'>hoc</span> <span class='ocrx_word' id='word_1_92' title='bbox 1670 1984 1752 2027; x_wconf 85' lang='lat' dir='ltr'>est,</span> <span class='ocrx_word' id='word_1_93' title='bbox 1776 1977 1984 2017; x_wconf 81' lang='lat' dir='ltr'>breviter</span> 
     </span>
     <span class='ocr_line' id='line_1_16' title="bbox 349 2048 1980 2101; baseline -0.001 -12"><span class='ocrx_word' id='word_1_94' title='bbox 349 2050 713 2101; x_wconf 71' lang='lat' dir='ltr'>luculenterque.</span> <span class='ocrx_word' id='word_1_95' title='bbox 737 2050 906 2090; x_wconf 86' lang='lat' dir='ltr'>Tribus</span> <span class='ocrx_word' id='word_1_96' title='bbox 927 2050 1068 2100; x_wconf 80' lang='lat' dir='ltr'>igitur</span> <span class='ocrx_word' id='word_1_97' title='bbox 1090 2049 1186 2089; x_wconf 79' lang='lat' dir='ltr'>sere</span> <span class='ocrx_word' id='word_1_98' title='bbox 1203 2050 1432 2101; x_wconf 89' lang='lat' dir='ltr'>capitibus</span> <span class='ocrx_word' id='word_1_99' title='bbox 1449 2060 1679 2089; x_wconf 84' lang='lat' dir='ltr'>summam</span> <span class='ocrx_word' id='word_1_100' title='bbox 1697 2048 1980 2099; x_wconf 88' lang='lat' dir='ltr'>complectar</span> 
     </span>
     <span class='ocr_line' id='line_1_17' title="bbox 349 2120 1981 2172; baseline -0.002 -12"><span class='ocrx_word' id='word_1_101' title='bbox 349 2120 529 2161; x_wconf 88' lang='lat' dir='ltr'>fructus</span> <span class='ocrx_word' id='word_1_102' title='bbox 564 2121 835 2172; x_wconf 79' lang='lat' dir='ltr'>spiritualis,</span> <span class='ocrx_word' id='word_1_103' title='bbox 874 2133 1009 2172; x_wconf 88' lang='lat' dir='ltr'>quem</span> <span class='ocrx_word' id='word_1_104' title='bbox 1040 2121 1167 2161; x_wconf 90' lang='lat' dir='ltr'>Deus</span> <span class='ocrx_word' id='word_1_105' title='bbox 1196 2127 1354 2160; x_wconf 89' lang='lat' dir='ltr'>noster</span> <span class='ocrx_word' id='word_1_106' title='bbox 1389 2132 1473 2160; x_wconf 89' lang='lat' dir='ltr'>sua</span> <span class='ocrx_word' id='word_1_107' title='bbox 1508 2120 1844 2169; x_wconf 80' lang='lat' dir='ltr'>misericordia,</span> <span class='ocrx_word' id='word_1_108' title='bbox 1881 2129 1981 2158; x_wconf 87' lang='lat' dir='ltr'>cur-</span> 
     </span>
     <span class='ocr_line' id='line_1_18' title="bbox 350 2189 1979 2243; baseline -0.002 -12"><span class='ocrx_word' id='word_1_109' title='bbox 350 2191 496 2231; x_wconf 88' lang='lat' dir='ltr'>riculo</span> <span class='ocrx_word' id='word_1_110' title='bbox 509 2190 605 2242; x_wconf 85' lang='lat' dir='ltr'>jam</span> <span class='ocrx_word' id='word_1_111' title='bbox 623 2192 733 2231; x_wconf 90' lang='lat' dir='ltr'>dicti</span> <span class='ocrx_word' id='word_1_112' title='bbox 751 2192 988 2243; x_wconf 89' lang='lat' dir='ltr'>temporis,</span> <span class='ocrx_word' id='word_1_113' title='bbox 1008 2204 1091 2243; x_wconf 91' lang='lat' dir='ltr'>per</span> <span class='ocrx_word' id='word_1_114' title='bbox 1107 2203 1206 2242; x_wconf 92' lang='lat' dir='ltr'>nos,</span> <span class='ocrx_word' id='word_1_115' title='bbox 1233 2192 1446 2231; x_wconf 88' lang='lat' dir='ltr'>minimos</span> <span class='ocrx_word' id='word_1_116' title='bbox 1464 2192 1664 2231; x_wconf 81' lang='lat' dir='ltr'>incultae</span> <span class='ocrx_word' id='word_1_117' title='bbox 1682 2203 1794 2230; x_wconf 92' lang='lat' dir='ltr'>suae</span> <span class='ocrx_word' id='word_1_118' title='bbox 1815 2189 1979 2230; x_wconf 79' lang='lat' dir='ltr'>vineae</span> 
     </span>
     <span class='ocr_line' id='line_1_19' title="bbox 350 2259 1982 2314; baseline -0.002 -12"><span class='ocrx_word' id='word_1_119' title='bbox 350 2262 606 2313; x_wconf 87' lang='lat' dir='ltr'>operarios,</span> <span class='ocrx_word' id='word_1_120' title='bbox 630 2263 837 2309; x_wconf 79' lang='lat' dir='ltr'>excitare</span> <span class='ocrx_word' id='word_1_121' title='bbox 858 2262 1158 2314; x_wconf 87' lang='lat' dir='ltr'>proferreque</span> <span class='ocrx_word' id='word_1_122' title='bbox 1175 2261 1395 2313; x_wconf 86' lang='lat' dir='ltr'>dignatus</span> <span class='ocrx_word' id='word_1_123' title='bbox 1412 2268 1479 2302; x_wconf 90' lang='lat' dir='ltr'>est</span> <span class='ocrx_word' id='word_1_124' title='bbox 1497 2262 1543 2302; x_wconf 93' lang='lat' dir='ltr'>in</span> <span class='ocrx_word' id='word_1_125' title='bbox 1561 2262 1649 2302; x_wconf 90' lang='lat' dir='ltr'>hac</span> <span class='ocrx_word' id='word_1_126' title='bbox 1666 2261 1853 2301; x_wconf 89' lang='lat' dir='ltr'>natione</span> <span class='ocrx_word' id='word_1_127' title='bbox 1870 2259 1982 2300; x_wconf 87' lang='lat' dir='ltr'>Ger-</span> 
     </span>
     <span class='ocr_line' id='line_1_20' title="bbox 352 2332 852 2373; baseline 0.002 -1"><span class='ocrx_word' id='word_1_128' title='bbox 352 2333 533 2373; x_wconf 89' lang='lat' dir='ltr'>maniae</span> <span class='ocrx_word' id='word_1_129' title='bbox 555 2332 852 2373; x_wconf 88' lang='lat' dir='ltr'>Austriacae.</span> 
     </span>
    </p>

    <p class='ocr_par' dir='ltr' id='par_1_7' title="bbox 350 2403 1983 2808">
     <span class='ocr_line' id='line_1_21' title="bbox 429 2403 1978 2455; baseline -0.003 -11"><span class='ocrx_word' id='word_1_130' title='bbox 429 2404 487 2444; x_wconf 88' lang='lat' dir='ltr'>Et</span> <span class='ocrx_word' id='word_1_131' title='bbox 514 2410 563 2444; x_wconf 90' lang='lat' dir='ltr'>ut</span> <span class='ocrx_word' id='word_1_132' title='bbox 588 2410 813 2455; x_wconf 85' lang='lat' dir='ltr'>tanquam</span> <span class='ocrx_word' id='word_1_133' title='bbox 841 2416 868 2443; x_wconf 92' lang='lat' dir='ltr'>a</span> <span class='ocrx_word' id='word_1_134' title='bbox 895 2403 1210 2444; x_wconf 86' lang='lat' dir='ltr'>fundamentis</span> <span class='ocrx_word' id='word_1_135' title='bbox 1242 2403 1450 2454; x_wconf 89' lang='lat' dir='ltr'>ipsarum</span> <span class='ocrx_word' id='word_1_136' title='bbox 1484 2414 1641 2443; x_wconf 88' lang='lat' dir='ltr'>rerum</span> <span class='ocrx_word' id='word_1_137' title='bbox 1669 2408 1820 2442; x_wconf 92' lang='lat' dir='ltr'>sumat</span> <span class='ocrx_word' id='word_1_138' title='bbox 1850 2412 1978 2441; x_wconf 78' lang='lat' dir='ltr'>exor—</span> 
     </span>
     <span class='ocr_line' id='line_1_22' title="bbox 352 2472 1980 2525; baseline -0.001 -12"><span class='ocrx_word' id='word_1_139' title='bbox 352 2474 476 2514; x_wconf 87' lang='lat' dir='ltr'>dium</span> <span class='ocrx_word' id='word_1_140' title='bbox 506 2475 622 2515; x_wconf 89' lang='lat' dir='ltr'>haec</span> <span class='ocrx_word' id='word_1_141' title='bbox 656 2480 816 2514; x_wconf 87' lang='lat' dir='ltr'>nostra</span> <span class='ocrx_word' id='word_1_142' title='bbox 844 2474 1054 2525; x_wconf 85' lang='lat' dir='ltr'>epistola,</span> <span class='ocrx_word' id='word_1_143' title='bbox 1092 2474 1294 2525; x_wconf 90' lang='lat' dir='ltr'>primum</span> <span class='ocrx_word' id='word_1_144' title='bbox 1321 2474 1583 2525; x_wconf 89' lang='lat' dir='ltr'>aperiemus</span> <span class='ocrx_word' id='word_1_145' title='bbox 1618 2472 1780 2524; x_wconf 87' lang='lat' dir='ltr'>paucis</span> <span class='ocrx_word' id='word_1_146' title='bbox 1808 2477 1980 2512; x_wconf 87' lang='lat' dir='ltr'>statum</span> 
     </span>
     <span class='ocr_line' id='line_1_23' title="bbox 350 2543 1983 2596; baseline -0.002 -12"><span class='ocrx_word' id='word_1_147' title='bbox 350 2546 537 2586; x_wconf 80' lang='lat' dir='ltr'>scholae</span> <span class='ocrx_word' id='word_1_148' title='bbox 557 2551 747 2586; x_wconf 90' lang='lat' dir='ltr'>nostrae</span> <span class='ocrx_word' id='word_1_149' title='bbox 767 2545 1017 2595; x_wconf 87' lang='lat' dir='ltr'>literariae‚</span> <span class='ocrx_word' id='word_1_150' title='bbox 1042 2557 1100 2584; x_wconf 80' lang='lat' dir='ltr'>ex</span> <span class='ocrx_word' id='word_1_151' title='bbox 1123 2557 1211 2596; x_wconf 88' lang='lat' dir='ltr'>qua</span> <span class='ocrx_word' id='word_1_152' title='bbox 1234 2545 1440 2596; x_wconf 83' lang='lat' dir='ltr'>quidem,</span> <span class='ocrx_word' id='word_1_153' title='bbox 1475 2545 1513 2584; x_wconf 91' lang='lat' dir='ltr'>si</span> <span class='ocrx_word' id='word_1_154' title='bbox 1534 2544 1774 2584; x_wconf 87' lang='lat' dir='ltr'>uberiores</span> <span class='ocrx_word' id='word_1_155' title='bbox 1801 2543 1983 2582; x_wconf 83' lang='lat' dir='ltr'>fructus</span> 
     </span>
     <span class='ocr_line' id='line_1_24' title="bbox 353 2613 1979 2667; baseline -0.002 -11"><span class='ocrx_word' id='word_1_156' title='bbox 353 2617 397 2655; x_wconf 91' lang='lat' dir='ltr'>in</span> <span class='ocrx_word' id='word_1_157' title='bbox 419 2616 620 2656; x_wconf 92' lang='lat' dir='ltr'>Domino</span> <span class='ocrx_word' id='word_1_158' title='bbox 642 2616 913 2667; x_wconf 86' lang='lat' dir='ltr'>promittere</span> <span class='ocrx_word' id='word_1_159' title='bbox 930 2627 1122 2667; x_wconf 90' lang='lat' dir='ltr'>possum</span> <span class='ocrx_word' id='word_1_160' title='bbox 1140 2616 1187 2655; x_wconf 89' lang='lat' dir='ltr'>in</span> <span class='ocrx_word' id='word_1_161' title='bbox 1202 2616 1591 2666; x_wconf 82' lang='lat' dir='ltr'>praesentiarum,</span> <span class='ocrx_word' id='word_1_162' title='bbox 1611 2626 1749 2666; x_wconf 88' lang='lat' dir='ltr'>quam</span> <span class='ocrx_word' id='word_1_163' title='bbox 1766 2613 1979 2663; x_wconf 90' lang='lat' dir='ltr'>decerpe-</span> 
     </span>
     <span class='ocr_line' id='line_1_25' title="bbox 351 2685 1981 2737; baseline -0.003 -10"><span class='ocrx_word' id='word_1_164' title='bbox 351 2699 413 2737; x_wconf 85' lang='lat' dir='ltr'>re,</span> <span class='ocrx_word' id='word_1_165' title='bbox 438 2688 669 2727; x_wconf 84' lang='lat' dir='ltr'>neminem</span> <span class='ocrx_word' id='word_1_166' title='bbox 689 2687 889 2727; x_wconf 87' lang='lat' dir='ltr'>arbitror</span> <span class='ocrx_word' id='word_1_167' title='bbox 911 2687 1044 2727; x_wconf 89' lang='lat' dir='ltr'>nobis</span> <span class='ocrx_word' id='word_1_168' title='bbox 1064 2687 1109 2726; x_wconf 92' lang='lat' dir='ltr'>id</span> <span class='ocrx_word' id='word_1_169' title='bbox 1130 2687 1243 2726; x_wconf 83' lang='lat' dir='ltr'>Vitio</span> <span class='ocrx_word' id='word_1_170' title='bbox 1268 2687 1499 2735; x_wconf 90' lang='lat' dir='ltr'>daturum,</span> <span class='ocrx_word' id='word_1_171' title='bbox 1521 2698 1625 2726; x_wconf 90' lang='lat' dir='ltr'>cum</span> <span class='ocrx_word' id='word_1_172' title='bbox 1643 2697 1765 2725; x_wconf 88' lang='lat' dir='ltr'>nunc</span> <span class='ocrx_word' id='word_1_173' title='bbox 1781 2685 1981 2736; x_wconf 91' lang='lat' dir='ltr'>primum</span> 
     </span>
     <span class='ocr_line' id='line_1_26' title="bbox 353 2754 1980 2808; baseline -0.003 -11"><span class='ocrx_word' id='word_1_174' title='bbox 353 2758 566 2797; x_wconf 88' lang='lat' dir='ltr'>omnibus</span> <span class='ocrx_word' id='word_1_175' title='bbox 583 2765 741 2797; x_wconf 87' lang='lat' dir='ltr'>nostro</span> <span class='ocrx_word' id='word_1_176' title='bbox 759 2757 1031 2808; x_wconf 80' lang='lat' dir='ltr'>magisterio</span> <span class='ocrx_word' id='word_1_177' title='bbox 1049 2769 1150 2797; x_wconf 90' lang='lat' dir='ltr'>sese</span> <span class='ocrx_word' id='word_1_178' title='bbox 1169 2757 1450 2797; x_wconf 89' lang='lat' dir='ltr'>erudiendos</span> <span class='ocrx_word' id='word_1_179' title='bbox 1467 2756 1765 2797; x_wconf 84' lang='lat' dir='ltr'>offerentibus</span> <span class='ocrx_word' id='word_1_180' title='bbox 1780 2754 1980 2794; x_wconf 87' lang='lat' dir='ltr'>reserari</span> 
     </span>
    </p>
   </div>
   <div class='ocr_carea' id='block_1_6' title="bbox 351 2889 1981 3020">
    <p class='ocr_par' dir='ltr' id='par_1_8' title="bbox 351 2889 1981 3020">
     <span class='ocr_line' id='line_1_27' title="bbox 407 2889 1981 2926; baseline -0.003 -7"><span class='ocrx_word' id='word_1_181' title='bbox 407 2892 415 2911; x_wconf 87' lang='lat'>¹</span> <span class='ocrx_word' id='word_1_182' title='bbox 456 2892 542 2919; x_wconf 87' lang='lat' dir='ltr'>Tota</span> <span class='ocrx_word' id='word_1_183' title='bbox 557 2892 789 2926; x_wconf 83' lang='lat' dir='ltr'>autographa.</span> <span class='ocrx_word' id='word_1_184' title='bbox 812 2892 935 2926; x_wconf 88' lang='lat' dir='ltr'>duplici</span> <span class='ocrx_word' id='word_1_185' title='bbox 958 2891 1049 2925; x_wconf 83' lang='lat' dir='ltr'>solio,</span> <span class='ocrx_word' id='word_1_186' title='bbox 1068 2893 1127 2918; x_wconf 87' lang='lat' dir='ltr'>sub</span> <span class='ocrx_word' id='word_1_187' title='bbox 1150 2899 1180 2918; x_wconf 92' lang='lat' dir='ltr'>n.</span> <span class='ocrx_word' id='word_1_188' title='bbox 1196 2891 1257 2918; x_wconf 75' lang='lat'>283.</span> <span class='ocrx_word' id='word_1_189' title='bbox 1270 2891 1379 2918; x_wconf 88' lang='lat' dir='ltr'>—Est</span> <span class='ocrx_word' id='word_1_190' title='bbox 1394 2895 1427 2918; x_wconf 88' lang='lat' dir='ltr'>et</span> <span class='ocrx_word' id='word_1_191' title='bbox 1446 2891 1700 2925; x_wconf 77' lang='lat' dir='ltr'>apographum.</span> <span class='ocrx_word' id='word_1_192' title='bbox 1724 2890 1756 2917; x_wconf 88' lang='lat' dir='ltr'>in</span> <span class='ocrx_word' id='word_1_193' title='bbox 1782 2889 1981 2923; x_wconf 71' lang='lat' dir='ltr'>Hispaniam</span> 
     </span>
     <span class='ocr_line' id='line_1_28' title="bbox 355 2938 1975 2973; baseline -0.001 -8"><span class='ocrx_word' id='word_1_194' title='bbox 355 2939 461 2965; x_wconf 87' lang='lat' dir='ltr'>Roma</span> <span class='ocrx_word' id='word_1_195' title='bbox 477 2940 624 2973; x_wconf 83' lang='lat' dir='ltr'>missum,</span> <span class='ocrx_word' id='word_1_196' title='bbox 642 2940 673 2966; x_wconf 82' lang='lat' dir='ltr'>in</span> <span class='ocrx_word' id='word_1_197' title='bbox 690 2939 851 2966; x_wconf 75' lang='lat' dir='ltr'>Historia</span> <span class='ocrx_word' id='word_1_198' title='bbox 867 2939 983 2971; x_wconf 81' lang='lat' dir='ltr'>varia,</span> <span class='ocrx_word' id='word_1_199' title='bbox 998 2939 1065 2966; x_wconf 87' lang='lat' dir='ltr'>vol.</span> <span class='ocrx_word' id='word_1_200' title='bbox 1081 2945 1102 2973; x_wconf 87' lang='lat'>1,</span> <span class='ocrx_word' id='word_1_201' title='bbox 1119 2939 1174 2965; x_wconf 87' lang='lat' dir='ltr'>fol.</span> <span class='ocrx_word' id='word_1_202' title='bbox 1186 2939 1248 2972; x_wconf 61' lang='lat'>314,</span> <span class='ocrx_word' id='word_1_203' title='bbox 1262 2939 1348 2972; x_wconf 89' lang='lat' dir='ltr'>quod</span> <span class='ocrx_word' id='word_1_204' title='bbox 1365 2946 1404 2965; x_wconf 91' lang='lat' dir='ltr'>ne</span> <span class='ocrx_word' id='word_1_205' title='bbox 1420 2946 1483 2965; x_wconf 89' lang='lat' dir='ltr'>uno</span> <span class='ocrx_word' id='word_1_206' title='bbox 1496 2938 1629 2972; x_wconf 86' lang='lat' dir='ltr'>quidem</span> <span class='ocrx_word' id='word_1_207' title='bbox 1642 2939 1747 2964; x_wconf 76' lang='lat' dir='ltr'>verbo</span> <span class='ocrx_word' id='word_1_208' title='bbox 1763 2938 1805 2964; x_wconf 90' lang='lat' dir='ltr'>ab</span> <span class='ocrx_word' id='word_1_209' title='bbox 1821 2941 1975 2970; x_wconf 81' lang='lat' dir='ltr'>autogra-</span> 
     </span>
     <span class='ocr_line' id='line_1_29' title="bbox 351 2987 615 3020; baseline 0.004 -8"><span class='ocrx_word' id='word_1_210' title='bbox 351 2987 418 3020; x_wconf 85' lang='lat' dir='ltr'>pho</span> <span class='ocrx_word' id='word_1_211' title='bbox 433 2987 615 3020; x_wconf 77' lang='lat' dir='ltr'>discrepat.</span> 
     </span>
    </p>
   </div>
  </div>
 </body>
</html>
