2080 3392
822 155 905 192 ΑΝ.
937 154 1029 192 1553
1680 151 1752 188 3³5

114 264 164 298 ut
203 268 340 298 nemo
376 268 470 296 non
508 255 631 295 illius
669 254 774 294 vice
813 252 1076 292 afficeretur
1113 251 1338 291 dolenter.
1375 250 1513 291 Pater
1549 260 1748 301 quoque,

111 329 276 370 eadem
296 328 478 368 ratione
500 331 776 375 commotus,
800 323 1135 364 obscurissima
1157 323 1373 375 quamvis
1394 328 1550 372 nocte,
1577 320 1636 361 ad
1656 319 1751 360 Du-

114 411 215 441 cem
237 399 383 450 misit,
409 398 487 451 qui
507 397 709 438 efficeret
730 402 780 436 ut
801 395 914 435 illud
936 395 1112 435 crimen
1142 405 1221 434 reo
1253 393 1616 434 condonaretur.
1648 391 1751 431 Hoc

113 472 289 524 petenti
311 481 610 523 nequaquam
631 468 917 519 denegatum
937 466 1038 516 fuit,
1063 466 1173 517 quin
1192 466 1334 505 immo
1358 477 1412 505 eo
1435 464 1658 516 temporis
1680 475 1749 503 ar-

113 543 255 584 ticulo
278 553 505 594 suspensa
526 545 844 590 revocataque
865 537 1111 586 sententia,
1137 536 1430 587 adolescens,
1456 536 1594 576 morti
1615 534 1750 575 desti-

112 619 272 665 natus,
304 613 403 653 vita
438 612 656 652 donatur.
687 610 865 661 Quam,
895 611 947 647 ut
974 612 1252 658 speramus,
1284 607 1332 646 in
1360 606 1454 646 Dei
1480 606 1752 657 obsequium

111 685 362 738 impendet.

193 756 310 797 Sunt
344 754 555 795 nonnulli
588 765 790 805 magnae
824 752 1080 794 nobilitatis
1116 757 1160 791 et
1195 750 1496 791 authoritatis
1528 749 1638 799 viri,
1674 749 1753 800 qui

113 829 162 868 P.
186 827 415 881 Jacobum
437 832 481 866 et
503 825 780 875 observant,
804 831 849 865 et
875 824 1012 865 valde
1035 824 1257 874 diligunt,
1292 833 1490 873 quorum
1515 821 1675 860 labore
1706 819 1753 859 in

113 900 235 940 hanc
257 910 385 950 spem
407 897 644 947 venimu5‚
668 902 718 936 ut
746 896 858 936 Divi
883 895 1106 949 Joannini
1136 894 1275 934 aedes
1306 893 1441 933 nobis
1472 892 1750 941 ascribatur,

113 971 245 1010 locus
267 969 518 1010 admodum
545 968 808 1020 appositus,
839 972 936 1007 tam
963 966 1023 1006 ad
1050 965 1288 1006 docendas
1316 965 1497 1004 litteras
1524 974 1664 1014 quam
1695 962 1756 1002 ad

113 1052 410 1082 communem
445 1039 708 1080 animarum
737 1039 936 1086 salutem
969 1036 1339 1089 procurandam;
1372 1041 1439 1085 et,
1470 1045 1756 1086 quamquam

115 1113 366 1153 multorum
401 1110 720 1151 confessiones
755 1109 1022 1159 audiuntur,
1060 1108 1218 1160 plures
1247 1113 1407 1147 tamen
1437 1118 1492 1146 ea
1520 1105 1576 1145 de
1611 1116 1756 1144 causa

115 1184 420 1233 convenient,
451 1183 490 1222 si
515 1181 645 1222 Deus
675 1181 798 1221 hanc
833 1181 923 1221 loci
957 1179 1356 1232 opportunitatem
1390 1189 1484 1217 non
1520 1176 1756 1216 recusabit

115 1254 366 1307 aliquando
389 1253 523 1294 nobis
543 1253 829 1304 permittere.
848 1250 1040 1291 Plurimi
1061 1251 1108 1291 in
1125 1262 1316 1290 carcere
1339 1249 1512 1289 nostris
1531 1247 1756 1288 Sacerdo-

112 1327 234 1367 tibus
256 1324 594 1365 conscientiam
610 1323 935 1376 patefecerunt
955 1328 1000 1362 et
1021 1334 1183 1362 eorum
1199 1321 1494 1373 praesertim,
1515 1319 1593 1371 qui
1609 1320 1756 1358 multo

115 1404 223 1438 ante
258 1404 469 1448 tempore
503 1395 819 1447 poenitentiae
854 1400 1200 1434 sacramentum
1237 1405 1329 1433 non
1364 1392 1594 1432 adierant.
1630 1390 1756 1430 Inter

116 1475 330 1510 caeteros
366 1467 556 1520 quidam
591 1467 715 1507 intra
749 1466 919 1518 viginti
953 1476 1103 1505 annos
1133 1477 1227 1505 non
1262 1463 1530 1513 confessus,
1567 1462 1757 1502 tandem

117 1541 261 1581 animi
283 1540 354 1580 sui
374 1538 631 1591 perniciem
655 1536 682 1588 ¹,
711 1537 925 1578 rescissis
951 1536 1248 1586 vulneribus,
1281 1535 1550 1575 salutariter
1577 1532 1754 1573 effudit.

196 1611 375 1653 Nobilis
397 1610 629 1663 quaedam
651 1614 866 1649 matrona
889 1614 933 1648 et
954 1608 1078 1660 apud
1099 1607 1281 1647 Ducem
1300 1605 1527 1658 primaria
1548 1604 1561 1623 ‘²
1582 1604 1759 1644 nostris

116 1670 281 1724 studiis
306 1682 436 1723 favet
469 1682 744 1733 plurimum3
782 1681 916 1732 eique
944 1679 958 1697 ³
985 1691 1071 1720 nos
1098 1684 1402 1730 nostramque
1430 1682 1759 1729 paupertatem

118 1761 249 1795 tanta
271 1765 385 1794 cura
407 1752 775 1802 commendavit,
800 1758 850 1792 ut
870 1751 1145 1803 lachrymae
1173 1761 1383 1790 amorem
1411 1759 1525 1799 erga
1555 1759 1642 1788 nos
1668 1747 1757 1787 sin-

115 1827 330 1877 gularem
350 1829 654 1865 testarentur.

196 1896 479 1937 Scholastici
518 1895 669 1936 nostri
706 1894 754 1935 in
795 1894 962 1934 litteris
1001 1900 1045 1934 et
1090 1893 1298 1934 moribus
1347 1891 1624 1943 proficiunt,
1672 1901 1760 1930 nos

117 1974 297 2019 amant,
320 1967 624 2008 libentissime
645 1966 835 2007 scholas
864 1971 1054 2006 nostras
1080 1964 1394 2016 frequentant.
1425 1962 1564 2003 Pater
1592 1961 1652 2002 ad
1678 1961 1758 2001 ho-

116 2051 220 2080 rum
236 2040 283 2080 in
300 2039 469 2090 spiritu
484 2037 670 2089 frugem
686 2038 732 2078 in
750 2043 969 2089 suscepta
982 2036 1267 2077 christianae
1280 2035 1523 2075 doctrinae
1535 2034 1757 2084 interpre-

117 2111 295 2152 tatione
329 2110 498 2162 pergit.
534 2110 707 2150 Paucis
741 2114 849 2149 ante
881 2108 1042 2149 diebus
1070 2107 1217 2148 Ducis
1250 2106 1384 2147 liberi
1412 2105 1615 2157 maJ'ores
1644 2111 1758 2144 natu

118 2183 208 2223 huc
236 2182 296 2222 ad
322 2193 407 2222 nos
433 2186 685 2231 venerunt,
716 2180 763 2220 in
797 2191 995 2232 quorum
1028 2179 1233 2231 gratiam
1267 2177 1458 2230 quidam
1493 2189 1551 2216 ex
1586 2175 1761 2215 nostris

120 2253 415 2294 scholasticis
437 2253 699 2293 orationem
719 2251 897 2292 habuit.
920 2251 1103 2292 Deinde
1123 2250 1276 2302 pueri,
1306 2249 1461 2301 pusilli
1490 2247 1757 2297 admodum,

119 2326 167 2366 in
200 2324 414 2364 doctrina
450 2324 708 2364 christiana
743 2322 1139 2375 interrogationes
1166 2322 1270 2373 pias
1303 2321 1481 2373 pariter
1514 2325 1558 2359 et
1588 2329 1761 2359 suaves

119 2396 448 2445 exhibuerunt;
467 2393 670 2445 majores
690 2407 805 2435 vero
827 2395 873 2434 in
894 2394 1075 2434 litteras
1095 2404 1297 2445 graecas
1318 2400 1361 2432 et
1383 2392 1554 2431 latinas
1574 2391 1757 2440 elegan-

119 2474 191 2508 ter
220 2473 265 2507 et
297 2472 464 2518 argute
498 2466 810 2517 disputarunt.
846 2464 947 2505 Has
982 2464 1307 2505 contentiones
1335 2464 1453 2503 alter
1483 2461 1762 2501 adolescens

120 2538 407 2580 carminibus
446 2537 731 2577 terminavit.
771 2537 829 2577 Et
869 2536 986 2576 haec
1025 2535 1182 2576 omnia
1222 2535 1341 2574 inter
1379 2544 1551 2585 pueros
1585 2542 1760 2582 magna

121 2610 329 2650 omnium
351 2621 457 2649 cum
478 2609 720 2659 voluptate
740 2607 867 2647 facta
889 2613 1012 2647 sunt.

197 2680 329 2721 Haec
363 2679 612 2720 scribenda
647 2678 804 2718 habui.
838 2678 910 2718 De
940 2678 1120 2730 reliquo
1155 2689 1242 2717 nos
1269 2687 1430 2716 omnes
1458 2674 1762 2715 vehementer

119 2751 171 2792 T.
195 2751 250 2792 R.
273 2751 323 2792 Ρ.
349 2750 640 2791 orationibus
664 2749 1062 2789 commendamus.

174 2887 185 2906 1
225 2887 378 2913 saniem.
395 2885 575 2913 Polancus.

174 2934 188 2953 2
225 2933 334 2961 Maria
350 2934 389 2961 de
402 2933 532 2961 Gondi?
547 2933 633 2960 Vide
649 2933 820 2967 ΡοιΑΝεο,
844 2931 1048 2965 Chrom'con,
1066 2936 1090 2960 t.
1106 2939 1141 2967 11,
1157 2939 1236 2966 pag.
1252 2931 1312 2964 515,
1328 2938 1358 2957 n.
1375 2930 1437 2957 246.

175 2980 189 3000 ⁵
227 2981 326 3009 Duci.
