<?xml version="1.0" encoding="UTF-8"?>
<!DOCTYPE html PUBLIC "-//W3C//DTD XHTML 1.0 Transitional//EN"
    "http://www.w3.org/TR/xhtml1/DTD/xhtml1-transitional.dtd">
<html xmlns="http://www.w3.org/1999/xhtml" xml:lang="en" lang="en">
 <head>
  <title>
</title>
<meta http-equiv="Content-Type" content="text/html;charset=utf-8" />
  <meta name='ocr-system' content='tesseract 3.04.00' />
  <meta name='ocr-capabilities' content='ocr_page ocr_carea ocr_par ocr_line ocrx_word'/>
</head>
<body>
  <div class='ocr_page' id='page_1' title='image "./litteraequadrime14lain_0332.png"; bbox 0 0 2080 3392; ppageno 0'>
   <div class='ocr_carea' id='block_1_1' title="bbox 279 160 1401 202">
    <p class='ocr_par' dir='ltr' id='par_1_1' title="bbox 279 160 1401 202">
     <span class='ocr_line' id='line_1_1' title="bbox 279 160 1401 202; baseline 0.003 -5"><span class='ocrx_word' id='word_1_1' title='bbox 279 160 351 198; x_wconf 78' lang='lat'>328</span> <span class='ocrx_word' id='word_1_2' title='bbox 788 161 1014 199; x_wconf 83' lang='lat' dir='ltr'>LlTTERAE</span> <span class='ocrx_word' id='word_1_3' title='bbox 1043 172 1401 202; x_wconf 78' lang='lat' dir='ltr'><strong>QUADRIMESTRES</strong></span> 
     </span>
    </p>
   </div>
   <div class='ocr_carea' id='block_1_2' title="bbox 951 613 1241 666">
    <p class='ocr_par' dir='ltr' id='par_1_2' title="bbox 951 613 1241 666">
     <span class='ocr_line' id='line_1_2' title="bbox 951 613 1241 666; baseline -0.007 0"><span class='ocrx_word' id='word_1_4' title='bbox 951 613 1241 666; x_wconf 84' lang='lat' dir='ltr'>CCXXIX</span> 
     </span>
    </p>
   </div>
   <div class='ocr_carea' id='block_1_3' title="bbox 349 838 1006 1019">
    <p class='ocr_par' dir='ltr' id='par_1_3' title="bbox 349 838 1006 1019">
     <span class='ocr_line' id='line_1_3' title="bbox 349 838 899 877; baseline 0.004 -2"><span class='ocrx_word' id='word_1_5' title='bbox 349 838 395 875; x_wconf 89' lang='grc' dir='ltr'>Ρ.</span> <span class='ocrx_word' id='word_1_6' title='bbox 419 838 642 877; x_wconf 84' lang='lat' dir='ltr'>Oliverius</span> <span class='ocrx_word' id='word_1_7' title='bbox 662 840 899 877; x_wconf 85' lang='lat' dir='ltr'>Manareus</span> 
     </span>
     <span class='ocr_line' id='line_1_4' title="bbox 400 904 986 954; baseline 0.002 -13"><span class='ocrx_word' id='word_1_8' title='bbox 400 904 520 942; x_wconf 85' lang='lat' dir='ltr'>Patri</span> <span class='ocrx_word' id='word_1_9' title='bbox 538 905 708 953; x_wconf 80' lang='lat' dir='ltr'>Ignatio</span> <span class='ocrx_word' id='word_1_10' title='bbox 729 906 779 943; x_wconf 86' lang='lat' dir='ltr'>de</span> <span class='ocrx_word' id='word_1_11' title='bbox 800 906 986 954; x_wconf 81' lang='lat' dir='ltr'>Loyola.</span> 
     </span>
     <span class='ocr_line' id='line_1_5' title="bbox 443 970 1006 1019; baseline 0 -12"><span class='ocrx_word' id='word_1_12' title='bbox 443 970 658 1018; x_wconf 84' lang='lat' dir='ltr'>Eugubio,</span> <span class='ocrx_word' id='word_1_13' title='bbox 679 971 722 1008; x_wconf 82' lang='lat'>31</span> <span class='ocrx_word' id='word_1_14' title='bbox 743 971 847 1019; x_wconf 85' lang='lat' dir='ltr'>Maji</span> <span class='ocrx_word' id='word_1_15' title='bbox 869 973 960 1009; x_wconf 78' lang='lat'>1553</span> <span class='ocrx_word' id='word_1_16' title='bbox 983 973 1006 1007; x_wconf 90' lang='lat'>¹.</span> 
     </span>
    </p>
   </div>
   <div class='ocr_carea' id='block_1_4' title="bbox 1036 1233 1133 1274">
    <p class='ocr_par' dir='ltr' id='par_1_4' title="bbox 1036 1233 1133 1274">
     <span class='ocr_line' id='line_1_6' title="bbox 1036 1233 1133 1274; baseline 0 0"><span class='ocrx_word' id='word_1_17' title='bbox 1036 1233 1133 1274; x_wconf 83' lang='lat' dir='ltr'>IHS</span> 
     </span>
    </p>
   </div>
   <div class='ocr_carea' id='block_1_5' title="bbox 274 1461 1953 2578">
    <p class='ocr_par' dir='ltr' id='par_1_5' title="bbox 280 1461 1911 1574">
     <span class='ocr_line' id='line_1_7' title="bbox 361 1461 1911 1517; baseline 0.001 -15"><span class='ocrx_word' id='word_1_18' title='bbox 361 1461 474 1503; x_wconf 90' lang='lat' dir='ltr'>Gra.</span> <span class='ocrx_word' id='word_1_19' title='bbox 498 1469 541 1502; x_wconf 85' lang='lat' dir='ltr'>et</span> <span class='ocrx_word' id='word_1_20' title='bbox 570 1475 663 1515; x_wconf 83' lang='lat' dir='ltr'>pax</span> <span class='ocrx_word' id='word_1_21' title='bbox 691 1464 784 1504; x_wconf 89' lang='lat' dir='ltr'>dni.</span> <span class='ocrx_word' id='word_1_22' title='bbox 812 1464 899 1504; x_wconf 91' lang='lat' dir='ltr'>nri.</span> <span class='ocrx_word' id='word_1_23' title='bbox 931 1463 1041 1515; x_wconf 90' lang='lat' dir='ltr'>Jesu</span> <span class='ocrx_word' id='word_1_24' title='bbox 1076 1464 1149 1505; x_wconf 86' lang='lat' dir='ltr'>X.i</span> <span class='ocrx_word' id='word_1_25' title='bbox 1178 1465 1380 1505; x_wconf 76' lang='lat' dir='ltr'>abundet</span> <span class='ocrx_word' id='word_1_26' title='bbox 1410 1477 1592 1517; x_wconf 78' lang='lat' dir='ltr'><strong>semper</strong></span> <span class='ocrx_word' id='word_1_27' title='bbox 1619 1465 1666 1505; x_wconf 89' lang='lat' dir='ltr'>in</span> <span class='ocrx_word' id='word_1_28' title='bbox 1693 1464 1911 1505; x_wconf 77' lang='lat' dir='ltr'>cordibus</span> 
     </span>
     <span class='ocr_line' id='line_1_8' title="bbox 280 1533 584 1574; baseline 0 -1"><span class='ocrx_word' id='word_1_29' title='bbox 280 1534 393 1573; x_wconf 87' lang='lat' dir='ltr'>nris.</span> <span class='ocrx_word' id='word_1_30' title='bbox 417 1533 584 1574; x_wconf 88' lang='lat' dir='ltr'>Amen.</span> 
     </span>
    </p>

    <p class='ocr_par' dir='ltr' id='par_1_6' title="bbox 274 1604 1953 2224">
     <span class='ocr_line' id='line_1_9' title="bbox 355 1604 1907 1658; baseline 0.001 -14"><span class='ocrx_word' id='word_1_31' title='bbox 355 1604 455 1644; x_wconf 91' lang='lat' dir='ltr'>Etsi</span> <span class='ocrx_word' id='word_1_32' title='bbox 476 1605 531 1644; x_wconf 91' lang='lat' dir='ltr'>de</span> <span class='ocrx_word' id='word_1_33' title='bbox 554 1611 633 1645; x_wconf 88' lang='lat' dir='ltr'>tua</span> <span class='ocrx_word' id='word_1_34' title='bbox 654 1617 735 1656; x_wconf 91' lang='lat' dir='ltr'>spe</span> <span class='ocrx_word' id='word_1_35' title='bbox 756 1618 849 1645; x_wconf 89' lang='lat' dir='ltr'>non</span> <span class='ocrx_word' id='word_1_36' title='bbox 871 1606 1154 1653; x_wconf 77' lang='lat' dir='ltr'>dubitarem,</span> <span class='ocrx_word' id='word_1_37' title='bbox 1179 1606 1231 1647; x_wconf 84' lang='lat' dir='ltr'>R.</span> <span class='ocrx_word' id='word_1_38' title='bbox 1257 1606 1305 1646; x_wconf 83' lang='lat' dir='ltr'>P.</span> <span class='ocrx_word' id='word_1_39' title='bbox 1326 1639 1333 1658; x_wconf 94' lang='lat'>,</span> <span class='ocrx_word' id='word_1_40' title='bbox 1367 1614 1410 1647; x_wconf 88' lang='lat' dir='ltr'>te</span> <span class='ocrx_word' id='word_1_41' title='bbox 1438 1613 1595 1647; x_wconf 86' lang='lat' dir='ltr'>tamen</span> <span class='ocrx_word' id='word_1_42' title='bbox 1626 1606 1793 1647; x_wconf 88' lang='lat' dir='ltr'>maiori</span> <span class='ocrx_word' id='word_1_43' title='bbox 1818 1607 1907 1646; x_wconf 88' lang='lat' dir='ltr'>lae-</span> 
     </span>
     <span class='ocr_line' id='line_1_10' title="bbox 274 1676 1910 1729; baseline 0.001 -15"><span class='ocrx_word' id='word_1_44' title='bbox 274 1680 423 1715; x_wconf 89' lang='lat' dir='ltr'>tatum</span> <span class='ocrx_word' id='word_1_45' title='bbox 454 1676 509 1715; x_wconf 88' lang='lat' dir='ltr'>iri</span> <span class='ocrx_word' id='word_1_46' title='bbox 539 1676 831 1728; x_wconf 88' lang='lat' dir='ltr'>desiderans,</span> <span class='ocrx_word' id='word_1_47' title='bbox 862 1678 947 1717; x_wconf 91' lang='lat' dir='ltr'>sub</span> <span class='ocrx_word' id='word_1_48' title='bbox 981 1677 1119 1717; x_wconf 86' lang='lat' dir='ltr'>finem</span> <span class='ocrx_word' id='word_1_49' title='bbox 1151 1678 1414 1718; x_wconf 86' lang='lat' dir='ltr'>litterarum</span> <span class='ocrx_word' id='word_1_50' title='bbox 1441 1678 1696 1729; x_wconf 89' lang='lat' dir='ltr'>superioris</span> <span class='ocrx_word' id='word_1_51' title='bbox 1727 1677 1910 1729; x_wconf 85' lang='lat' dir='ltr'>quadri—</span> 
     </span>
     <span class='ocr_line' id='line_1_11' title="bbox 275 1747 1910 1800; baseline 0.001 -14"><span class='ocrx_word' id='word_1_52' title='bbox 275 1747 479 1796; x_wconf 87' lang='lat' dir='ltr'>mestris,</span> <span class='ocrx_word' id='word_1_53' title='bbox 517 1747 718 1787; x_wconf 87' lang='lat' dir='ltr'>maiores</span> <span class='ocrx_word' id='word_1_54' title='bbox 758 1748 803 1787; x_wconf 89' lang='lat' dir='ltr'>in</span> <span class='ocrx_word' id='word_1_55' title='bbox 838 1747 918 1787; x_wconf 84' lang='lat' dir='ltr'>X.0</span> <span class='ocrx_word' id='word_1_56' title='bbox 955 1748 1134 1788; x_wconf 85' lang='lat' dir='ltr'>fructus</span> <span class='ocrx_word' id='word_1_57' title='bbox 1169 1760 1388 1800; x_wconf 86' lang='lat' dir='ltr'>sequens,</span> <span class='ocrx_word' id='word_1_58' title='bbox 1433 1749 1521 1789; x_wconf 91' lang='lat' dir='ltr'>hoc</span> <span class='ocrx_word' id='word_1_59' title='bbox 1557 1755 1646 1799; x_wconf 92' lang='lat' dir='ltr'>est,</span> <span class='ocrx_word' id='word_1_60' title='bbox 1687 1760 1910 1800; x_wconf 76' lang='lat' dir='ltr'>praesens</span> 
     </span>
     <span class='ocr_line' id='line_1_12' title="bbox 275 1818 1912 1871; baseline 0.001 -14"><span class='ocrx_word' id='word_1_61' title='bbox 275 1818 616 1869; x_wconf 75' lang='lat' dir='ltr'>quadrimestre</span> <span class='ocrx_word' id='word_1_62' title='bbox 657 1820 906 1859; x_wconf 86' lang='lat' dir='ltr'>allaturum</span> <span class='ocrx_word' id='word_1_63' title='bbox 940 1820 1210 1871; x_wconf 88' lang='lat' dir='ltr'>pollicebar.</span> <span class='ocrx_word' id='word_1_64' title='bbox 1255 1820 1359 1860; x_wconf 91' lang='lat' dir='ltr'>Hoc</span> <span class='ocrx_word' id='word_1_65' title='bbox 1392 1826 1547 1860; x_wconf 88' lang='lat' dir='ltr'>autem</span> <span class='ocrx_word' id='word_1_66' title='bbox 1582 1819 1912 1871; x_wconf 86' lang='lat' dir='ltr'>quadrimestri</span> 
     </span>
     <span class='ocr_line' id='line_1_13' title="bbox 275 1888 1953 1942; baseline 0.001 -14"><span class='ocrx_word' id='word_1_67' title='bbox 275 1889 459 1928; x_wconf 91' lang='lat' dir='ltr'>tenuior</span> <span class='ocrx_word' id='word_1_68' title='bbox 493 1900 649 1929; x_wconf 89' lang='lat' dir='ltr'>rerum</span> <span class='ocrx_word' id='word_1_69' title='bbox 684 1888 915 1929; x_wconf 87' lang='lat' dir='ltr'>factarum</span> <span class='ocrx_word' id='word_1_70' title='bbox 950 1891 1158 1941; x_wconf 76' lang='lat' dir='ltr'>supellex</span> <span class='ocrx_word' id='word_1_71' title='bbox 1195 1889 1332 1930; x_wconf 90' lang='lat' dir='ltr'>efficit</span> <span class='ocrx_word' id='word_1_72' title='bbox 1358 1896 1407 1930; x_wconf 90' lang='lat' dir='ltr'>ut</span> <span class='ocrx_word' id='word_1_73' title='bbox 1434 1902 1506 1930; x_wconf 92' lang='lat' dir='ltr'>me</span> <span class='ocrx_word' id='word_1_74' title='bbox 1535 1890 1727 1941; x_wconf 79' lang='lat' dir='ltr'>polliciti</span> <span class='ocrx_word' id='word_1_75' title='bbox 1757 1890 1909 1942; x_wconf 89' lang='lat' dir='ltr'>poeni·</span> <span class='ocrx_word' id='word_1_76' title='bbox 1951 1904 1953 1907; x_wconf 93' lang='lat'>·</span> 
     </span>
     <span class='ocr_line' id='line_1_14' title="bbox 274 1960 1909 2013; baseline 0.001 -14"><span class='ocrx_word' id='word_1_77' title='bbox 274 1965 393 2010; x_wconf 89' lang='lat' dir='ltr'>teat,</span> <span class='ocrx_word' id='word_1_78' title='bbox 418 1972 523 2000; x_wconf 90' lang='lat' dir='ltr'>cum</span> <span class='ocrx_word' id='word_1_79' title='bbox 544 1960 747 2000; x_wconf 81' lang='lat' dir='ltr'>maxime</span> <span class='ocrx_word' id='word_1_80' title='bbox 768 1960 883 2000; x_wconf 86' lang='lat' dir='ltr'>nihil</span> <span class='ocrx_word' id='word_1_81' title='bbox 905 1961 951 2001; x_wconf 90' lang='lat' dir='ltr'>in</span> <span class='ocrx_word' id='word_1_82' title='bbox 975 1968 1192 2013; x_wconf 91' lang='lat' dir='ltr'>promptu</span> <span class='ocrx_word' id='word_1_83' title='bbox 1213 1962 1286 2011; x_wconf 90' lang='lat' dir='ltr'>sit,</span> <span class='ocrx_word' id='word_1_84' title='bbox 1312 1961 1435 2013; x_wconf 90' lang='lat' dir='ltr'>quod</span> <span class='ocrx_word' id='word_1_85' title='bbox 1457 1962 1515 2001; x_wconf 90' lang='lat' dir='ltr'>ad</span> <span class='ocrx_word' id='word_1_86' title='bbox 1535 1968 1746 2001; x_wconf 88' lang='lat' dir='ltr'>nostram</span> <span class='ocrx_word' id='word_1_87' title='bbox 1775 1972 1909 2000; x_wconf 79' lang='lat' dir='ltr'>excu-</span> 
     </span>
     <span class='ocr_line' id='line_1_15' title="bbox 276 2032 1908 2084; baseline 0.001 -14"><span class='ocrx_word' id='word_1_88' title='bbox 276 2032 506 2071; x_wconf 78' lang='lat' dir='ltr'>sationem</span> <span class='ocrx_word' id='word_1_89' title='bbox 545 2032 904 2071; x_wconf 89' lang='lat' dir='ltr'>accommodare</span> <span class='ocrx_word' id='word_1_90' title='bbox 942 2033 1150 2083; x_wconf 85' lang='lat' dir='ltr'>valeam,</span> <span class='ocrx_word' id='word_1_91' title='bbox 1192 2044 1332 2084; x_wconf 88' lang='lat' dir='ltr'>quam</span> <span class='ocrx_word' id='word_1_92' title='bbox 1378 2043 1527 2072; x_wconf 85' lang='lat' dir='ltr'>nram.</span> <span class='ocrx_word' id='word_1_93' title='bbox 1574 2032 1908 2080; x_wconf 85' lang='lat' dir='ltr'>infirmitatem,</span> 
     </span>
     <span class='ocr_line' id='line_1_16' title="bbox 274 2101 1912 2154; baseline 0 -13"><span class='ocrx_word' id='word_1_94' title='bbox 274 2113 368 2153; x_wconf 85' lang='lat' dir='ltr'>qua</span> <span class='ocrx_word' id='word_1_95' title='bbox 390 2102 471 2141; x_wconf 86' lang='lat' dir='ltr'>tibi</span> <span class='ocrx_word' id='word_1_96' title='bbox 493 2102 635 2152; x_wconf 87' lang='lat' dir='ltr'>probe</span> <span class='ocrx_word' id='word_1_97' title='bbox 662 2109 931 2153; x_wconf 88' lang='lat' dir='ltr'>perspecta,</span> <span class='ocrx_word' id='word_1_98' title='bbox 967 2103 1275 2154; x_wconf 86' lang='lat' dir='ltr'>quadrantem</span> <span class='ocrx_word' id='word_1_99' title='bbox 1303 2115 1329 2142; x_wconf 88' lang='lat' dir='ltr'>a</span> <span class='ocrx_word' id='word_1_100' title='bbox 1359 2103 1493 2143; x_wconf 89' lang='lat' dir='ltr'>nobis</span> <span class='ocrx_word' id='word_1_101' title='bbox 1525 2103 1731 2143; x_wconf 92' lang='lat' dir='ltr'>oblatum</span> <span class='ocrx_word' id='word_1_102' title='bbox 1759 2101 1912 2142; x_wconf 88' lang='lat' dir='ltr'>aureis</span> 
     </span>
     <span class='ocr_line' id='line_1_17' title="bbox 276 2172 1741 2224; baseline 0.001 -12"><span class='ocrx_word' id='word_1_103' title='bbox 276 2173 475 2212; x_wconf 87' lang='lat' dir='ltr'>aliorum</span> <span class='ocrx_word' id='word_1_104' title='bbox 497 2172 695 2212; x_wconf 86' lang='lat' dir='ltr'>divitum</span> <span class='ocrx_word' id='word_1_105' title='bbox 716 2173 916 2213; x_wconf 88' lang='lat' dir='ltr'>nummis</span> <span class='ocrx_word' id='word_1_106' title='bbox 937 2178 981 2213; x_wconf 90' lang='lat' dir='ltr'>te</span> <span class='ocrx_word' id='word_1_107' title='bbox 1003 2185 1096 2213; x_wconf 90' lang='lat' dir='ltr'>non</span> <span class='ocrx_word' id='word_1_108' title='bbox 1118 2173 1493 2224; x_wconf 89' lang='lat' dir='ltr'>posthabiturum</span> <span class='ocrx_word' id='word_1_109' title='bbox 1511 2172 1694 2213; x_wconf 88' lang='lat' dir='ltr'>confido</span> <span class='ocrx_word' id='word_1_110' title='bbox 1714 2172 1741 2213; x_wconf 71' lang='lat'>⁶².</span> 
     </span>
    </p>

    <p class='ocr_par' dir='ltr' id='par_1_7' title="bbox 276 2243 1912 2578">
     <span class='ocr_line' id='line_1_18' title="bbox 357 2243 1911 2295; baseline 0.001 -13"><span class='ocrx_word' id='word_1_111' title='bbox 357 2243 416 2283; x_wconf 88' lang='lat' dir='ltr'>Ut</span> <span class='ocrx_word' id='word_1_112' title='bbox 452 2243 593 2293; x_wconf 81' lang='lat' dir='ltr'>igitur</span> <span class='ocrx_word' id='word_1_113' title='bbox 620 2255 705 2294; x_wconf 84' lang='lat' dir='ltr'>pro</span> <span class='ocrx_word' id='word_1_114' title='bbox 733 2254 862 2283; x_wconf 91' lang='lat' dir='ltr'>more</span> <span class='ocrx_word' id='word_1_115' title='bbox 891 2243 1173 2284; x_wconf 84' lang='lat' dir='ltr'>scholastica</span> <span class='ocrx_word' id='word_1_116' title='bbox 1210 2244 1558 2295; x_wconf 87' lang='lat' dir='ltr'>domesticaque</span> <span class='ocrx_word' id='word_1_117' title='bbox 1593 2243 1911 2295; x_wconf 85' lang='lat' dir='ltr'>spiritualibus</span> 
     </span>
     <span class='ocr_line' id='line_1_19' title="bbox 276 2314 1910 2366; baseline 0 -13"><span class='ocrx_word' id='word_1_118' title='bbox 276 2316 654 2365; x_wconf 81' lang='lat' dir='ltr'>praemittamus,</span> <span class='ocrx_word' id='word_1_119' title='bbox 679 2326 840 2354; x_wconf 91' lang='lat' dir='ltr'>omnes</span> <span class='ocrx_word' id='word_1_120' title='bbox 860 2314 1030 2355; x_wconf 88' lang='lat' dir='ltr'>fratres</span> <span class='ocrx_word' id='word_1_121' title='bbox 1052 2316 1220 2366; x_wconf 85' lang='lat' dir='ltr'>nostri,</span> <span class='ocrx_word' id='word_1_122' title='bbox 1245 2314 1334 2355; x_wconf 88' lang='lat' dir='ltr'>Dei</span> <span class='ocrx_word' id='word_1_123' title='bbox 1361 2315 1599 2364; x_wconf 89' lang='lat' dir='ltr'>beneficio,</span> <span class='ocrx_word' id='word_1_124' title='bbox 1634 2327 1726 2354; x_wconf 91' lang='lat' dir='ltr'>non</span> <span class='ocrx_word' id='word_1_125' title='bbox 1758 2315 1910 2354; x_wconf 91' lang='lat' dir='ltr'>minus</span> 
     </span>
     <span class='ocr_line' id='line_1_20' title="bbox 278 2385 1912 2437; baseline 0 -14"><span class='ocrx_word' id='word_1_126' title='bbox 278 2385 324 2424; x_wconf 91' lang='lat' dir='ltr'>in</span> <span class='ocrx_word' id='word_1_127' title='bbox 359 2385 557 2424; x_wconf 84' lang='lat' dir='ltr'>virtutes</span> <span class='ocrx_word' id='word_1_128' title='bbox 584 2396 724 2436; x_wconf 90' lang='lat' dir='ltr'>quam</span> <span class='ocrx_word' id='word_1_129' title='bbox 750 2385 909 2425; x_wconf 86' lang='lat' dir='ltr'>literas</span> <span class='ocrx_word' id='word_1_130' title='bbox 937 2385 1230 2435; x_wconf 90' lang='lat' dir='ltr'>incumbunt,</span> <span class='ocrx_word' id='word_1_131' title='bbox 1266 2385 1468 2437; x_wconf 84' lang='lat' dir='ltr'>quotidie</span> <span class='ocrx_word' id='word_1_132' title='bbox 1500 2385 1691 2425; x_wconf 88' lang='lat' dir='ltr'>maioris</span> <span class='ocrx_word' id='word_1_133' title='bbox 1723 2385 1912 2424; x_wconf 87' lang='lat' dir='ltr'>virtutis</span> 
     </span>
     <span class='ocr_line' id='line_1_21' title="bbox 280 2455 1910 2507; baseline 0.001 -13"><span class='ocrx_word' id='word_1_134' title='bbox 280 2455 534 2506; x_wconf 89' lang='lat' dir='ltr'>specimen,</span> <span class='ocrx_word' id='word_1_135' title='bbox 561 2455 662 2495; x_wconf 89' lang='lat' dir='ltr'>aliis</span> <span class='ocrx_word' id='word_1_136' title='bbox 685 2456 741 2495; x_wconf 92' lang='lat' dir='ltr'>de</span> <span class='ocrx_word' id='word_1_137' title='bbox 763 2467 812 2495; x_wconf 91' lang='lat' dir='ltr'>se</span> <span class='ocrx_word' id='word_1_138' title='bbox 840 2456 1129 2507; x_wconf 87' lang='lat' dir='ltr'>praebentes.</span> <span class='ocrx_word' id='word_1_139' title='bbox 1156 2456 1206 2495; x_wconf 86' lang='lat' dir='ltr'>ln</span> <span class='ocrx_word' id='word_1_140' title='bbox 1228 2456 1399 2496; x_wconf 89' lang='lat' dir='ltr'>scholis</span> <span class='ocrx_word' id='word_1_141' title='bbox 1429 2456 1639 2495; x_wconf 84' lang='lat' dir='ltr'>similiter</span> <span class='ocrx_word' id='word_1_142' title='bbox 1670 2467 1807 2507; x_wconf 89' lang='lat' dir='ltr'>quem</span> <span class='ocrx_word' id='word_1_143' title='bbox 1840 2467 1910 2495; x_wconf 91' lang='lat' dir='ltr'>su-</span> 
     </span>
     <span class='ocr_line' id='line_1_22' title="bbox 278 2525 1911 2578; baseline 0 -13"><span class='ocrx_word' id='word_1_144' title='bbox 278 2526 451 2576; x_wconf 90' lang='lat' dir='ltr'>periori</span> <span class='ocrx_word' id='word_1_145' title='bbox 472 2525 799 2576; x_wconf 89' lang='lat' dir='ltr'>quadrimestri</span> <span class='ocrx_word' id='word_1_146' title='bbox 821 2538 1066 2567; x_wconf 88' lang='lat' dir='ltr'>servamus</span> <span class='ocrx_word' id='word_1_147' title='bbox 1088 2526 1370 2578; x_wconf 90' lang='lat' dir='ltr'>procedendi</span> <span class='ocrx_word' id='word_1_148' title='bbox 1392 2526 1596 2576; x_wconf 77' lang='lat' dir='ltr'>modum,</span> <span class='ocrx_word' id='word_1_149' title='bbox 1623 2527 1911 2566; x_wconf 84' lang='lat' dir='ltr'>iuventutem</span> 
     </span>
    </p>
   </div>
   <div class='ocr_carea' id='block_1_6' title="bbox 277 2684 1913 3002">
    <p class='ocr_par' dir='ltr' id='par_1_8' title="bbox 278 2684 1912 2814">
     <span class='ocr_line' id='line_1_23' title="bbox 335 2684 1894 2719; baseline -0.001 -7"><span class='ocrx_word' id='word_1_150' title='bbox 335 2686 345 2705; x_wconf 82' lang='lat'>¹</span> <span class='ocrx_word' id='word_1_151' title='bbox 386 2685 651 2719; x_wconf 81' lang='lat' dir='ltr'>Autographae,</span> <span class='ocrx_word' id='word_1_152' title='bbox 675 2689 767 2712; x_wconf 86' lang='lat' dir='ltr'>totae</span> <span class='ocrx_word' id='word_1_153' title='bbox 789 2693 890 2713; x_wconf 89' lang='lat' dir='ltr'>manu</span> <span class='ocrx_word' id='word_1_154' title='bbox 912 2685 1025 2713; x_wconf 84' lang='lat' dir='ltr'>Patris</span> <span class='ocrx_word' id='word_1_155' title='bbox 1048 2686 1187 2713; x_wconf 83' lang='lat' dir='ltr'>Oliverii</span> <span class='ocrx_word' id='word_1_156' title='bbox 1211 2685 1373 2719; x_wconf 79' lang='lat' dir='ltr'>Manarei,</span> <span class='ocrx_word' id='word_1_157' title='bbox 1398 2685 1523 2719; x_wconf 86' lang='lat' dir='ltr'>duplici</span> <span class='ocrx_word' id='word_1_158' title='bbox 1547 2686 1579 2712; x_wconf 88' lang='lat' dir='ltr'>in</span> <span class='ocrx_word' id='word_1_159' title='bbox 1603 2685 1692 2719; x_wconf 87' lang='lat' dir='ltr'>folio,</span> <span class='ocrx_word' id='word_1_160' title='bbox 1715 2693 1744 2712; x_wconf 89' lang='lat' dir='ltr'>n.</span> <span class='ocrx_word' id='word_1_161' title='bbox 1763 2684 1894 2712; x_wconf 57' lang='lat' dir='ltr'>exa—Ea</span> 
     </span>
     <span class='ocr_line' id='line_1_24' title="bbox 278 2732 1912 2767; baseline -0.001 -7"><span class='ocrx_word' id='word_1_162' title='bbox 278 2733 476 2760; x_wconf 83' lang='lat' dir='ltr'>emendavit</span> <span class='ocrx_word' id='word_1_163' title='bbox 493 2733 669 2766; x_wconf 81' lang='lat' dir='ltr'>Polancus,</span> <span class='ocrx_word' id='word_1_164' title='bbox 683 2737 716 2759; x_wconf 84' lang='lat' dir='ltr'>et</span> <span class='ocrx_word' id='word_1_165' title='bbox 732 2733 853 2760; x_wconf 84' lang='lat' dir='ltr'>harum</span> <span class='ocrx_word' id='word_1_166' title='bbox 868 2734 916 2760; x_wconf 90' lang='lat' dir='ltr'>sic</span> <span class='ocrx_word' id='word_1_167' title='bbox 932 2734 1189 2760; x_wconf 82' lang='lat' dir='ltr'>emendatarum</span> <span class='ocrx_word' id='word_1_168' title='bbox 1204 2737 1301 2760; x_wconf 76' lang='lat' dir='ltr'>extat</span> <span class='ocrx_word' id='word_1_169' title='bbox 1313 2733 1547 2767; x_wconf 83' lang='lat' dir='ltr'>apographum</span> <span class='ocrx_word' id='word_1_170' title='bbox 1563 2733 1595 2760; x_wconf 87' lang='lat' dir='ltr'>in</span> <span class='ocrx_word' id='word_1_171' title='bbox 1610 2732 1726 2759; x_wconf 88' lang='lat' dir='ltr'>eodem</span> <span class='ocrx_word' id='word_1_172' title='bbox 1742 2732 1912 2759; x_wconf 89' lang='lat' dir='ltr'>volumine</span> 
     </span>
     <span class='ocr_line' id='line_1_25' title="bbox 280 2779 1492 2814; baseline 0 -8"><span class='ocrx_word' id='word_1_173' title='bbox 280 2781 340 2807; x_wconf 87' lang='lat' dir='ltr'>sub</span> <span class='ocrx_word' id='word_1_174' title='bbox 355 2787 386 2806; x_wconf 82' lang='lat' dir='ltr'>n.</span> <span class='ocrx_word' id='word_1_175' title='bbox 402 2779 623 2806; x_wconf 73' lang='lat' dir='ltr'>29.—Polanci</span> <span class='ocrx_word' id='word_1_176' title='bbox 640 2780 892 2807; x_wconf 73' lang='lat' dir='ltr'>emendationes</span> <span class='ocrx_word' id='word_1_177' title='bbox 905 2780 947 2807; x_wconf 88' lang='lat' dir='ltr'>ad</span> <span class='ocrx_word' id='word_1_178' title='bbox 962 2780 1109 2814; x_wconf 82' lang='lat' dir='ltr'>paginae</span> <span class='ocrx_word' id='word_1_179' title='bbox 1125 2781 1253 2807; x_wconf 85' lang='lat' dir='ltr'>calcem</span> <span class='ocrx_word' id='word_1_180' title='bbox 1265 2780 1492 2814; x_wconf 84' lang='lat' dir='ltr'>subjiciemus.</span> 
     </span>
    </p>

    <p class='ocr_par' dir='ltr' id='par_1_9' title="bbox 277 2825 1913 3002">
     <span class='ocr_line' id='line_1_26' title="bbox 334 2825 1910 2860; baseline -0.001 -8"><span class='ocrx_word' id='word_1_181' title='bbox 334 2826 347 2845; x_wconf 74' lang='lat'>2</span> <span class='ocrx_word' id='word_1_182' title='bbox 385 2825 507 2853; x_wconf 88' lang='lat' dir='ltr'>Totum</span> <span class='ocrx_word' id='word_1_183' title='bbox 523 2826 586 2853; x_wconf 88' lang='lat' dir='ltr'>hoc</span> <span class='ocrx_word' id='word_1_184' title='bbox 601 2834 620 2853; x_wconf 93' lang='lat' dir='ltr'>a</span> <span class='ocrx_word' id='word_1_185' title='bbox 636 2827 751 2853; x_wconf 84' lang='lat' dir='ltr'>verbis</span> <span class='ocrx_word' id='word_1_186' title='bbox 766 2826 847 2852; x_wconf 74' lang='lat' dir='ltr'>Etsi</span> <span class='ocrx_word' id='word_1_187' title='bbox 861 2827 903 2853; x_wconf 83' lang='lat' dir='ltr'>de</span> <span class='ocrx_word' id='word_1_188' title='bbox 919 2828 980 2852; x_wconf 81' lang='lat' dir='ltr'>lua</span> <span class='ocrx_word' id='word_1_189' title='bbox 995 2830 1057 2860; x_wconf 79' lang='lat' dir='ltr'>spe</span> <span class='ocrx_word' id='word_1_190' title='bbox 1072 2827 1279 2853; x_wconf 83' lang='lat' dir='ltr'>cancellavit</span> <span class='ocrx_word' id='word_1_191' title='bbox 1302 2826 1469 2853; x_wconf 85' lang='lat' dir='ltr'>Polancus</span> <span class='ocrx_word' id='word_1_192' title='bbox 1488 2826 1601 2859; x_wconf 86' lang='lat' dir='ltr'>eisque</span> <span class='ocrx_word' id='word_1_193' title='bbox 1619 2825 1793 2851; x_wconf 75' lang='lat' dir='ltr'>substituit</span> <span class='ocrx_word' id='word_1_194' title='bbox 1814 2825 1910 2851; x_wconf 83' lang='lat' dir='ltr'>haec:</span> 
     </span>
     <span class='ocr_line' id='line_1_27' title="bbox 281 2872 1911 2908; baseline -0.001 -9"><span class='ocrx_word' id='word_1_195' title='bbox 281 2873 453 2906; x_wconf 56' lang='lat' dir='ltr'>,Quamvis</span> <span class='ocrx_word' id='word_1_196' title='bbox 470 2874 504 2899; x_wconf 81' lang='lat' dir='ltr'>in</span> <span class='ocrx_word' id='word_1_197' title='bbox 520 2873 581 2900; x_wconf 79' lang='lat' dir='ltr'>hoc</span> <span class='ocrx_word' id='word_1_198' title='bbox 598 2874 856 2907; x_wconf 75' lang='lat' dir='ltr'>quadrimestri</span> <span class='ocrx_word' id='word_1_199' title='bbox 869 2874 986 2900; x_wconf 80' lang='lat' dir='ltr'>tenuis</span> <span class='ocrx_word' id='word_1_200' title='bbox 1003 2874 1100 2899; x_wconf 82' lang='lat' dir='ltr'>nobis</span> <span class='ocrx_word' id='word_1_201' title='bbox 1117 2881 1236 2900; x_wconf 76' lang='lat' dir='ltr'>rerum</span> <span class='ocrx_word' id='word_1_202' title='bbox 1253 2873 1416 2908; x_wconf 79' lang='lat' dir='ltr'>facultas</span> <span class='ocrx_word' id='word_1_203' title='bbox 1437 2874 1624 2907; x_wconf 73' lang='lat' dir='ltr'>suppetat,</span> <span class='ocrx_word' id='word_1_204' title='bbox 1640 2872 1875 2905; x_wconf 78' lang='lat' dir='ltr'>quadrantem</span> <span class='ocrx_word' id='word_1_205' title='bbox 1891 2879 1911 2898; x_wconf 83' lang='lat' dir='ltr'>a</span> 
     </span>
     <span class='ocr_line' id='line_1_28' title="bbox 283 2919 1913 2954; baseline -0.001 -8"><span class='ocrx_word' id='word_1_206' title='bbox 283 2922 403 2947; x_wconf 70' lang='lat' dir='ltr'>nostra</span> <span class='ocrx_word' id='word_1_207' title='bbox 416 2922 632 2954; x_wconf 75' lang='lat' dir='ltr'>paupertate</span> <span class='ocrx_word' id='word_1_208' title='bbox 647 2921 817 2952; x_wconf 77' lang='lat' dir='ltr'>oblatum,</span> <span class='ocrx_word' id='word_1_209' title='bbox 830 2921 937 2947; x_wconf 73' lang='lat' dir='ltr'>etiam</span> <span class='ocrx_word' id='word_1_210' title='bbox 955 2921 1049 2947; x_wconf 77' lang='lat' dir='ltr'>inter</span> <span class='ocrx_word' id='word_1_211' title='bbox 1061 2928 1187 2947; x_wconf 77' lang='lat' dir='ltr'>aureos</span> <span class='ocrx_word' id='word_1_212' title='bbox 1209 2921 1362 2947; x_wconf 71' lang='lat' dir='ltr'>divitum</span> <span class='ocrx_word' id='word_1_213' title='bbox 1387 2927 1550 2947; x_wconf 78' lang='lat' dir='ltr'>nummos</span> <span class='ocrx_word' id='word_1_214' title='bbox 1574 2927 1593 2946; x_wconf 89' lang='lat' dir='ltr'>a</span> <span class='ocrx_word' id='word_1_215' title='bbox 1613 2921 1674 2946; x_wconf 79' lang='lat' dir='ltr'>tua</span> <span class='ocrx_word' id='word_1_216' title='bbox 1693 2919 1913 2952; x_wconf 74' lang='lat' dir='ltr'>benignitate</span> 
     </span>
     <span class='ocr_line' id='line_1_29' title="bbox 277 2968 1045 3002; baseline -0.001 -8"><span class='ocrx_word' id='word_1_217' title='bbox 277 2969 433 3001; x_wconf 77' lang='lat' dir='ltr'>paterna</span> <span class='ocrx_word' id='word_1_218' title='bbox 451 2975 517 2994; x_wconf 82' lang='lat' dir='ltr'>non</span> <span class='ocrx_word' id='word_1_219' title='bbox 535 2968 830 2994; x_wconf 77' lang='lat' dir='ltr'>contemnendum</span> <span class='ocrx_word' id='word_1_220' title='bbox 847 2971 1045 3002; x_wconf 73' lang='lat' dir='ltr'>speramus.</span> 
     </span>
    </p>
   </div>
  </div>
 </body>
</html>
