2080 3392
868 169 951 205 AN.
984 168 1075 207 1553
1731 169 1797 205 1237

153 267 238 307 His
270 265 452 307 accedit
482 266 604 318 quod
632 266 826 307 infirmis
866 266 925 317 12,
952 266 1030 318 qui
1059 272 1247 318 praeter
1284 270 1558 315 extremam,
1598 277 1689 316 qua
1711 266 1795 306 cir-

152 337 390 378 cumventi
438 343 591 385 erant,
643 337 992 384 necessitatem,
1050 343 1260 377 extrema
1308 335 1577 376 valetudine
1611 336 1792 376 labora-

152 410 278 460 bant,
298 408 503 460 quotidie
525 409 829 449 succurritur.
862 409 919 450 Et
940 409 1033 448 iam
1055 409 1215 449 divino
1239 407 1413 448 auxilio
1435 407 1791 457 convalescunt,

153 491 259 520 cum
278 480 423 531 prius,
444 480 570 519 omni
591 479 794 520 humano
822 479 1030 520 destituti
1051 479 1302 531 praesidiO,
1334 478 1543 519 maxime
1565 478 1795 530 periclita-

152 556 327 591 rentur.

235 622 430 673 Insuper
458 629 507 663 ut
537 624 656 664 duae
684 624 1002 676 orphanorum
1029 622 1214 672 domus,
1247 633 1444 674 quarum
1473 621 1792 672 fundamenta,

153 693 292 733 unius
313 694 497 744 quidem
526 694 771 744 Cataniae,
802 694 995 734 alterius
1024 704 1138 733 vero
1170 691 1531 743 Calatagironii,
1565 692 1796 744 superiori

152 776 276 804 anno
310 764 524 805 iacienda
560 771 834 815 curaverat,
871 764 1096 805 reditibus
1133 763 1301 804 annuis
1329 764 1792 815 dotarenturinvigi-

152 835 281 876 lavit.

232 905 373 947 Dedit
394 913 639 958 praeterea
662 919 854 960 operam
882 914 931 948 ut
959 907 1236 948 coenobium
1266 906 1640 957 Conversarum,
1674 906 1798 958 quod

156 977 255 1017 eius
276 977 477 1029 impulsu
498 978 584 1018 fuit
607 991 730 1019 anno
752 979 983 1029 superiori
1003 978 1213 1030 Drepani
1241 977 1569 1028 constitutum,
1603 983 1675 1017 sat
1701 977 1798 1029 pin-

151 1049 232 1099 gui
252 1055 485 1100 proventu
507 1050 764 1101 dotaretur;
788 1062 971 1090 necnon
992 1055 1041 1090 ut
1062 1048 1233 1089 ibidem
1254 1049 1414 1089 nescio
1438 1054 1552 1100 quot
1574 1048 1796 1100 Capucci-

153 1132 320 1160 norum
344 1121 570 1161 coenobia
592 1122 900 1172 erigerentur.

234 1191 400 1232 Effecit
424 1192 563 1232 etiam
585 1198 634 1232 ut
661 1193 841 1233 Prorex
871 1205 955 1233 suo
984 1193 1217 1245 totiusque
1249 1192 1384 1244 regni
1413 1191 1622 1241 nomine,
1653 1191 1799 1231 literis

155 1263 215 1303 ad
234 1262 571 1314 Imperatorem
590 1264 766 1315 missis,
790 1265 1044 1316 impetrare
1067 1269 1320 1304 conaretur
1352 1268 1401 1303 ut
1428 1262 1616 1303 abbatia
1643 1262 1798 1313 aliqua

152 1333 444 1375 Messanensi
473 1335 704 1386 Collegio,
743 1336 862 1376 sicut
896 1335 1267 1376 Panhormitano
1302 1334 1522 1386 contigit,
1560 1333 1798 1385 iungenda

152 1406 453 1446 concedatur.
660 1409 664 1413 “

230 1476 416 1518 Studuit
437 1484 676 1530 postremo
697 1485 747 1519 ut
770 1479 1020 1530 collegium
1041 1478 1280 1531 quoddam
1301 1477 1616 1517 saecularium
1637 1487 1790 1516 sacer-

151 1548 312 1588 dotum
339 1549 618 1602 domusque,
642 1561 925 1601 magnorum
953 1550 1067 1590 satis
1095 1550 1355 1597 redituum,
1380 1547 1700 1599 orphanorum
1722 1546 1798 1587 do-

151 1620 246 1660 mui
271 1620 558 1672 iungeretur,
593 1628 637 1662 et
664 1628 862 1662 conatur
883 1622 929 1662 in
964 1622 1063 1662 dies
1093 1622 1278 1661 illorum
1306 1625 1566 1672 proventus
1597 1618 1799 1670 adauge-

149 1703 228 1742 re;
252 1704 372 1744 quae
394 1693 502 1733 unio
525 1693 672 1744 cedet,
696 1700 745 1734 ut
775 1705 1041 1745 speramus,
1072 1693 1118 1733 in
1146 1694 1405 1732 maximum
1434 1691 1523 1732 Dei
1550 1691 1726 1731 cultum
1755 1697 1800 1730 et

153 1763 396 1815 spirituale
418 1765 738 1816 orphanorum
760 1765 1002 1805 auxilium.

232 1834 367 1875 Nunc
384 1836 589 1876 intentus
611 1842 680 1876 est
697 1836 1013 1877 fundamentis
1035 1835 1261 1876 iaciendis
1280 1834 1539 1874 Panhormi
1556 1833 1800 1874 cuiusdam

152 1907 426 1946 monasterii
446 1908 786 1948 monacharum
810 1908 937 1948 vitae
960 1907 1280 1957 correctioriS,
1299 1912 1349 1946 ut
1371 1906 1418 1946 in
1440 1918 1494 1945 eo
1512 1905 1801 1945 collocentur

154 1977 333 2017 nobiles
357 1978 587 2029 quaedam
609 1979 827 2019 mulieres
849 1985 893 2019 et
913 1979 1150 2031 principes
1170 1978 1407 2028 civitatis,
1431 1977 1564 2017 cuius
1591 1976 1660 2016 rei
1687 1987 1801 2016 cura

154 2048 515 2089 demandabitur
536 2051 770 2101 religiosis
792 2050 1071 2102 quibusdam
1092 2050 1208 2090 viris
1235 2055 1279 2089 et
1300 2048 1533 2100 probatis,
1557 2048 1636 2099 qui
1657 2048 1801 2097 vulgo

152 2119 207 2159 de
227 2118 747 2172 lz'scalaz'vocitantum
772 2122 896 2174 quod
917 2128 961 2161 et
992 2121 1082 2162 Dei
1110 2121 1281 2161 honori
1312 2126 1355 2160 et
1383 2119 1587 2171 proximi
1615 2118 1800 2159 satisfa-

152 2191 297 2231 ctioni
316 2191 415 2231 fore
437 2191 713 2233 confidimus
734 2205 917 2233 necnon
940 2193 1245 2233 incitamento
1269 2191 1470 2232 caeteris
1500 2190 1799 2230 monasteriis

155 2262 215 2302 ad
236 2262 363 2302 vitae
385 2263 591 2303 melioris
613 2270 656 2304 et
678 2263 1014 2304 emendatioris
1036 2263 1397 2304 institutionem.

233 2332 636 2386 Archiepiscopus
656 2335 1042 2386 panormitanus,
1067 2335 1206 2375 simul
1229 2345 1335 2374 cum
1357 2333 1505 2373 tribus
1533 2333 1636 2372 aliis
1663 2330 1801 2382 hujus

155 2404 289 2455 regni
323 2405 589 2457 Episcopis‚
622 2406 724 2446 iniit
759 2407 1026 2457 consilium,
1066 2406 1323 2446 accedente
1364 2404 1586 2454 Proregis
1618 2403 1800 2453 favore,

154 2476 439 2516 monasteria
461 2477 508 2516 in
529 2478 694 2517 melius
717 2478 842 2518 vitae
863 2489 1014 2529 genus
1035 2477 1291 2517 reducendi
1322 2482 1365 2516 et
1397 2475 1713 2515 sanctioribus
1743 2475 1802 2514 le-

153 2546 290 2596 gibus
318 2554 362 2586 et
389 2547 612 2588 institutis
639 2549 946 2600 temperandi.
983 2549 1086 2600 Qua
1114 2549 1162 2588 in
1193 2560 1242 2588 re
1272 2547 1451 2587 Prorex
1482 2545 1723 2586 constituit
1752 2552 1803 2586 ut

155 2617 204 2657 P.
234 2617 414 2658 Natalis
440 2619 512 2658 his
543 2619 808 2670 accederet,
843 2620 921 2672 qui
948 2619 1408 2671 praestantissimum
1437 2629 1577 2669 opus,
1610 2629 1702 2669 qua
1732 2628 1803 2656 ra-

153 2689 281 2729 tione
301 2689 602 2741 perficeretur
624 2698 668 2731 et
690 2691 749 2731 ad
771 2692 948 2732 exitum
970 2691 1264 2731 commodius
1280 2689 1590 2729 deduceretur
1609 2688 1801 2740 diligen-

152 2766 224 2800 ter
240 2760 563 2801 observarent.
584 2761 703 2802 Miro
721 2761 945 2814 Princeps
962 2763 1200 2814 piissimus
1219 2760 1355 2801 ardet
1371 2759 1604 2800 desiderio
1619 2760 1804 2800 univer-

152 2842 258 2872 sum
277 2831 463 2872 Siciliae
484 2843 683 2883 regnum
704 2834 914 2885 consilio,
938 2834 1154 2874 doctrina
1177 2839 1315 2884 atque
1337 2843 1480 2883 opera
1503 2836 1693 2871 nostrae
1724 2830 1802 2871 So-

153 2902 339 2943 cietatis
382 2903 430 2943 in
475 2904 718 2944 meliorem
756 2905 948 2945 vivendi
992 2905 1224 2945 rationem
1270 2902 1512 2943 asserendi
1559 2902 1618 2943 ob
1667 2903 1804 2954 idque

154 2972 256 3013 R.d0
277 2973 325 3014 P.
350 2974 410 3014 M.
435 2974 723 3026 Hieronymo
746 2975 1040 3047 Qomenech,
1066 2988 1170 3016 cum
1192 2976 1301 3015 hinc
1322 2973 1714 3025 proficisceretur,
1739 2974 1802 3013 in-
