2080 3392
265 163 334 200 336
776 161 1002 198 LITTERAE
1029 170 1386 203 QUADRIMESTRES

267 258 507 308 adhibent,
533 263 582 297 ut
602 269 722 309 quae
743 258 843 297 sola
864 257 930 297 rei
951 257 1149 297 veritate
1169 256 1382 296 ducatur.
1406 255 1658 308 Speramus
1686 256 1893 307 quotidie

265 330 312 369 in
333 329 534 369 Domino
555 328 753 378 maiora,
777 328 816 367 si
839 328 981 368 semel
1001 327 1313 368 intellexerint
1340 338 1562 379 quorsum
1589 339 1674 367 nos
1700 327 1789 367 huc
1819 327 1894 367 ille

267 400 462 440 vocarit.

345 469 536 510 Privata
565 476 609 510 et
638 470 728 510 alia
758 471 904 511 multa
926 470 1205 520 attulissem,
1244 469 1292 510 P.
1324 466 1439 520 R.d‘·³‚
1473 469 1554 509 sed
1582 481 1636 509 ea
1668 469 1895 510 eiusmodi

265 548 370 583 sunt
390 548 459 591 ut,
484 542 698 593 quamvis
719 541 878 582 audita
899 542 1138 591 iuvarent,
1162 541 1312 580 omitti
1331 538 1488 580 tamen
1508 540 1702 591 possint.
1726 539 1831 580 Istis
1847 540 1895 580 in

265 612 637 665 praesentiarum
663 618 931 663 contentus,
962 612 1187 663 graviora
1220 612 1418 663 posthac
1453 611 1660 651 divinam
1696 611 1890 651 clemen-

265 684 378 724 tiam
398 684 445 723 in
466 684 554 723 hac
575 683 687 723 urbe
709 689 753 723 et
774 684 980 723 omnium
1003 683 1140 722 saluti
1160 682 1404 734 profutura
1434 682 1605 722 senties
1627 681 1809 722 fecisse.
1833 681 1892 722 Et

266 767 322 795 ne
344 755 511 795 inertia
532 760 693 794 nostra
713 754 1046 806 impediantur,
1070 765 1155 793 nos
1176 765 1335 793 omnes
1356 752 1410 792 R.
1434 752 1487 792 T.
1516 752 1564 792 P.
1597 753 1894 804 omniumque

264 825 456 866 Patrum
475 825 645 866 divinis
669 825 929 875 sacrificiis,
953 825 1241 876 fratrumque
1261 823 1431 864 ibidem
1459 823 1727 875 degentium
1746 824 1892 875 preci-

265 897 352 937 bus
373 897 542 937 obnixe
564 897 961 936 commendamus.

346 967 587 1015 Perusiae,
610 968 635 1008 2
656 968 759 1008 idus
779 967 902 1020 Junii
928 967 1040 1007 1553.

345 1039 396 1079 T.
422 1038 475 1079 R.
500 1039 548 1078 P.

345 1110 415 1150 De
437 1110 658 1150 mandato
680 1109 733 1149 R.
759 1109 806 1149 P.
833 1109 938 1149 Dni.
962 1108 1193 1149 Everardi
1216 1106 1515 1157 Marcuriani,

346 1181 570 1232 Indignus
592 1181 711 1220 filius
729 1213 736 1230 ,

1172 1323 1395 1363 EMONous
1424 1321 1681 1362 AUGERIUS.

977 1466 994 1482 Q

348 1535 722 1588 Superscmptz'os
754 1535 855 1576 R.d0
885 1536 931 1575 in
966 1536 1104 1576 Chro.
1143 1535 1282 1575 Padri
1317 1534 1427 1585 (sic)
1461 1533 1584 1573 Dno.
1621 1532 1802 1584 Ignatio
1839 1532 1895 1572 de

267 1609 466 1659 Loyola‚
489 1607 760 1658 Praeposito
782 1605 1032 1646 Societatis
1051 1606 1251 1646 nominis
1271 1605 1382 1658 Jesu
1404 1604 1635 1646 Generali.

347 1678 537 1719 Romae.

347 1749 457 1789 Alsa
480 1760 647 1788 manu:
673 1748 785 1788 1553.
811 1748 958 1799 Quad.
982 1747 1189 1788 Perusia.
1213 1747 1351 1799 Junii.

336 2138 583 2165 Praecedentes
597 2137 764 2165 Edmundi
781 2137 921 2172 Augexii
938 2137 1077 2164 litterae
1090 2144 1109 2163 a
1126 2136 1161 2163 P.
1178 2135 1323 2163 Polanco
1339 2134 1537 2163 emendatae
1551 2137 1583 2161 et
1596 2134 1628 2160 in
1644 2131 1828 2160 societatis

935 2190 1048 2217 domos
1064 2189 1188 2217 missae
1205 2190 1226 2216 ¹.

994 2383 1171 2438 JESUS

345 2600 444 2641 Pax
471 2600 539 2641 xi
563 2632 571 2650 ,
603 2605 689 2640 etc.

344 2671 517 2711 Rerum
538 2682 714 2721 earum,
733 2683 849 2722 quas
869 2672 945 2711 hic
961 2670 1089 2710 Deus
1105 2668 1209 2720 Opt.
1229 2667 1353 2707 Max.
1379 2666 1538 2716 elapso
1559 2663 1763 2715 proximi
1787 2673 1895 2713 qua-

267 2742 526 2783 drimestris
542 2748 703 2782 nostro
720 2742 976 2782 ministerio
993 2747 1062 2780 est
1076 2744 1310 2791 operatus,
1327 2748 1445 2788 quae
1462 2734 1765 2782 occurrerint,
1784 2743 1895 2784 pau-

267 2814 333 2853 cis
353 2824 652 2865 exponemus.
676 2812 867 2852 Fratres
890 2823 1050 2852 omnes
1070 2809 1248 2859 iisdem,
1272 2807 1439 2859 quibus
1460 2807 1705 2854 hactenus,
1731 2802 1894 2843 officiis

322 2974 330 2993 ¹
371 2973 616 3008 Apographum
631 2972 663 2999 in
679 2972 757 2999 folio
773 2971 905 3005 duplici,
922 2978 974 2997 nn.
988 2969 1023 2996 48
1037 2973 1069 2996 et
1084 2969 1115 2995 51
1133 2971 1166 2995 et
1182 2968 1214 2995 in
1230 2966 1391 2994 Historia
1406 2964 1524 2997 varia,
1539 2967 1562 2991 t.
1583 2970 1604 2994 1.
1620 2962 1675 2989 fol.
1692 2961 1754 2989 318.
