2080 3392
281 202 354 240 472
791 202 1020 240 LITTERAE
1047 214 1406 246 QUADRIMESTRES

362 299 437 339 Ad
471 298 727 339 Doctorem
757 299 1038 340 Rodericum
1071 301 1254 352 Lopum
1281 301 1549 342 Carballum
1579 301 1587 319 ¹
1617 303 1809 343 scribito
1840 315 1915 343 me

282 371 358 410 hic
379 381 592 421 puerum,
618 381 723 410 cum
743 371 864 410 bona
885 377 1066 411 statura
1087 372 1319 423 corporiS‚
1342 377 1441 412 tum
1466 373 1727 424 perspicaci
1756 380 1910 414 acuto-

282 452 370 490 que
392 440 594 491 ingenio,
618 441 660 481 ei
681 441 955 481 redemisse:
979 441 1066 481 sibi
1086 442 1366 493 persuadeat
1385 442 1475 483 hac
1496 443 1791 494 eleemosyna
1813 455 1911 484 rem

283 522 331 550 se
352 510 453 550 Deo
474 511 807 562 gratissimam,
830 518 879 552 ut
900 512 1015 552 nihil
1034 524 1191 564 supra,
1210 513 1515 564 praestitisse:
1538 513 1614 553 hic
1635 515 1758 554 enim
1779 525 1910 565 puer,

283 581 406 632 quod
426 588 586 622 tenera
610 583 761 622 adhuc
784 589 939 623 aetate
969 583 1286 635 deprehensus
1312 591 1568 636 captusque
1598 584 1702 635 fuit,
1734 585 1910 625 violata

283 652 397 701 iam,
436 664 575 704 quam
610 653 710 693 Deo
746 653 932 705 Optimo
966 654 1171 694 maximo
1208 655 1420 705 dederat,
1453 654 1564 703 fide,
1597 660 1641 695 et
1674 655 1833 706 lingua
1867 663 1912 696 et

284 723 438 762 animo
461 735 515 763 ac
537 725 778 764 voluntate
809 724 1002 764 iudaeus
1032 731 1146 764 erat.
1178 724 1267 776 Qui
1294 737 1399 765 cum
1424 726 1625 777 primum
1659 737 1707 766 se
1737 726 1912 766 redem-

283 798 411 844 ptum
433 794 777 845 animadvertit,
802 807 966 847 meque
986 796 1129 846 Baba,
1154 796 1243 835 hoc
1265 802 1334 836 est
1355 796 1489 847 Feez,
1513 796 1589 836 ubi
1611 802 1732 845 erat,
1756 796 1912 837 afferri

283 875 331 903 se
352 864 529 915 iubere,
555 865 801 916 aufugiens
821 877 870 905 se
893 866 1139 916 diligenter
1161 866 1350 906 abdidit.
1375 866 1464 906 Dei
1484 873 1641 907 tamen
1671 868 1912 907 voluntate

283 940 510 985 repertus,
534 935 592 979 ad
615 947 738 984 eum,
763 948 790 976 a
812 948 901 987 quo
924 937 1195 987 ducebatur,
1228 937 1277 976 in
1305 937 1432 977 viam
1460 938 1629 977 missus
1659 943 1751 987 est;
1790 949 1913 978 nunc

282 1005 425 1056 quod,
448 1012 578 1046 veste
599 1013 816 1047 ornatum
837 1019 983 1058 nova,
1006 1008 1158 1058 legem
1179 1007 1386 1048 divinam
1407 1008 1594 1058 edoceO,
1620 1009 1793 1059 optime
1820 1009 1914 1048 iam

283 1075 338 1114 de
360 1075 461 1116 Deo
482 1077 621 1117 sentit
639 1086 646 1123 3
672 1084 808 1129 aptus
828 1078 1114 1129 idoneusque
1135 1078 1195 1118 ad
1215 1078 1514 1118 serviendum
1534 1085 1617 1118 est.
1643 1079 1750 1119 Alia
1772 1079 1913 1119 etiam

282 1148 454 1198 puella,
479 1159 618 1198 quam
639 1148 686 1188 in
706 1160 809 1188 mea
830 1154 1060 1200 potestate
1080 1149 1250 1196 habeo,
1273 1161 1367 1189 non
1387 1149 1575 1200 segnius
1596 1161 1652 1189 ac
1679 1161 1792 1201 puer
1824 1150 1913 1190 fide

282 1223 445 1257 nostra
467 1217 695 1269 deposita,
718 1219 993 1259 iudaeorum
1013 1220 1214 1270 vestigia
1235 1220 1282 1260 in
1303 1220 1515 1260 omnibus
1537 1221 1911 1269 consectabatur;

282 1288 359 1339 qui
381 1289 516 1328 ambo
538 1289 601 1328 ita
623 1289 894 1330 iudaeorum
916 1291 1145 1330 desiderio
1167 1291 1560 1331 contabescebant
1581 1297 1630 1331 ut
1651 1291 1827 1331 nullum
1847 1291 1912 1331 su-

282 1370 436 1399 turum
465 1359 604 1400 fuerit
633 1368 729 1400 tam
760 1361 927 1401 durum
956 1367 1132 1412 pectus,
1165 1361 1288 1413 quod
1308 1374 1401 1401 non
1429 1373 1589 1401 eorum
1610 1362 1829 1413 squalore
1858 1374 1913 1402 ac

281 1432 408 1470 luctu
443 1438 834 1472 commoveretur.
873 1432 1064 1483 Aliquot
1099 1433 1214 1472 alias
1249 1433 1324 1472 hic
1360 1444 1541 1484 quoque
1576 1434 1754 1484 puellas
1781 1433 1841 1472 ad
1869 1439 1915 1473 te

282 1501 531 1541 mittendas
565 1502 735 1552 habeo,
774 1514 893 1554 quae
928 1503 974 1543 in
1010 1504 1215 1543 maximo
1250 1503 1434 1555 quidem
1469 1503 1772 1554 denegandae
1809 1503 1915 1544 fidci

283 1573 656 1625 amittendaeque
680 1574 864 1614 animae
885 1574 1091 1625 periculo
1114 1580 1378 1614 versantur.

360 1643 578 1684 Gomesio
600 1644 706 1684 Piro
727 1646 928 1696 puellam
949 1645 1220 1697 quamdam,
1242 1645 1393 1686 forma
1414 1646 1699 1697 perliberali,
1724 1657 1842 1697 quae
1869 1646 1915 1685 in

280 1714 430 1754 Mauri
451 1715 708 1766 cuiusdam,
733 1715 871 1756 huius
893 1717 1072 1756 castelli
1093 1717 1322 1766 ditissimi,
1346 1722 1576 1768 potestate
1599 1723 1689 1767 est,
1714 1728 1786 1756 me
1809 1728 1914 1756 con-

278 1791 546 1826 secuturum
567 1787 836 1838 propediem
857 1799 1014 1838 spero:
1038 1799 1321 1839 quamquam
1350 1793 1445 1827 tam
1474 1788 1611 1827 avide
1643 1787 1914 1827 Maurorum

279 1862 455 1896 sectam
485 1858 702 1909 arripuit,
741 1864 791 1898 ut
827 1870 986 1898 eorum
1022 1859 1344 1899 caeremonias
1371 1870 1464 1899 una
1498 1870 1604 1899 cum
1631 1859 1688 1898 iis
1715 1859 1918 1899 celebret

279 1927 662 1979 Christianosque
697 1940 880 1979 omnes,
914 1941 1076 1980 meque
1106 1929 1154 1969 in
1184 1930 1370 1981 primis,
1407 1930 1714 1970 vehementer
1749 1929 1912 1980 fugiat.

280 1998 389 2038 Eius
410 1997 524 2038 her-a
547 2011 602 2038 ac
624 2004 825 2050 quatuor
847 2000 992 2051 ipsius
1013 2000 1134 2040 filiae
1155 2006 1285 2040 tanto
1311 2013 1415 2041 eam
1443 2013 1601 2041 amore
1629 2011 1915 2052 prosequun-

279 2076 367 2119 tur,
387 2069 543 2120 itaque
563 2070 611 2109 in
633 2071 845 2110 omnibus
867 2071 909 2110 ei
929 2071 1245 2121 blandiuntur,
1266 2078 1315 2112 ut
1336 2084 1421 2112 nec
1444 2084 1548 2112 cum
1571 2078 1720 2111 matre
1742 2073 1914 2111 cubare

278 2152 364 2180 nec
385 2142 528 2180 ullam
549 2152 744 2192 prorsus
764 2142 886 2181 illius
907 2142 1137 2182 rationem
1158 2143 1331 2182 habere
1359 2143 1492 2183 velit:
1522 2143 1634 2182 hera
1664 2154 1779 2182 vero
1812 2154 1917 2182 eam

279 2211 370 2251 filio
401 2223 486 2251 suo
518 2223 712 2253 uxorem
745 2223 794 2252 se
830 2212 1068 2263 daturam,
1099 2213 1176 2252 ubi
1204 2214 1406 2264 primum
1435 2213 1602 2253 nubilis
1632 2213 1743 2263 erit,
1777 2224 1916 2264 saepe

280 2282 486 2332 dictitat3
510 2288 557 2321 ut
580 2294 683 2322 eam
703 2275 861 2322 tamen
895 2283 1110 2333 eripiam,
1145 2295 1439 2334 summopere
1468 2284 1774 2324 laborandum
1803 2283 1916 2323 mihi

279 2364 380 2392 csse
402 2353 527 2402 duxi,
551 2360 609 2403 et,
634 2353 741 2404 quia
762 2353 851 2393 nisi
873 2365 965 2393 una
987 2365 1093 2393 cum
1114 2360 1263 2394 matre
1286 2365 1391 2394 eam
1412 2354 1525 2394 dare
1546 2355 1731 2404 nolunt,
1757 2360 1801 2393 et
1822 2365 1916 2393 ma-

280 2430 397 2462 trem
419 2429 463 2463 et
484 2424 626 2463 filiam
647 2424 875 2464 redimere
897 2425 1053 2473 statui,
1074 2424 1216 2464 filiam
1237 2425 1422 2476 quidem
1442 2425 1531 2476 ipsi
1548 2425 1768 2464 Gomesio
1789 2424 1910 2474 Piro,

280 2494 379 2534 eius
399 2505 513 2534 vero
535 2495 674 2534 matri
698 2501 909 2534 matrem.
1378 2491 1381 2495 ’

358 2564 514 2604 Aliam
536 2565 611 2604 hic
639 2574 882 2616 praeterea
909 2566 1003 2605 iam
1029 2566 1317 2617 redemptam
1344 2566 1494 2606 habeo
1520 2564 1803 2605 Ferdinandi
1836 2563 1915 2604 Al-

279 2635 407 2674 varis
428 2635 535 2685 filio,
555 2647 691 2687 quem
713 2636 892 2676 utinam
908 2636 1138 2677 Dominus
1159 2637 1428 2689 susceperit,
1450 2635 1530 2676 sed
1553 2636 1708 2676 alacre
1730 2634 1742 2653 Ξ
1764 2634 1916 2675 adhuc

282 2717 373 2745 non
393 2706 533 2755 venit,
559 2706 758 2746 fortasse
780 2706 962 2758 Abylae
984 2707 1085 2747 erit.

361 2775 494 2826 Quod
516 2777 575 2816 ad
595 2789 667 2816 me
689 2777 914 2829 scriptum
936 2783 1005 2817 est
1025 2784 1074 2818 ut
1096 2778 1205 2829 quid
1225 2778 1281 2818 de
1301 2778 1505 2818 Antonio
1527 2777 1583 2817 de
1604 2776 1694 2818 Sea
1714 2775 1728 2795 ³
1757 2782 1915 2816 actum

339 2911 347 2930 ¹
388 2911 569 2945 Hispanice
585 2912 658 2939 Rm'
670 2913 786 2946 Lopez
800 2913 842 2940 de
861 2912 1031 2940 Cumano,

336 2958 349 2977 ἓ
387 2958 452 2991 5ίς;
469 2959 571 2985 etiam
589 2960 621 2986 in
636 2960 790 2994 hispano.

336 3006 350 3023 ⁷¹
387 3004 424 3031 In
437 3005 621 3039 hispanicis
641 3007 768 3034 litteris
782 3006 931 3034 Antonio
946 3007 988 3034 de
1004 3007 1071 3034 Sue
1086 3007 1256 3035 Buarcos.
