2080 3392
877 229 960 266 AN.
992 228 1083 266 1554
1748 225 1819 263 629

176 330 225 364 ta
261 332 330 364 est
366 325 555 365 tandem
590 325 727 365 lectio
767 337 793 365 a
834 324 1039 377 quodam
1073 325 1219 365 fratre
1254 325 1588 375 Dominicano,
1627 323 1705 375 qui
1743 322 1817 363 hic

174 394 219 436 S.
276 395 507 436 Thomam
551 396 850 437 foelicissime
895 407 1069 447 magna
1112 396 1287 447 ingenii
1332 395 1612 436 dexteritate
1649 406 1818 446 aequa-

181 467 303 517 lique
338 467 490 518 gloria
517 467 852 518 interpretatur
897 466 921 507 ¹.
954 467 1213 519 Statimque
1247 473 1352 519 post
1387 467 1632 507 exordium
1662 465 1817 506 lectio-

178 537 271 587 nis,
305 538 537 577 convertit
569 539 830 579 orationem
860 538 919 578 ad
946 538 994 579 P.
1019 538 1352 589 Franciscum,
1376 539 1614 589 multaque
1643 536 1699 576 de
1721 537 1814 587 illo,

183 609 329 648 multa
365 609 421 648 de
461 609 583 649 illius
620 610 872 650 virtutibus
907 610 1142 661 integram
1181 610 1349 650 horam
1388 610 1628 661 eleganter
1663 620 1718 648 ac
1748 620 1816 648 or-

176 685 285 718 nate
307 679 424 719 dixit
445 691 619 731 magna
641 692 748 720 curn
771 681 1061 722 audientium
1083 681 1354 731 attentione,
1379 693 1498 732 quae
1520 681 1627 720 huic
1645 679 1819 720 dicenti

175 761 360 800 semper
381 752 616 801 praestari
637 752 767 802 solet,
792 758 890 792 tum
911 752 1190 803 praesertim
1211 752 1398 804 quando
1422 765 1476 792 ea
1500 753 1677 800 diceret
1699 762 1817 803 quae

173 821 302 860 illum
324 821 499 861 dixisse
522 834 684 862 omnes
701 829 744 863 et
765 823 938 863 vellent
966 830 1010 863 et
1039 829 1356 875 expectarent.
1386 824 1501 864 Erat
1528 824 1652 864 enim
1680 834 1817 874 argu-

171 899 380 932 mentum
401 893 544 933 totius
567 894 794 935 orationis
816 900 865 935 ut
890 895 945 935 de
973 895 1064 934 illis
1092 901 1275 946 ageret,
1306 906 1425 946 quae
1448 895 1569 935 illius
1598 901 1694 934 tam
1724 901 1816 934 stu-

169 963 350 1015 pendae
380 965 673 1016 mutationis,
711 978 852 1018 quam
888 967 936 1006 in
970 965 1020 1005 P.
1058 965 1314 1006 Francisco
1350 966 1594 1006 dexteram
1628 966 1817 1006 Excelsi

170 1042 416 1086 operatam
438 1048 600 1076 omnes
621 1037 938 1087 intuebantur,
962 1037 1094 1077 initia
1120 1048 1223 1077 esse
1247 1037 1474 1077 crederet.
1501 1036 1672 1088 Quare,
1696 1048 1815 1077 sum-

119 1113 128 1125 ·
168 1113 250 1158 pta
272 1107 381 1147 hinc
404 1108 675 1158 occasione,
702 1109 930 1149 latissime
961 1109 1017 1149 de
1046 1109 1282 1160 oratione,
1315 1109 1618 1149 meditatione
1640 1109 1816 1149 exerci-

168 1177 336 1229 tiisque
370 1179 712 1230 spiritualibus,
752 1180 919 1231 quibus
959 1180 1144 1221 interna
1185 1180 1374 1220 devotio
1415 1181 1665 1231 excitatur,
1704 1180 1814 1231 egit,

168 1255 486 1301 quantumque
508 1251 776 1302 proficiant,
803 1252 881 1304 qui
908 1252 968 1292 ad
997 1252 1115 1292 haec
1144 1252 1335 1304 pietatis
1362 1252 1517 1292 studia
1548 1252 1699 1292 solent
1725 1251 1815 1291 affi-

169 1321 236 1371 ci;
273 1321 440 1372 quibus
477 1323 693 1363 omnibus
721 1334 894 1374 magno
924 1323 1196 1363 testimonio
1226 1330 1327 1363 erat
1365 1323 1520 1363 Patris
1554 1325 1819 1375 exemplum

170 1392 384 1444 illiusque
420 1393 660 1434 humilitas
695 1394 795 1446 ipso
825 1394 967 1434 etiam
996 1394 1228 1434 audientis
1261 1401 1399 1445 gestu
1430 1394 1665 1444 relucens,
1699 1405 1819 1446 quae

168 1474 261 1503 una
288 1464 496 1504 omnium
524 1466 685 1505 oculos
711 1465 759 1505 in
786 1476 835 1505 se
864 1472 1180 1506 converterat.
1212 1465 1308 1505 Nec
1344 1465 1502 1505 dubito
1531 1466 1572 1505 si
1600 1466 1730 1506 illum
1762 1464 1819 1505 de

169 1534 242 1574 his
262 1533 435 1575 diutius
457 1547 600 1587 agere
621 1536 915 1588 contigisset,
938 1537 1206 1577 uberrimos
1227 1536 1414 1577 Christo
1436 1537 1617 1577 fructus
1650 1548 1709 1577 ex
1730 1537 1819 1576 hac

170 1604 431 1646 Academia
466 1608 788 1648 collecturum.
828 1608 965 1649 Nulla
993 1615 1064 1648 est
1098 1609 1265 1649 messis
1295 1609 1463 1660 aptior,
1497 1609 1536 1648 si
1568 1609 1686 1648 tales
1713 1620 1818 1660 ope-

170 1677 284 1717 rarii
306 1678 596 1730 contingant.
623 1679 764 1731 ldque
792 1691 917 1720 nunc
938 1678 1037 1719 fore
1059 1691 1144 1719 nos
1166 1691 1410 1731 speramus
1432 1679 1460 1717 ⁹².
1492 1679 1633 1719 Dedit
1660 1679 1784 1720 enim
1804 1677 1818 1697 ⁵

172 1747 311 1789 fidem
331 1748 379 1789 P.
404 1748 593 1790 Rectori
615 1750 927 1802 caeterisque,
952 1751 1028 1802 qui
1051 1751 1141 1791 hoc
1163 1751 1221 1791 ab
1250 1751 1327 1791 illo
1359 1751 1634 1801 exigebant,
1666 1762 1715 1790 se
1745 1750 1820 1790 hic

171 1831 320 1860 verno
348 1827 560 1873 tempore
582 1823 759 1874 aliquot
790 1822 889 1863 dies
916 1823 1125 1863 futurum
1152 1830 1196 1863 et
1222 1834 1348 1863 nunc
1374 1823 1504 1863 illum
1530 1821 1628 1873 jam
1657 1821 1819 1862 affutu-

171 1903 276 1932 rum
310 1898 355 1932 et
384 1893 618 1934 credimus
646 1901 691 1934 et
719 1901 1014 1946 exoptamus.
1046 1893 1138 1935 Sed
1162 1893 1260 1946 jam
1287 1894 1402 1934 satis
1432 1894 1510 1934 diu
1537 1894 1594 1934 de
1622 1894 1710 1934 his.
1743 1893 1820 1934 Ad

171 1963 429 2004 domestica
451 1965 655 2005 veniam.

251 2033 548 2086 Quamquam
571 2036 702 2076 multi
724 2043 832 2077 sunt
853 2037 1059 2087 ingeniO,
1084 2042 1259 2088 aetate,
1283 2037 1437 2077 indole
1458 2037 1711 2088 praeclari,
1737 2037 1819 2088 qui

173 2103 458 2146 Societatem
479 2114 692 2148 nostram
713 2108 909 2159 eligant,
935 2115 1179 2159 exoptent,
1203 2114 1657 2160 perseveranterque
1678 2119 1821 2148 unam

171 2176 294 2217 hanc
325 2189 351 2217 a
384 2174 588 2218 Domino
615 2185 798 2231 petant,
830 2187 1012 2231 tamen,
1053 2191 1172 2231 quae
1200 2179 1249 2219 P.
1279 2180 1534 2220 Villanova
1565 2185 1635 2220 est
1665 2180 1711 2219 in
1743 2179 1818 2220 eli-

171 2247 325 2298 gendo
346 2249 595 2299 prudentia
613 2282 620 2301 ,
644 2250 768 2291 hunc
790 2251 838 2291 in
859 2250 1061 2291 fratrum
1083 2262 1330 2291 numerum
1350 2251 1535 2302 recipit,
1554 2251 1696 2291 illum
1722 2252 1818 2291 diu-

174 2319 267 2359 tius
288 2319 558 2361 desiderarc
579 2322 821 2373 permittit.
846 2322 1028 2363 Novem
1049 2334 1163 2372 ergo
1193 2322 1282 2362 hoc
1309 2323 1527 2374 proximo
1556 2323 1819 2374 quadrime-

171 2390 258 2430 stri
284 2402 343 2430 ex
370 2397 502 2431 tanta
532 2394 796 2444 optantium
823 2393 1120 2434 multitudine
1148 2405 1400 2434 accrevere
1431 2394 1514 2434 tibi
1544 2393 1644 2444 filii,
1682 2394 1818 2434 nobis

170 2460 356 2501 fratres.
381 2462 506 2502 Inter
524 2462 611 2503 hos
632 2464 824 2515 quidam
846 2471 916 2505 est
938 2464 1172 2505 Antonius
1195 2463 1432 2514 Sanchez‚
1462 2464 1641 2505 Doctor
1671 2464 1818 2504 Theo-

170 2533 308 2583 logus
329 2544 389 2573 ex
410 2533 487 2573 illo
511 2533 719 2586 Collegio
739 2534 1016 2587 Seguntino,
1040 2536 1165 2588 quod
1185 2536 1320 2576 nobis
1340 2542 1408 2576 tot
1430 2547 1485 2575 ac
1507 2536 1625 2576 tales
1645 2535 1818 2576 fratres

170 2604 384 2655 proxime
406 2605 586 2656 peperit
612 2606 831 2658 dabitque
859 2606 1032 2647 Christi
1054 2607 1210 2658 gratia
1231 2607 1470 2658 plurimos.
1500 2607 1590 2646 Hic
1612 2618 1694 2658 per
1720 2613 1816 2647 tres

170 2686 321 2715 annos
343 2675 460 2716 adeo
490 2662 843 2717 desideraverat
872 2684 1032 2718 noster
1061 2689 1163 2718 esse
1191 2684 1241 2718 ut
1268 2689 1508 2729 nunquam
1535 2678 1582 2718 id
1608 2678 1818 2719 futurum

170 2758 286 2798 prae
307 2746 540 2787 desiderio
563 2748 792 2789 crederet.
817 2748 946 2789 Deus
972 2755 1128 2789 tamen
1149 2755 1510 2800 perseverantes
1537 2748 1747 2800 exaudit,
1773 2755 1817 2790 et

229 2859 240 2878 ¹
280 2858 338 2887 Fr.
352 2859 530 2887 Paschalis
545 2859 687 2895 Mancio,
705 2860 742 2888 Ο.
759 2859 792 2887 S.
808 2860 848 2888 D.

228 2906 241 2925 2
280 2906 372 2939 Quae
389 2907 443 2934 hic
459 2908 498 2934 de
516 2908 551 2935 P.
567 2907 752 2935 Francisco
768 2909 894 2942 Borgia
910 2912 943 2935 et
959 2908 1149 2936 Academia
1164 2908 1397 2943 Complutensi
1411 2913 1609 2942 narrantur,
1622 2914 1814 2944 congruunt

173 2955 327 2988 apprime
347 2963 422 2982 cum
437 2955 488 2988 iis,
507 2964 592 2990 quae
608 2956 714 2983 habet
729 2955 953 2990 CIENFUEGOS,
970 2964 1022 2990 op.
1038 2964 1078 2990 c.,
1097 2957 1153 2984 lib.
1169 2964 1215 2991 IV,
1233 2964 1310 2991 cap.
1328 2964 1373 2990 xz,
1389 2956 1406 2991 ἓ
1418 2956 1451 2991 3;
1468 2957 1525 2991 qui
1539 2961 1655 2985 tamen
1678 2965 1719 2985 ea
1738 2964 1815 2985 con-

172 3002 289 3035 tigisse
307 3002 355 3029 ait
372 3004 431 3030 sub
448 3002 547 3030 finem
562 3003 775 3036 Novembris,
788 3004 808 3030 α’
823 3004 874 3031 los
886 3003 978 3038 fines
989 3004 1031 3030 de
1043 3003 1268 3038 Noviembre,
1282 3005 1382 3039 hujus
1397 3003 1476 3031 anni
1492 3004 1570 3032 1554.

223 3049 237 3068 ³
280 3050 312 3077 Ρ.
330 3050 539 3079 Franciscus
555 3051 694 3086 Borgia.
