2080 3392
856 188 940 225 ΑΝ.
972 186 1063 225 1553
1712 183 1782 221 459

141 288 301 328 ristiae
319 292 616 328 sacramento
632 285 861 325 tradendo
878 290 1105 324 vacarent
1119 283 1298 333 Patres,
1314 294 1401 322 nec
1418 282 1541 322 enim
1558 281 1634 321 vel
1650 280 1781 320 festis

141 354 218 399 ffel
239 358 486 399 dominicis
508 358 670 398 diebus
692 356 906 396 omnibus
929 355 1065 395 simul
1086 360 1304 406 poterant
1326 353 1590 393 subvenire.

222 429 353 481 Sunt,
378 436 427 469 ut
447 429 676 477 videmus,
701 428 754 468 R.
779 427 845 477 Ρ.,
871 427 1182 467 lusitanorum
1205 425 1412 465 omnium
1435 424 1579 464 animi
1607 423 1782 472 (divino

142 501 382 551 beneficio)
406 501 452 541 in
473 507 685 540 nostram
710 498 1088 539 benevolentiam
1119 497 1330 547 adducti3
1360 497 1598 546 multaque
1627 494 1782 534 subse-

142 579 273 624 cuta,
315 584 433 624 quae
473 572 761 623 singularem
796 570 886 610 Dei
919 569 1200 610 charitatem
1230 569 1277 608 in
1316 569 1467 619 ipsam
1500 566 1783 607 Societatem

143 643 282 683 facile
317 644 581 692 declarant,
619 653 738 694 quae
772 641 867 681 iam
902 652 1027 680 nunc
1068 652 1265 680 narrare
1302 639 1538 690 incipiam.
1576 638 1784 678 Primum

142 726 346 766 namque
367 726 479 754 vere
509 714 794 766 christianus
815 712 936 762 Rex,
961 711 1084 763 quod
1106 712 1200 750 iam
1230 719 1368 750 antea
1400 710 1588 761 saepius
1616 709 1783 749 consti—

143 792 313 836 tuerat,
337 797 460 825 nunc
484 785 673 825 omnino
693 784 916 833 decrevit,
940 789 990 823 ut
1013 783 1190 823 scilicet
1211 794 1270 822 ex
1296 782 1471 821 nostris
1493 781 1661 833 aliquis
1681 792 1784 832 pro—

142 856 311 897 vinciis
346 856 497 896 Presti
531 856 726 909 Joannis
761 854 1035 907 patriarcha
1070 852 1396 905 praeficiatur3
1430 852 1562 892 cuius
1598 858 1695 891 tam
1723 852 1788 904 pii

145 927 365 968 desiderii
387 926 629 967 Summum
650 926 937 975 Pontificem,
963 936 1098 965 suum
1119 926 1341 975 legatum,
1373 935 1558 963 necnon
1579 923 1630 963 T.
1656 923 1710 963 R.
1734 922 1785 963 Ρ.

143 999 392 1039 certiorem
414 998 536 1048 fecit,
571 998 646 1038 cui
673 997 815 1037 totius
843 1008 1075 1037 summam
1104 1002 1147 1035 et
1174 1000 1456 1046 potestatem
1488 995 1556 1034 rei
1583 994 1786 1045 delegat3

144 1070 270 1121 quod
299 1069 339 1109 si
366 1069 468 1119 fiat,
506 1068 794 1109 incredibilis
827 1068 1091 1108 animarum
1125 1066 1307 1106 fructus
1341 1072 1578 1117 sequetur,
1617 1072 1666 1105 ut
1702 1077 1788 1117 pro

146 1147 277 1181 certo
301 1141 550 1191 habemus;
574 1147 618 1180 et
644 1140 722 1192 qui
743 1152 796 1180 eo
826 1151 884 1179 ex
913 1139 1137 1179 societate
1168 1137 1354 1187 iverint,
1381 1136 1651 1188 probandos
1678 1149 1790 1177 vere

150 1212 345 1260 scimus;
370 1211 602 1264 oportebit
625 1211 749 1251 enim
779 1212 950 1251 multos
981 1209 1137 1250 subire
1166 1208 1367 1259 labores,
1391 1208 1471 1260 qui
1498 1208 1697 1259 publicis
1717 1208 1791 1247 his

147 1283 421 1324 ministeriis
438 1284 647 1323 adiuncti
669 1295 771 1323 esse
793 1283 958 1322 solent.

234 1355 399 1407 Coepit
416 1361 661 1406 praeterea
683 1353 933 1395 Societatis
951 1354 1016 1404 (ut
1042 1353 1106 1393 ita
1121 1352 1291 1402 dicam)
1311 1351 1549 1403 plenitudo
1567 1351 1793 1402 paulatim

152 1438 257 1467 sese
278 1427 542 1477 ostendere,
568 1438 661 1466 non
689 1426 840 1465 solum
861 1426 963 1465 luce
991 1430 1035 1465 et
1057 1424 1271 1464 claritate
1293 1423 1522 1472 maxima,
1554 1434 1696 1473 quam
1716 1433 1794 1461 no-

152 1499 223 1538 bis
246 1498 603 1538 constitutiones
630 1497 896 1547 attulerant,
922 1507 1088 1536 verum
1115 1495 1258 1535 etiam
1288 1494 1496 1534 omnium
1524 1493 1671 1545 ipsius
1692 1504 1794 1544 par-

151 1571 268 1610 tium
284 1570 590 1610 institutione.
613 1568 882 1620 Olisiponae
899 1579 1100 1619 namque
1118 1567 1300 1617 domus,
1321 1577 1460 1618 quam
1478 1564 1797 1616 professorum

156 1641 461 1693 appellamus,
486 1652 512 1680 a
534 1640 743 1692 Collegio
766 1645 985 1692 separata
1001 1644 1093 1679 est:
1118 1638 1150 1678 ii
1166 1649 1296 1688 vero,
1313 1637 1392 1689 qui
1410 1637 1456 1677 in
1474 1637 1611 1677 domo
1634 1635 1798 1676 eadem

153 1718 303 1763 erant,
334 1713 382 1752 in
416 1712 656 1764 professos
687 1711 1094 1762 coadiutoresque,
1125 1716 1223 1750 tum
1258 1710 1303 1749 in
1335 1708 1676 1760 spiritualibus,
1698 1713 1797 1747 tum

153 1785 294 1824 etiam
315 1784 362 1824 in
383 1784 719 1835 temporalibus
741 1782 880 1823 divisi
898 1787 1025 1822 sunt:
1051 1782 1081 1821 ii
1098 1782 1238 1821 etiam
1260 1780 1482 1830 adiuncti,
1501 1779 1579 1831 qui
1596 1779 1642 1818 in
1660 1779 1798 1819 domo

153 1855 446 1906 probationis
467 1861 734 1905 versantur,
759 1860 808 1894 ut
829 1853 1024 1893 inferius
1041 1853 1190 1893 obiter
1212 1851 1526 1892 narrabimus.

234 1926 339 1980 Jam
361 1933 500 1966 antea
529 1926 654 1977 apud
681 1926 841 1966 divum
862 1925 1121 1965 Antonium
1144 1924 1191 1964 in
1212 1924 1361 1964 tribus
1390 1922 1617 1962 classibus
1644 1933 1796 1972 gram-

154 1999 351 2038 matices
373 1997 724 2049 rhetoricesque
741 1997 1037 2046 documenta,
1063 1995 1270 2036 maxima
1293 2006 1399 2035 cum
1421 1994 1689 2034 auditorum
1711 1992 1797 2032 frc-

153 2070 359 2121 quentia,
375 2069 782 2121 praelegebantur.
800 2069 995 2119 Egimus
1007 2068 1163 2119 itaque
1181 2078 1288 2107 cum
1305 2066 1449 2117 Rege,
1465 2064 1655 2118 eiusque
1669 2065 1798 2104 iussu

155 2152 263 2180 cum
285 2141 492 2190 civitate,
516 2141 718 2181 velletne
740 2146 790 2180 ut
811 2139 1106 2191 Olissiponae
1126 2139 1197 2189 iis,
1217 2149 1337 2190 quae
1360 2137 1407 2177 in
1429 2136 1563 2176 Italia
1580 2135 1801 2176 Siciliave

158 2218 279 2262 sunt,
305 2212 455 2265 simile
476 2212 739 2263 erigeretur
761 2211 1036 2262 Collegium,
1060 2210 1107 2249 in
1128 2221 1219 2261 quo
1242 2209 1299 2249 ob
1327 2208 1532 2248 civitatis
1562 2206 1801 2247 celebrita-

157 2289 251 2322 tem
274 2283 319 2322 in
348 2283 497 2323 tribus
525 2283 754 2322 classibus
783 2281 1160 2333 grammaticam,
1190 2281 1238 2320 in
1261 2280 1439 2320 duobus
1469 2284 1512 2318 et
1540 2278 1801 2318 rhetorices

157 2359 426 2405 praecepta,
450 2360 495 2393 et
516 2365 635 2405 quae
656 2354 1009 2405 provectiorum
1030 2353 1124 2392 iam
1145 2352 1301 2392 stilum
1319 2351 1518 2402 polirent
1540 2349 1799 2401 praelectu-

158 2436 238 2480 ros
264 2437 350 2465 nos
378 2425 596 2475 diximus,
628 2436 811 2464 necnon
839 2436 1043 2475 graecae
1071 2423 1413 2474 hebraicaeque
1445 2421 1634 2472 linguae
1663 2426 1801 2471 atque

158 2508 322 2536 earum
343 2496 672 2547 quaestionum
689 2496 822 2547 (quas
837 2497 980 2547 vulgo
999 2507 1136 2535 casus
1154 2493 1469 2535 conscientiae
1487 2492 1800 2539 nominamus)

158 2568 384 2608 lectiones
406 2567 664 2607 habituros.
683 2566 864 2607 Placuit
885 2567 1056 2607 mirum
1078 2567 1125 2606 in
1146 2565 1335 2605 modum
1362 2564 1480 2604 haec
1503 2563 1690 2613 collegii
1711 2561 1803 2602 for-

158 2651 234 2679 ma
256 2651 264 2679 :
287 2639 499 2691 protinus
523 2638 581 2678 ad
602 2638 782 2689 Regem
803 2638 1081 2689 detulerunt,
1107 2638 1205 2677 sine
1222 2637 1355 2677 cuius
1380 2635 1517 2686 copia
1543 2634 1658 2674 nihil
1680 2633 1806 2685 quic-

160 2722 301 2761 quam
329 2722 388 2750 ex
414 2710 548 2750 bonis
577 2710 785 2749 civitatis
815 2709 1017 2761 expendi
1045 2714 1243 2760 poterat.
1277 2708 1378 2747 Rex
1406 2707 1467 2757 ei,
1499 2705 1576 2757 qui
1602 2705 1803 2757 primum

160 2781 280 2822 inter
317 2781 611 2822 consiliarios
641 2782 797 2820 locum
832 2781 1085 2830 obtinebat,
1117 2780 1252 2820 nobis
1283 2777 1470 2829 quidem
1499 2776 1802 2822 amicissimo,

158 2853 359 2904 Collegii
373 2864 537 2893 curam
549 2852 801 2903 delegavit,
816 2857 867 2891 ut
879 2858 924 2891 et
936 2863 1019 2891 suo
1035 2850 1111 2903 [et]
1127 2850 1334 2891 civitatis
1347 2849 1534 2889 nomine
1552 2853 1740 2887 curaret
1757 2854 1804 2887 ut

160 2935 301 2975 quam
316 2924 519 2975 primum
532 2923 755 2963 lectiones
772 2922 1122 2972 inchoarentur,
1143 2933 1201 2961 ne
1224 2920 1334 2972 quid
1351 2920 1492 2960 etiam
1510 2931 1568 2959 ex
1590 2919 1660 2969 iis,
1683 2930 1804 2970 quae

160 2994 370 3046 Collegio
388 2994 659 3035 necessaria
676 2999 824 3043 erant,
845 2993 1028 3033 deesset
1045 2991 1455 3032 animadverteret.
1476 2990 1627 3030 Tanta
1648 2996 1806 3029 autem
