2080 3392
861 175 944 212 AN.
978 174 1068 211 1553
1718 174 1788 210 ‘297

145 283 272 321 mus3
299 285 408 314 nam
430 273 669 324 sigillatim
687 273 843 313 omnia
860 272 1079 324 persequi
1096 283 1267 322 operae
1284 271 1485 323 pretium
1499 282 1592 310 non
1616 276 1700 320 est,
1719 276 1784 320 ut,

147 345 310 386 humili
341 344 633 385 obedientiae
665 344 815 384 officio
842 343 1011 394 functi,
1042 354 1199 383 rerum
1232 349 1503 382 nostrarum
1541 342 1658 382 adeo
1686 353 1787 393 per-

145 417 441 456 turbatarum
486 416 847 456 commotionem
897 420 1304 466 repraesentemus
1356 414 1632 454 Paternitati
1679 420 1787 453 tuae

147 487 606 528 observandissimae
625 486 853 538 simulque
870 485 1088 526 Patribus
1107 497 1161 525 ac
1178 485 1402 525 fratribus
1418 486 1591 525 nostris
1613 484 1786 525 charis-

145 560 291 610 simis,
323 560 401 611 qui
435 559 653 610 precibus
689 564 733 598 et
767 557 1013 598 sacrificiis
1049 556 1150 597 Deo
1186 557 1483 607 gratissimis,
1523 557 1789 597 orationum

141 640 331 670 tuarum
353 629 577 680 suffragio
601 628 864 677 cumulatis,
887 628 1021 668 nobis
1043 628 1089 667 in
1112 628 1201 668 hac
1222 634 1500 679 tempestate
1528 628 1787 668 fluctuanti·

145 702 231 742 bus
266 701 637 752 tranquilliorem
672 711 836 740 auram
866 700 1078 751 aspirare
1105 700 1408 749 contendent,
1440 705 1489 739 ut
1518 706 1562 739 et
1584 700 1667 750 illi,
1693 699 1784 751 qui,

140 773 278 813 nobis
300 772 589 819 reluctandO,
615 784 664 811 se
692 771 964 811 existimant
985 771 1260 822 obsequium
1290 770 1391 810 Deo
1421 777 1466 810 et
1493 770 1789 811 Christianae

145 844 446 896 Reipublicae
474 843 752 883 beneficium
772 848 1032 895 praestare,
1056 842 1270 882 veritatis
1288 842 1460 882 lumine
1482 842 1786 893 illustrentur3

145 922 189 956 et
211 915 289 966 illi,
314 916 408 967 qui,
428 922 581 955 mente
600 915 707 955 odio
724 914 963 966 religionis
982 920 1026 954 et
1042 914 1148 954 fidei
1164 913 1458 954 orthodoxae
1476 913 1789 965 abnegatione

143 994 383 1039 corrupta,
409 986 692 1028 Societatem
718 986 1063 1027 calumniantur
1085 991 1130 1026 et
1156 991 1516 1038 persequuntur,
1548 985 1607 1025 ad
1633 986 1788 1025 melio-

145 1070 245 1099 rem
264 1058 552 1098 reducantur
573 1058 773 1109 frugem,
799 1069 998 1110 quorum
1028 1057 1197 1109 impios
1228 1063 1424 1097 conatus
1452 1056 1683 1097 Dominus
1714 1057 1787 1097 eli-

143 1130 254 1170 dere
276 1135 416 1181 atque
437 1140 666 1170 enervare
687 1129 905 1180 dignetur
927 1134 972 1169 et
994 1129 1208 1169 omnibus
1229 1129 1285 1169 de
1306 1128 1540 1169 Societate
1560 1129 1678 1169 bene
1699 1140 1788 1168 me-

144 1201 248 1241 ritis
270 1202 522 1241 coelestem
544 1201 811 1241 mercedem
832 1200 1063 1241 retribuat
1083 1212 1168 1252 pro
1199 1212 1284 1240 sua
1306 1200 1538 1251 bonitate;
1567 1211 1657 1252 qua
1684 1200 1791 1241 freti

145 1272 353 1313 omnium
385 1273 585 1312 salutem
615 1283 865 1323 precamur
894 1278 940 1312 et
967 1277 1184 1323 optamus
1216 1283 1300 1323 per
1331 1278 1530 1312 mortem
1560 1271 1791 1322 unigeniti

143 1344 216 1384 sui
235 1344 346 1397 Jesu
368 1343 557 1394 Christi,
594 1343 673 1395 qui
693 1343 1032 1384 Paternitatem
1058 1350 1202 1394 tuam,
1233 1343 1338 1383 filiis
1368 1343 1460 1383 tuis
1491 1354 1790 1395 summopere

142 1415 477 1465 necessariam,
501 1414 579 1455 diu
600 1415 736 1455 nobis
757 1421 915 1455 servet
935 1415 1219 1455 incolumem
1235 1415 1295 1454 ad
1311 1415 1585 1466 obsequium
1602 1414 1791 1454 divinae

144 1487 407 1528 maiestatis
428 1499 541 1527 suae
564 1493 607 1527 et
628 1486 878 1527 Societatis
898 1498 1012 1527 suae
1033 1487 1394 1538 promotionem.
1419 1486 1587 1526 Amen.

223 1558 508 1611 Prosperum
548 1559 727 1610 negotii
765 1559 916 1599 nostri
952 1569 1225 1600 successum
1263 1557 1456 1598 Patrum
1497 1570 1552 1598 ac
1590 1558 1791 1598 fratrum

144 1632 354 1673 omnium
377 1631 672 1672 orationibus
694 1631 1026 1672 commendare
1048 1631 1333 1683 dignaberis,
1365 1638 1413 1671 ut
1445 1631 1522 1671 diu
1550 1637 1791 1683 speratum

143 1703 285 1744 finem
306 1703 676 1754 controversiae,
701 1703 931 1743 hactenus
951 1709 1223 1755 protractae
1245 1703 1302 1743 ab
1323 1703 1426 1754 ipso
1450 1702 1685 1754 Episcopo
1707 1702 1789 1743 Pa—

144 1775 331 1815 risiensi
366 1786 421 1814 ac
444 1774 623 1825 pariter
655 1786 683 1814 a
713 1774 923 1815 Concilio
951 1774 1248 1826 theologicae
1282 1774 1564 1824 Facultatis,
1601 1774 1791 1815 tandem

135 1854 413 1893 ¹exoremus3
453 1846 511 1886 ad
547 1846 679 1886 cuius
706 1846 927 1887 desiderii
961 1846 1110 1887 nostri
1145 1846 1529 1886 consecutionem
1566 1853 1791 1898 paternae

143 1929 311 1969 preces
333 1923 440 1958 tuae
461 1917 628 1958 efficax
649 1918 909 1958 subsidium
929 1918 1065 1959 nobis
1088 1917 1468 1970 suppeditabunt.
1496 1918 1629 1968 Vale,
1653 1917 1793 1958 Pater

143 1989 191 2029 in
230 1988 418 2030 Christo
460 1989 908 2030 observandissime.
950 1989 1117 2030 Gratia
1151 1989 1343 2029 Domini
1376 1990 1465 2030 Dei
1499 1990 1649 2030 nostri
1682 1990 1794 2043 Jesu

144 2060 322 2101 Christi
343 2061 551 2101 abundet
571 2067 616 2101 et
639 2067 823 2101 crescat
843 2073 1029 2113 semper
1050 2061 1097 2101 in
1118 2061 1286 2101 animis
1308 2061 1496 2101 nostris.
1522 2061 1690 2101 Amen.

224 2131 441 2172 Lutetiae
463 2122 769 2183 Parisiorum,
793 2145 817 2173 e
839 2133 996 2173 Domo
1018 2133 1416 2183 Claramontensi,
1450 2132 1658 2185 Septimo
1679 2133 1792 2173 Maii

144 2203 391 2244 millesimo
414 2204 788 2255 quingentesimo
807 2205 1200 2256 quinquagesimo
1217 2205 1370 2245 tertio.

226 2275 299 2315 Ex
320 2275 650 2315 commissione
672 2275 764 2316 Rdi
782 2275 936 2316 Patris
956 2277 1106 2316 nostri
1127 2276 1374 2316 Paschasii
1395 2276 1549 2316 Broet.

227 2345 349 2385 Rdae
375 2345 424 2386 P.
448 2345 578 2386 Tuae
599 2347 819 2387 minimus
839 2347 887 2387 in
908 2347 1096 2388 Christo
1113 2346 1234 2387 filius
1256 2359 1311 2387 ac
1328 2359 1495 2387 servus
1516 2346 1706 2396 inutilis,

707 2435 955 2478 RoBERTUS
977 2437 1273 2479 CLAYsouius
1294 2437 1572 2478 BRUGENsls.

226 2560 606 2612 Superscrz'ptz'o:
626 2561 687 2601 Al
708 2562 851 2602 molto
873 2561 975 2602 R.d0
1002 2562 1049 2602 in
1070 2562 1152 2602 X.⁰
1174 2562 1335 2614 padre,
1359 2562 1389 2601 il
1410 2562 1555 2613 padre
1576 2561 1638 2601 M.
1656 2562 1788 2613 Igna-

144 2632 208 2672 tio
234 2631 291 2672 de
325 2631 505 2684 Loyola
527 2633 767 2684 preposito
794 2634 1017 2684 generale
1045 2633 1166 2674 della
1197 2633 1490 2685 Compagnia
1528 2633 1583 2673 de
1617 2633 1728 2686 Jesu
1764 2645 1790 2674 a

139 2702 242 2743 Sta.
266 2703 417 2743 maria
439 2703 560 2743 della
581 2704 757 2744 strada.

225 2774 277 2815 In
298 2773 462 2815 Roma.

226 2846 290 2886 Et
304 2845 454 2897 paulo
477 2846 690 2896 inferius
707 2858 721 2886 .·
742 2846 832 2887 Pro
854 2853 992 2898 portu
1012 2847 1101 2901 Jul.
1126 2860 1287 2888 unum.

228 2917 292 2956 Et
310 2916 406 2956 alia
428 2929 573 2956 manu
591 2929 606 2956 .·
629 2916 682 2967 Q.
706 2916 996 2958 Parisiorum
1019 2930 1043 2959 e
1070 2917 1223 2959 Domo
1252 2918 1627 2960 Claramontensi
1655 2919 1791 2970 septi-

148 2999 224 3028 mo
242 2988 355 3028 Maii
380 2988 495 3028 1553.
519 2988 583 3027 7.a
603 2987 730 3028 Maii.
