2080 3392
855 149 938 185 AN.
971 146 1061 185 1553
1710 145 1783 183 :383

814 597 1101 652 COXLIV

208 837 402 883 Joannes
423 835 686 875 GambaruS.

257 901 328 937 Ex
347 900 668 938 commissione
688 900 834 937 Patris
855 898 1062 937 Caesaris
1081 899 1245 944 Helmi‚

301 967 421 1004 Patri
441 966 610 1014 Ignatio
630 966 683 1002 de
703 966 888 1013 Loyola.

352 1032 564 1077 Venetiis,
588 1031 610 1068 2
631 1030 904 1078 Septembris
926 1031 1018 1069 1553
1037 1031 1062 1067 ¹.

220 1453 386 1494 Gratia
408 1454 496 1494 Dei
514 1460 558 1494 et
575 1454 784 1494 charitas
800 1453 991 1494 Domini
1013 1453 1160 1494 nostri
1181 1453 1295 1506 JESU
1311 1452 1501 1494 CHRISTI
1517 1458 1562 1492 et
1580 1463 1781 1492 commu-

136 1525 309 1565 nicatio
332 1524 531 1576 Spiritus
549 1524 710 1566 Sancti
729 1526 788 1565 sit
810 1536 915 1565 cum
937 1524 1151 1565 omnibus
1173 1524 1322 1564 nobis,

217 1595 502 1648 Scripsimus
538 1597 746 1649 quidem,
777 1596 830 1636 R.
861 1596 908 1636 in
935 1596 1099 1648 primis
1127 1602 1266 1647 atque
1295 1594 1439 1635 obs.de
1466 1594 1620 1645 Pater,
1651 1605 1782 1646 supe-

137 1667 338 1707 rioribus
370 1669 589 1718 duorum,
616 1675 727 1708 tunc
757 1668 1144 1719 praeteritorum,
1169 1667 1584 1719 quadrimestrium
1604 1666 1779 1716 literas,

132 1739 376 1778 recensitis
399 1739 617 1790 breviter,
642 1751 762 1791 quae
784 1739 1011 1791 proximis
1034 1745 1141 1778 ante
1161 1738 1308 1778 literis
1329 1738 1775 1789 perscripseramus.

135 1809 314 1849 Verum
337 1810 445 1861 quia
466 1810 586 1850 forte
612 1810 776 1862 primis
807 1810 896 1850 illis
928 1810 1117 1850 modum
1139 1810 1439 1861 epistolarem
1470 1809 1775 1859 excessimus,

133 1879 356 1920 historica
396 1882 548 1932 magis
589 1882 859 1933 prolixitate
899 1892 1041 1931 quam
1080 1881 1342 1921 laconismo
1383 1880 1626 1931 epistolico
1668 1892 1778 1920 non-

134 1952 260 1991 nulla
294 1953 549 2003 prosecuti;
593 1953 860 2005 proximae,
898 1953 1065 2004 quibus
1101 1958 1145 1992 et
1181 1952 1305 2002 illas,
1344 1957 1389 1991 et
1423 1957 1521 1990 tum
1554 1963 1780 2002 praesens

133 2023 492 2074 quadrimestre,
516 2025 661 2064 multo
682 2024 873 2064 brevius
891 2024 938 2063 in
959 2035 1123 2072 unum,
1155 2030 1205 2063 ut
1232 2023 1284 2063 T.
1308 2022 1418 2062 pias
1439 2022 1646 2072 iubebat,
1672 2034 1779 2062 con-

131 2105 454 2145 gesseramus,
480 2096 700 2147 quoniam
727 2094 741 2114 ²
773 2107 867 2135 non
897 2101 1004 2135 sunt
1031 2095 1263 2146 perlatae,
1295 2094 1394 2133 sive
1426 2094 1778 2134 tabellariorum

134 2165 237 2205 sive
258 2172 422 2205 nostra
443 2166 488 2206 id
510 2178 654 2206 causa
677 2167 870 2215 accidit;
892 2178 997 2212 nos,
1017 2166 1141 2217 quod
1158 2173 1372 2205 nostrum
1390 2171 1484 2215 est,
1503 2176 1584 2205 eas
1602 2177 1777 2215 omnes,

135 2236 291 2287 quoad
313 2235 411 2286 ejus
432 2237 531 2277 fieri
558 2249 639 2289 per
668 2238 945 2278 memoriam
973 2237 1165 2288 poterit,
1199 2243 1247 2276 at
1277 2236 1574 2287 brevissime,
1605 2236 1664 2276 ad
1694 2243 1778 2276 ter—

136 2307 250 2347 tium
272 2307 426 2347 isthuc
448 2309 790 2359 quadrimestre
811 2314 1062 2348 revocatas
1084 2307 1390 2347 ascribemus.

216 2378 273 2418 Et
293 2379 444 2430 primo
467 2379 672 2431 quidem,
699 2380 822 2432 quod
849 2385 949 2419 tum
974 2379 1065 2419 illis
1094 2386 1194 2419 tum
1221 2378 1330 2418 huic
1355 2390 1601 2418 commune
1624 2379 1777 2440 hacte-

135 2461 221 2489 nus
255 2449 344 2490 Dei
378 2451 667 2502 benignitate
706 2451 813 2501 fuit,
856 2450 1119 2502 frequentia
1153 2449 1393 2500 nimirum,
1431 2456 1530 2489 tum
1568 2450 1777 2491 virorum

134 2526 231 2561 tum
254 2522 521 2573 mulierum,
546 2534 663 2573 quos
684 2523 809 2574 apud
829 2534 915 2562 nos
937 2522 1168 2563 CHRISTUS
1189 2521 1387 2572 singulis
1409 2521 1669 2573 quibusque
1699 2522 1775 2562 do-

134 2592 318 2633 minicis
364 2605 420 2633 ac
460 2593 640 2633 festivis
686 2594 920 2645 plerisque
961 2593 1123 2634 diebus
1163 2592 1386 2643 dignatur
1426 2593 1775 2634 communicare

133 2662 441 2705 Sanctissimo
465 2663 676 2716 corporis
697 2671 741 2705 et
764 2665 1008 2715 sanguinis
1030 2664 1102 2704 sui
1122 2663 1445 2713 Sacramento‚
1472 2675 1542 2714 ea,
1567 2663 1774 2716 inquam,

188 2775 198 2795 1
239 2777 487 2811 Autographae
509 2777 634 2812 duplici
650 2778 682 2805 in
698 2778 788 2811 folio,
805 2786 859 2804 nn.
879 2778 913 2805 77
928 2782 961 2805 et
975 2778 1019 2805 78.
1032 2792 1066 2797 -
1079 2776 1146 2804 Eas
1162 2776 1359 2804 emendavit
1378 2776 1564 2811 Polancus,
1581 2782 1614 2805 et
1629 2786 1689 2805 nos
1706 2779 1780 2814 ejus

133 2824 389 2851 emendationes
404 2825 447 2852 ad
461 2826 607 2859 paginae
624 2827 753 2853 calcem
768 2833 994 2860 supponemus
1010 2824 1155 2852 -Extat
1170 2829 1203 2852 et
1219 2824 1459 2858 apographum
1471 2824 1701 2858 fragmentum
1716 2827 1781 2854 ita-

135 2870 199 2897 lice
215 2871 393 2906 scriptum,
408 2873 494 2907 quod
510 2873 599 2900 infra
615 2873 843 2908 subjiciemus.

190 2918 203 2937 2
242 2918 303 2946 His
319 2920 360 2946 ab
373 2920 467 2948 initio
483 2921 655 2955 hucusque
671 2920 883 2954 cancellatis,
900 2921 1076 2948 substituit
1093 2921 1261 2948 Polancus
1279 2919 1372 2946 haec:
1387 2918 1682 2954 Quandoquidem
1695 2925 1777 2956 pro·

134 2966 228 2993 xz‘mz'
242 2968 521 3000 quadrimestris
536 2968 624 2996 Irae.
640 2969 686 2995 ad
701 2970 724 2995 t.
736 2972 773 3003 p.
