2080 3392
270 178 324 214 (μ
787 176 1015 213 LirrERAE
1041 186 1399 218 QUADRIMESTRES

275 286 378 314 mus
417 274 585 325 quippe
619 279 687 313 est
722 273 934 313 omnibus
970 284 1019 312 se
1053 271 1100 311 in
1135 272 1346 313 omnibus
1386 274 1628 326 impartire
1662 277 1905 329 nullosque

270 350 502 396 gravatur
527 344 710 384 labores
737 343 889 382 subire
919 354 1002 394 pro
1033 343 1354 384 amantissimo
1382 344 1483 385 Iesu
1512 347 1717 397 nomine;
1748 359 1904 399 saepe-

272 427 466 455 numero
498 415 629 455 doleo
666 421 760 454 tam
786 425 945 464 gnavo
975 414 1190 465 operario
1219 426 1311 454 non
1341 415 1705 458 abundantiores
1727 430 1904 458 messes

269 485 420 526 offeri.
445 485 784 536 Supplicandus
806 490 960 524 autem
980 485 1113 524 nobis
1134 485 1288 536 potius
1318 485 1393 525 ille
1422 487 1675 528 seminator
1703 500 1901 540 evange-

272 556 389 596 licus
409 563 458 596 ut
480 563 523 596 et
550 557 669 595 hunc
702 566 869 605 agrum
894 560 1105 595 nostrum
1134 555 1199 595 ita
1231 556 1467 607 subigere,
1501 559 1674 598 sarrire
1705 571 1759 599 ac
1791 566 1902 600 ster-

268 639 437 667 corare
468 627 682 677 dignetur
703 633 751 665 ut
775 632 910 676 aptus
931 626 990 666 sit
1011 626 1188 666 semina
1207 638 1291 666 suo
1313 628 1492 677 gremio
1504 629 1782 680 suscipere,
1806 642 1900 670 sus-

268 704 407 749 cepta
424 699 577 737 calore
595 708 679 736 suo
697 696 963 747 confovere,
982 703 1030 736 ut
1062 697 1261 747 demum,
1292 697 1487 750 firmiter
1509 699 1626 739 actis
1646 701 1900 753 radicibus,

270 770 419 808 laetas
440 775 576 819 atque
596 767 761 807 uberes
783 773 979 818 segeteS,
1005 767 1166 807 eodem
1188 768 1528 808 incrementum
1549 769 1711 820 dante,
1735 772 1903 822 produ-

265 844 362 878 cat.
394 837 525 878 Nunc
560 844 713 877 autem
747 838 972 888 gravibus
1001 838 1246 879 distinetur
1277 840 1497 890 negotiis3
1531 840 1749 881 sollicitat
1780 843 1903 882 enim

268 909 395 960 apud
420 908 876 949 Reverendissimum
907 908 1191 960 Episcopum
1220 909 1546 950 Coloniensem
1577 909 1585 928 ¹
1612 917 1661 950 ut
1692 918 1902 953 nostram

265 979 552 1020 Societatem
574 980 620 1019 in
640 981 832 1019 tutelam
853 990 986 1019 suam
1008 979 1250 1031 suscipiat,
1284 981 1641 1033 libertatemque
1673 984 1902 1024 concedat

272 1050 412 1090 libere
434 1063 517 1090 sua
539 1050 727 1101 negotia
751 1050 1044 1101 insequendi,
1068 1056 1112 1090 et
1132 1051 1225 1090 iarn
1245 1051 1366 1091 bona
1388 1051 1582 1103 affulget
1604 1064 1725 1104 spes

349 1121 482 1161 Nunc
517 1127 672 1161 autem
700 1121 797 1172 ipse
825 1121 938 1160 ordo
966 1122 1202 1171 postulare
1232 1122 1416 1162 Videtur
1443 1128 1492 1162 ut
1524 1123 1579 1162 de
1616 1123 1781 1164 studiis
1812 1124 1900 1165 fra-

272 1199 392 1232 trum
418 1191 629 1231 nonnihil
663 1192 877 1242 attingat.
909 1191 1150 1242 Quomodo
1182 1198 1336 1232 autem
1363 1205 1463 1233 sese
1491 1201 1650 1234 nostra
1683 1195 1898 1246 habeant,

271 1263 445 1302 ultimis
461 1262 626 1301 litteris
643 1262 756 1301 satis
782 1261 910 1301 Tuae
933 1261 1207 1302 paternitati
1224 1263 1441 1314 explicui,
1467 1276 1611 1316 quare
1629 1277 1750 1305 nunc
1768 1277 1898 1317 prae-

269 1333 409 1373 terire
449 1333 602 1372 statui.
652 1332 879 1383 Magister
918 1332 1114 1372 Ioannes
1145 1332 1284 1383 Ried,
1322 1334 1623 1384 coloniensis,
1662 1336 1900 1387 antiquam

271 1416 362 1443 non
384 1404 690 1443 commutavit
718 1404 1077 1454 habitationem,
1102 1410 1152 1443 ut
1170 1405 1309 1444 latius
1331 1405 1383 1444 T.
1406 1405 1458 1445 R.
1484 1418 1541 1445 ex
1568 1406 1713 1457 ipsius
1734 1407 1899 1447 litteris

268 1474 431 1514 discet.
469 1474 583 1514 Illud
611 1481 765 1514 tamen
795 1474 982 1514 minime
1010 1474 1191 1514 silentio
1227 1475 1561 1516 involvendum
1596 1477 1744 1516 sentio
1777 1478 1900 1529 quod

266 1545 412 1596 ipsius
446 1545 667 1593 infantes,
701 1557 816 1596 quos
845 1556 1026 1585 summa
1054 1544 1330 1585 dexteritate
1357 1552 1401 1586 et
1428 1547 1641 1597 vigilanti
1671 1548 1898 1588 industria

266 1617 313 1656 in
335 1616 482 1656 Bursa
508 1628 629 1655 nova
658 1615 671 1634 ‘³
701 1615 886 1656 Christo
926 1615 1028 1655 Iesu
1058 1616 1278 1667 parturit,
1310 1617 1403 1656 iam
1431 1618 1572 1657 etiam
1607 1617 1657 1658 P.
1697 1618 1897 1659 Leonar-

268 1687 376 1726 dum
397 1686 626 1726 accedunt
648 1687 857 1726 crebrius
879 1687 919 1726 ei
941 1686 1222 1737 confessuri,
1255 1687 1374 1727 inter
1402 1699 1516 1739 quos
1548 1689 1736 1740 quidam
1763 1696 1898 1730 stem—

266 1763 388 1797 mate
409 1758 575 1797 nobilis
597 1770 651 1797 ac
674 1764 869 1797 naturae
891 1757 1073 1797 dotibus
1094 1758 1305 1808 nobilior,
1330 1759 1408 1809 qui
1428 1759 1601 1799 bonam
1618 1772 1747 1811 spem
1767 1760 1895 1801 Patri

265 1828 321 1868 de
343 1840 391 1868 se
413 1829 648 1868 excitavit.
673 1828 963 1868 Adolescens
985 1829 1058 1868 ille
1081 1827 1161 1879 (de
1183 1840 1272 1879 quo
1303 1829 1349 1868 in
1377 1831 1694 1880 superioribus
1724 1831 1890 1871 litteris

266 1899 313 1938 P.
343 1899 615 1939 Leonardus
646 1900 927 1939 mentionem
954 1899 1105 1950 fecit),
1136 1900 1234 1951 qui,
1262 1900 1396 1940 nobis
1424 1901 1612 1941 minime
1644 1903 1892 1953 spectanti-

263 1971 369 2019 bus,
392 1971 689 2021 gratissimus
713 1977 868 2010 tamen
890 1976 934 2010 et
956 1970 1308 2022 acceptissimus
1341 1982 1442 2011 sese
1472 1972 1563 2011 huc
1591 1972 1649 2012 ad
1676 1984 1761 2012 nos
1791 1985 1893 2013 con-

265 2042 461 2091 tulerat,
504 2041 700 2081 feliciter
739 2041 975 2081 exercitiis
1023 2041 1332 2092 colophonem
1376 2042 1623 2093 imposuit,
1671 2049 1892 2095 tantoque

258 2112 406 2151 animi
427 2111 631 2160 fervore,
656 2113 790 2152 nobis
812 2113 994 2162 insciis,
1028 2124 1076 2152 se
1104 2118 1253 2152 totum
1282 2112 1382 2152 Deo
1411 2113 1572 2153 obtulit
1601 2114 1647 2153 in
1678 2114 1893 2155 holocau-

265 2189 386 2222 stum
420 2184 686 2223 suavissimi
716 2184 891 2233 odoris,
921 2189 970 2223 ut
998 2183 1146 2223 omnis
1174 2183 1238 2223 illi
1272 2195 1403 2223 mora
1431 2185 1571 2235 longa
1598 2185 1701 2224 visa
1737 2186 1891 2236 suerit,

265 2264 351 2292 nec
384 2253 595 2293 flammas
626 2260 812 2308 urentes
838 2253 959 2293 ferre
986 2253 1201 2304 potuerit.
1236 2254 1286 2293 In
1320 2254 1469 2305 prima
1499 2254 1792 2296 hebdomada
1826 2257 1919 2302 sic,

266 2324 380 2364 satis
401 2335 623 2375 magnam
645 2327 713 2372 <ut
742 2320 1005 2375 speramus»
1038 2324 1198 2364 habuit
1226 2324 1578 2375 contritionem,
1614 2327 1738 2377 quod
1766 2333 1810 2366 et
1832 2328 1893 2367 la-

258 2406 455 2445 crymae
477 2395 707 2434 interdum
727 2395 857 2434 fusae
879 2395 1184 2434 testabantur.
1218 2394 1351 2434 Nunc
1382 2395 1538 2435 animo
1569 2397 1819 2448 tranquillo
1851 2405 1893 2438 et

267 2465 438 2516 optimo
465 2472 533 2505 est
568 2477 834 2517 magnaque
869 2466 1111 2505 alacritate
1148 2465 1329 2505 culinae
1365 2477 1439 2505 res
1473 2474 1719 2517 procurat,
1756 2480 1891 2519 quem

265 2535 312 2574 P.
352 2536 622 2576 Leonardus
663 2543 901 2587 tamquam
940 2536 1138 2576 sollicita
1172 2535 1331 2575 nutrix
1372 2536 1655 2577 ablactatum
1691 2550 1717 2577 a
1752 2540 1886 2589 lacte,

265 2607 589 2646 enutriendum
611 2615 717 2646 tuae
738 2614 961 2658 paternae
983 2618 1123 2646 curae
1145 2606 1296 2646 offert.
1329 2606 1411 2646 Est
1440 2608 1622 2648 iuvenis
1652 2609 1800 2648 bonae
1827 2609 1890 2649 in-

266 2678 396 2728 dolis,
426 2678 541 2717 bene
570 2684 784 2718 versatus
811 2679 857 2718 in
878 2678 1044 2718 litteris
1065 2678 1250 2728 graecis
1272 2684 1315 2717 et
1337 2678 1563 2728 politioris
1584 2679 1887 2720 litteraturae.

264 2748 462 2788 Lovanii
486 2759 676 2798 operam
697 2749 890 2789 navavit
917 2748 1143 2799 Logicae,
1174 2748 1266 2788 iam
1296 2748 1388 2788 iam
1419 2749 1477 2788 ad
1506 2748 1758 2800 Physicam
1787 2761 1891 2801 gra-

257 2819 372 2858 dum
393 2819 621 2868 facturus;
645 2831 787 2870 quare
809 2826 853 2859 et
874 2820 948 2859 hic
970 2819 1093 2871 apud
1114 2830 1198 2858 nos
1221 2819 1260 2858 ei
1282 2818 1455 2867 studet,
1480 2831 1713 2872 unamque
1734 2821 1888 2861 lectio-

319 2932 327 2950 ¹
369 2931 544 2965 Adolphus
558 2939 624 2958 von
637 2931 890 2967 Schauenburg,
908 2932 1115 2959 Coloniensis
1128 2930 1423 2965 Archiepiscopus.

319 2979 331 2997 2
368 2978 454 3005 Vide
470 2978 720 3012 REIFFENBERG,
739 2979 900 3007 Historia
917 2979 988 3006 Soc.
1002 2979 1075 3013 ses.
1093 2979 1138 3006 ad
1152 2979 1277 3005 Rlzenu
1286 2986 1316 3005 m
1334 2979 1556 3013 inferiorem,
1571 2979 1626 3007 lib.
1644 2985 1693 3011 111,
1709 2986 1783 3013 cap.
1804 2986 1826 3007 1.
