2080 3392
810 194 894 230 AN.
926 193 1017 230 1553
1661 193 1728 229 411

92 296 250 330 tamen
286 290 454 330 fructu.
492 289 613 330 Nam
640 296 684 330 et
715 290 827 331 felix
855 291 1116 331 institutum
1142 290 1437 331 numerosior
1467 289 1731 330 auditorum

90 361 228 401 turba
251 361 556 412 demonstrat,
582 360 769 402 Christo
793 362 925 402 duce.

171 431 330 482 Pergit
347 438 391 472 et
407 432 460 472 R.
481 431 530 472 P.
548 432 754 485 Joannes
774 431 782 451 ¹
797 433 844 472 in
861 433 1102 473 doctrinae
1120 433 1407 474 christianae
1423 433 1730 485 expositione,

91 515 184 543 non
207 504 306 543 sine
325 505 468 544 multo
491 504 828 556 discipulorum
848 504 1017 544 fructu.
1042 503 1153 554 Ejus
1174 503 1326 545 Patris
1347 511 1540 545 sanctus
1563 505 1732 544 mirum

91 575 140 614 in
160 574 351 615 modum
371 575 533 615 fervor
554 575 803 626 probatur,
828 575 939 615 dum
960 575 1132 626 carpit,
1158 582 1315 627 urget,
1339 582 1384 616 et
1411 576 1467 616 de
1493 576 1594 616 vita
1615 575 1733 615 bene

91 645 378 686 instituenda
402 646 633 686 hortatur.

172 717 244 757 Ex
265 717 451 767 scholiS,
476 723 662 769 praeter
685 722 872 757 caetera
894 716 983 757 Dei
1010 717 1255 767 beneficia,
1291 717 1379 757 hoc
1407 729 1591 769 quoque
1622 718 1732 758 civi-

89 794 164 828 tas
194 789 397 839 accepit:
428 793 477 828 ut
504 788 773 839 praesentia
800 794 965 828 nostra
999 788 1077 828 alii
1103 795 1435 840 praeceptores
1464 789 1734 829 solertiores

90 865 136 900 et
157 859 478 910 diligentiores
499 859 591 899 sint
612 858 782 899 effecti.
807 859 1098 911 Expectatur
1126 859 1234 911 quid
1265 858 1463 899 fratrum
1491 860 1734 911 diligentia

90 931 138 970 in
153 930 311 981 pueris
328 930 624 970 instituendis
640 931 830 970 tandem
845 930 1015 982 pariat,
1035 930 1217 970 animos
1234 941 1347 970 sane
1365 931 1731 982 expectantium,

92 1007 142 1041 ut
170 1013 328 1053 spero,
359 1013 601 1053 nunquam
629 1001 900 1053 deceptura.
930 1001 1077 1042 Nemo
1099 1007 1169 1042 est
1197 1002 1275 1054 qui
1308 1013 1445 1054 opem
1477 1008 1644 1042 renuat
1672 1008 1732 1052 et,

92 1073 260 1124 quibus
281 1074 451 1124 possit,
475 1073 629 1113 modis
651 1073 865 1124 surgenti
887 1073 1017 1125 operi
1038 1073 1152 1114 nolit
1174 1073 1287 1113 dare
1308 1085 1492 1113 manus.

173 1143 391 1184 Accessit
418 1150 678 1196 opportune
705 1144 781 1184 hic
808 1145 933 1185 votis
966 1144 1086 1185 Rmi.
1125 1150 1170 1184 et
1195 1144 1327 1185 Illmi.
1362 1144 1627 1185 Cardinalis
1654 1143 1732 1184 Pe—

94 1215 242 1255 rusini
275 1214 288 1233 “²
312 1215 569 1266 adventus,
601 1216 680 1268 qui
706 1222 933 1267 quantum
965 1227 1050 1256 sua
1076 1216 1346 1268 praesentia
1379 1222 1588 1268 praestet
1618 1216 1733 1267 opis,

93 1286 305 1327 struendi
333 1286 532 1327 aedificii
559 1287 842 1328 acceleratio
868 1287 1041 1327 indicio
1072 1293 1156 1327 est.
1186 1286 1441 1339 Speramus
1462 1299 1561 1327 rem
1592 1287 1735 1327 omni-

93 1358 181 1398 bus
202 1357 369 1410 majori
391 1370 532 1399 curae
553 1358 677 1410 fore,
702 1371 808 1399 curn
828 1364 925 1399 tam
952 1359 1197 1410 egregium
1223 1359 1296 1399 sui
1323 1359 1561 1411 specimen
1587 1358 1738 1399 Socie-

94 1436 167 1470 tas
201 1429 446 1481 praebeat,
483 1435 533 1469 ut
567 1442 661 1470 non
688 1431 837 1481 possit
865 1430 1034 1470 civitas
1061 1442 1116 1471 eo
1144 1442 1239 1470 non
1266 1430 1404 1470 valde
1435 1430 1737 1471 commoveri.

93 1501 248 1541 Minus
270 1507 427 1541 autem
448 1501 626 1552 negotii
646 1501 786 1542 fuerit
808 1502 855 1541 in
876 1501 1204 1542 dissuadendis
1233 1501 1476 1542 daemonis
1509 1513 1739 1542 commen-

95 1573 171 1623 tis,
197 1584 339 1624 quam
359 1573 538 1613 veritas
559 1573 661 1625 ipsa
683 1585 828 1625 prope
846 1572 945 1624 jam
967 1573 1195 1614 discussa.

175 1644 315 1684 Faxit
335 1643 393 1685 D.
417 1644 548 1685 Deus
568 1650 618 1685 ut
639 1645 750 1697 quid
777 1645 963 1686 interim
990 1656 1076 1685 nos
1106 1645 1218 1685 velit
1245 1645 1403 1686 facere
1432 1645 1669 1686 discamus
1698 1650 1743 1685 et

96 1714 297 1766 idipsum
327 1727 631 1768 exequamur.
666 1715 763 1756 Nos
794 1716 981 1757 interim
1007 1716 1060 1757 T.
1089 1715 1140 1756 Ρ.
1170 1717 1389 1768 precibus
1420 1717 1591 1756 obnixe
1621 1728 1741 1757 com-

96 1787 344 1828 mendatos
366 1788 593 1839 cupimus,
618 1787 821 1839 idipsum
842 1800 869 1828 a
891 1787 1089 1839 singulis
1110 1787 1328 1828 Patribus
1345 1794 1389 1828 et
1406 1788 1645 1839 fratribUS,
1667 1788 1746 1839 qui

98 1857 274 1899 Romae
292 1859 489 1910 degunt,
514 1859 773 1910 exigentes.

176 1930 310 1971 Vale.
335 1929 572 1981 Perusiae,
602 1930 650 1970 lO
671 1929 958 1982 Septembris
982 1931 1097 1972 1553.

178 2001 231 2042 T.
253 2001 309 2042 R.
333 2001 382 2041 P.

179 2073 250 2113 De
271 2073 495 2113 mandato
518 2073 572 2114 R.
597 2073 646 2114 P.
671 2074 902 2115 Everardi
923 2074 1224 2115 Mercuriani.

178 2144 403 2196 Indignus
425 2144 566 2195 filius,

1018 2289 1243 2329 EMONDUS
1270 2288 1527 2329 AUGERIUs.

183 2500 244 2539 In
266 2503 440 2551 quarta
456 2501 674 2552 pagina:
694 2500 791 2541 R.ta
812 2501 1100 2553 (Risposta).

189 2571 302 2612 1553.
328 2572 478 2623 Quad.
502 2572 712 2613 Perusia.

160 2758 170 2778 ¹
212 2757 248 2785 P.
265 2757 412 2791 joannes
427 2757 543 2791 Niger.

157 2805 170 2824 ⁹
207 2805 349 2833 Fulvius
365 2806 404 2832 de
420 2807 453 2833 la
469 2805 581 2833 Corna
596 2805 772 2838 (Corneus)
787 2805 980 2834 Cardinalis
996 2811 1029 2834 et
1044 2807 1234 2841 Episcopus
1250 2805 1442 2832 Perusinus.
