<?xml version="1.0" encoding="UTF-8"?>
<!DOCTYPE html PUBLIC "-//W3C//DTD XHTML 1.0 Transitional//EN"
    "http://www.w3.org/TR/xhtml1/DTD/xhtml1-transitional.dtd">
<html xmlns="http://www.w3.org/1999/xhtml" xml:lang="en" lang="en">
 <head>
  <title>
</title>
<meta http-equiv="Content-Type" content="text/html;charset=utf-8" />
  <meta name='ocr-system' content='tesseract 3.04.00' />
  <meta name='ocr-capabilities' content='ocr_page ocr_carea ocr_par ocr_line ocrx_word'/>
</head>
<body>
  <div class='ocr_page' id='page_1' title='image "./litteraequadrime14lain_0388.png"; bbox 0 0 2080 3392; ppageno 0'>
   <div class='ocr_carea' id='block_1_1' title="bbox 287 156 1410 198">
    <p class='ocr_par' dir='ltr' id='par_1_1' title="bbox 287 156 1410 198">
     <span class='ocr_line' id='line_1_1' title="bbox 287 156 1410 198; baseline 0 -5"><span class='ocrx_word' id='word_1_1' title='bbox 287 156 358 194; x_wconf 67' lang='lat'>384</span> <span class='ocrx_word' id='word_1_2' title='bbox 801 156 1026 192; x_wconf 63' lang='lat' dir='ltr'><strong>LITTERAE</strong></span> <span class='ocrx_word' id='word_1_3' title='bbox 1053 167 1354 198; x_wconf 70' lang='lat' dir='ltr'>QUADRmESTR</span> <span class='ocrx_word' id='word_1_4' title='bbox 1364 167 1410 193; x_wconf 68' lang='lat' dir='ltr'>es</span> 
     </span>
    </p>
   </div>
   <div class='ocr_carea' id='block_1_2' title="bbox 284 249 1931 2781">
    <p class='ocr_par' dir='ltr' id='par_1_2' title="bbox 284 249 1922 1210">
     <span class='ocr_line' id='line_1_2' title="bbox 287 249 1912 303; baseline 0.002 -12"><span class='ocrx_word' id='word_1_5' title='bbox 287 264 379 292; x_wconf 93' lang='lat' dir='ltr'>non</span> <span class='ocrx_word' id='word_1_6' title='bbox 402 250 667 301; x_wconf 78' lang='lat' dir='ltr'><strong>infrequens</strong></span> <span class='ocrx_word' id='word_1_7' title='bbox 690 249 700 268; x_wconf 89' lang='lat'>¹</span> <span class='ocrx_word' id='word_1_8' title='bbox 723 251 940 290; x_wconf 81' lang='lat' dir='ltr'>continue</span> <span class='ocrx_word' id='word_1_9' title='bbox 960 251 1057 291; x_wconf 85' lang='lat' dir='ltr'>fuit.</span> <span class='ocrx_word' id='word_1_10' title='bbox 1090 251 1264 291; x_wconf 88' lang='lat' dir='ltr'>Eorum</span> <span class='ocrx_word' id='word_1_11' title='bbox 1293 263 1403 291; x_wconf 87' lang='lat' dir='ltr'>vero</span> <span class='ocrx_word' id='word_1_12' title='bbox 1431 253 1691 303; x_wconf 74' lang='lat' dir='ltr'>complures</span> <span class='ocrx_word' id='word_1_13' title='bbox 1720 266 1772 293; x_wconf 90' lang='lat' dir='ltr'>eo</span> <span class='ocrx_word' id='word_1_14' title='bbox 1806 254 1912 294; x_wconf 79' lang='lat' dir='ltr'>cha-</span> 
     </span>
     <span class='ocr_line' id='line_1_3' title="bbox 288 320 1917 374; baseline 0.002 -13"><span class='ocrx_word' id='word_1_15' title='bbox 288 322 463 369; x_wconf 80' lang='lat' dir='ltr'>ritatis,</span> <span class='ocrx_word' id='word_1_16' title='bbox 487 321 750 360; x_wconf 84' lang='lat' dir='ltr'>devotionis</span> <span class='ocrx_word' id='word_1_17' title='bbox 772 326 909 373; x_wconf 87' lang='lat' dir='ltr'>atque</span> <span class='ocrx_word' id='word_1_18' title='bbox 936 321 1136 361; x_wconf 89' lang='lat' dir='ltr'>fervoris</span> <span class='ocrx_word' id='word_1_19' title='bbox 1159 320 1309 373; x_wconf 90' lang='lat' dir='ltr'>[igne]</span> <span class='ocrx_word' id='word_1_20' title='bbox 1339 322 1672 374; x_wconf 82' lang='lat' dir='ltr'>exardescunt,</span> <span class='ocrx_word' id='word_1_21' title='bbox 1702 324 1840 364; x_wconf 88' lang='lat' dir='ltr'>etiam</span> <span class='ocrx_word' id='word_1_22' title='bbox 1871 325 1917 364; x_wconf 84' lang='lat' dir='ltr'>in</span> 
     </span>
     <span class='ocr_line' id='line_1_4' title="bbox 289 392 1916 446; baseline 0.003 -16"><span class='ocrx_word' id='word_1_23' title='bbox 289 392 552 444; x_wconf 81' lang='lat' dir='ltr'>proximum</span> <span class='ocrx_word' id='word_1_24' title='bbox 569 403 796 442; x_wconf 76' lang='lat' dir='ltr'>quemque</span> <span class='ocrx_word' id='word_1_25' title='bbox 817 403 967 443; x_wconf 90' lang='lat' dir='ltr'>suum,</span> <span class='ocrx_word' id='word_1_26' title='bbox 990 397 1039 432; x_wconf 93' lang='lat' dir='ltr'>ut</span> <span class='ocrx_word' id='word_1_27' title='bbox 1060 393 1236 432; x_wconf 90' lang='lat' dir='ltr'>nullum</span> <span class='ocrx_word' id='word_1_28' title='bbox 1256 393 1478 444; x_wconf 88' lang='lat' dir='ltr'>laborem,</span> <span class='ocrx_word' id='word_1_29' title='bbox 1497 394 1649 434; x_wconf 87' lang='lat' dir='ltr'>nullas</span> <span class='ocrx_word' id='word_1_30' title='bbox 1666 394 1916 446; x_wconf 90' lang='lat' dir='ltr'>impensas,</span> 
     </span>
     <span class='ocr_line' id='line_1_5' title="bbox 287 462 1918 515; baseline 0.002 -14"><span class='ocrx_word' id='word_1_31' title='bbox 287 463 463 502; x_wconf 89' lang='lat' dir='ltr'>nullum</span> <span class='ocrx_word' id='word_1_32' title='bbox 484 462 680 513; x_wconf 91' lang='lat' dir='ltr'>denique</span> <span class='ocrx_word' id='word_1_33' title='bbox 701 462 825 513; x_wconf 87' lang='lat' dir='ltr'>apud</span> <span class='ocrx_word' id='word_1_34' title='bbox 846 462 1106 502; x_wconf 89' lang='lat' dir='ltr'>mundanos</span> <span class='ocrx_word' id='word_1_35' title='bbox 1133 462 1343 503; x_wconf 90' lang='lat' dir='ltr'>homines</span> <span class='ocrx_word' id='word_1_36' title='bbox 1371 463 1570 515; x_wconf 83' lang='lat' dir='ltr'>favoris,</span> <span class='ocrx_word' id='word_1_37' title='bbox 1600 465 1688 515; x_wconf 90' lang='lat' dir='ltr'>rei,</span> <span class='ocrx_word' id='word_1_38' title='bbox 1717 465 1918 505; x_wconf 90' lang='lat' dir='ltr'>nominis</span> 
     </span>
     <span class='ocr_line' id='line_1_6' title="bbox 288 532 1919 586; baseline 0.002 -14"><span class='ocrx_word' id='word_1_39' title='bbox 288 533 545 584; x_wconf 90' lang='lat' dir='ltr'>periculum</span> <span class='ocrx_word' id='word_1_40' title='bbox 582 532 727 583; x_wconf 87' lang='lat' dir='ltr'>(quod</span> <span class='ocrx_word' id='word_1_41' title='bbox 762 532 987 584; x_wconf 86' lang='lat' dir='ltr'>ejusmodi</span> <span class='ocrx_word' id='word_1_42' title='bbox 1021 533 1209 572; x_wconf 85' lang='lat' dir='ltr'>obvium</span> <span class='ocrx_word' id='word_1_43' title='bbox 1244 545 1345 573; x_wconf 93' lang='lat' dir='ltr'>esse</span> <span class='ocrx_word' id='word_1_44' title='bbox 1378 535 1644 585; x_wconf 88' lang='lat' dir='ltr'>consuevit,</span> <span class='ocrx_word' id='word_1_45' title='bbox 1683 535 1790 586; x_wconf 87' lang='lat' dir='ltr'>quia</span> <span class='ocrx_word' id='word_1_46' title='bbox 1825 547 1919 575; x_wconf 93' lang='lat' dir='ltr'>non</span> 
     </span>
     <span class='ocr_line' id='line_1_7' title="bbox 287 602 1920 657; baseline 0.002 -15"><span class='ocrx_word' id='word_1_47' title='bbox 287 609 393 643; x_wconf 88' lang='lat' dir='ltr'>sunt</span> <span class='ocrx_word' id='word_1_48' title='bbox 415 603 470 642; x_wconf 94' lang='lat' dir='ltr'>de</span> <span class='ocrx_word' id='word_1_49' title='bbox 491 602 684 652; x_wconf 90' lang='lat' dir='ltr'>mundo)</span> <span class='ocrx_word' id='word_1_50' title='bbox 708 603 863 643; x_wconf 90' lang='lat' dir='ltr'>subire</span> <span class='ocrx_word' id='word_1_51' title='bbox 883 610 1156 654; x_wconf 75' lang='lat' dir='ltr'>vereantur,</span> <span class='ocrx_word' id='word_1_52' title='bbox 1182 603 1290 644; x_wconf 92' lang='lat' dir='ltr'>dum</span> <span class='ocrx_word' id='word_1_53' title='bbox 1311 605 1692 656; x_wconf 77' lang='lat' dir='ltr'>exsuscitandae‚</span> <span class='ocrx_word' id='word_1_54' title='bbox 1718 612 1796 646; x_wconf 91' lang='lat' dir='ltr'>aut</span> <span class='ocrx_word' id='word_1_55' title='bbox 1817 618 1920 657; x_wconf 91' lang='lat' dir='ltr'>pro-</span> 
     </span>
     <span class='ocr_line' id='line_1_8' title="bbox 288 674 1920 727; baseline 0.002 -14"><span class='ocrx_word' id='word_1_56' title='bbox 288 674 545 724; x_wconf 82' lang='lat' dir='ltr'>vehendae,</span> <span class='ocrx_word' id='word_1_57' title='bbox 569 680 648 713; x_wconf 86' lang='lat' dir='ltr'>aut</span> <span class='ocrx_word' id='word_1_58' title='bbox 670 675 1054 714; x_wconf 89' lang='lat' dir='ltr'>communiendae</span> <span class='ocrx_word' id='word_1_59' title='bbox 1077 674 1271 726; x_wconf 91' lang='lat' dir='ltr'>alicujus</span> <span class='ocrx_word' id='word_1_60' title='bbox 1293 687 1399 727; x_wconf 88' lang='lat' dir='ltr'>spes</span> <span class='ocrx_word' id='word_1_61' title='bbox 1421 677 1514 716; x_wconf 83' lang='lat' dir='ltr'>ulla</span> <span class='ocrx_word' id='word_1_62' title='bbox 1537 677 1699 716; x_wconf 89' lang='lat' dir='ltr'>salutis</span> <span class='ocrx_word' id='word_1_63' title='bbox 1726 683 1920 717; x_wconf 89' lang='lat' dir='ltr'>ostente-</span> 
     </span>
     <span class='ocr_line' id='line_1_9' title="bbox 288 745 1916 798; baseline 0.001 -14"><span class='ocrx_word' id='word_1_64' title='bbox 288 751 362 784; x_wconf 88' lang='lat' dir='ltr'>tur</span> <span class='ocrx_word' id='word_1_65' title='bbox 395 745 471 784; x_wconf 86' lang='lat' dir='ltr'>vel</span> <span class='ocrx_word' id='word_1_66' title='bbox 505 750 847 794; x_wconf 79' lang='lat' dir='ltr'>argumentum.</span> <span class='ocrx_word' id='word_1_67' title='bbox 886 746 936 785; x_wconf 92' lang='lat' dir='ltr'>In</span> <span class='ocrx_word' id='word_1_68' title='bbox 977 757 1069 797; x_wconf 91' lang='lat' dir='ltr'>quo</span> <span class='ocrx_word' id='word_1_69' title='bbox 1105 757 1218 785; x_wconf 89' lang='lat' dir='ltr'>sane</span> <span class='ocrx_word' id='word_1_70' title='bbox 1252 745 1376 785; x_wconf 91' lang='lat' dir='ltr'>haud</span> <span class='ocrx_word' id='word_1_71' title='bbox 1411 758 1577 798; x_wconf 91' lang='lat' dir='ltr'>parum</span> <span class='ocrx_word' id='word_1_72' title='bbox 1606 747 1916 798; x_wconf 88' lang='lat' dir='ltr'>profecerunt.</span> 
     </span>
     <span class='ocr_line' id='line_1_10' title="bbox 288 814 1922 869; baseline 0.002 -14"><span class='ocrx_word' id='word_1_73' title='bbox 288 814 536 866; x_wconf 81' lang='lat' dir='ltr'>Nunquam</span> <span class='ocrx_word' id='word_1_74' title='bbox 557 816 680 855; x_wconf 89' lang='lat' dir='ltr'>enim</span> <span class='ocrx_word' id='word_1_75' title='bbox 707 828 799 855; x_wconf 92' lang='lat' dir='ltr'>non</span> <span class='ocrx_word' id='word_1_76' title='bbox 828 816 1030 868; x_wconf 86' lang='lat' dir='ltr'>aliquos,</span> <span class='ocrx_word' id='word_1_77' title='bbox 1069 817 1278 856; x_wconf 77' lang='lat' dir='ltr'>suaviter</span> <span class='ocrx_word' id='word_1_78' title='bbox 1307 823 1562 869; x_wconf 77' lang='lat' dir='ltr'>sancteque</span> <span class='ocrx_word' id='word_1_79' title='bbox 1593 818 1832 869; x_wconf 90' lang='lat' dir='ltr'>deceptos,</span> <span class='ocrx_word' id='word_1_80' title='bbox 1863 819 1922 858; x_wconf 86' lang='lat' dir='ltr'>ad</span> 
     </span>
     <span class='ocr_line' id='line_1_11' title="bbox 289 886 1921 940; baseline 0.002 -15"><span class='ocrx_word' id='word_1_81' title='bbox 289 897 375 926; x_wconf 89' lang='lat' dir='ltr'>nos</span> <span class='ocrx_word' id='word_1_82' title='bbox 391 886 667 937; x_wconf 87' lang='lat' dir='ltr'>subducunt,</span> <span class='ocrx_word' id='word_1_83' title='bbox 689 898 804 937; x_wconf 91' lang='lat' dir='ltr'>quos</span> <span class='ocrx_word' id='word_1_84' title='bbox 822 887 999 926; x_wconf 82' lang='lat' dir='ltr'>omneis</span> <span class='ocrx_word' id='word_1_85' title='bbox 1014 887 1259 939; x_wconf 90' lang='lat' dir='ltr'>plerosque</span> <span class='ocrx_word' id='word_1_86' title='bbox 1277 887 1517 938; x_wconf 85' lang='lat' dir='ltr'>insigneis,</span> <span class='ocrx_word' id='word_1_87' title='bbox 1534 900 1589 928; x_wconf 93' lang='lat' dir='ltr'>ac</span> <span class='ocrx_word' id='word_1_88' title='bbox 1607 900 1700 939; x_wconf 93' lang='lat' dir='ltr'>eos,</span> <span class='ocrx_word' id='word_1_89' title='bbox 1720 889 1798 940; x_wconf 89' lang='lat' dir='ltr'>qui</span> <span class='ocrx_word' id='word_1_90' title='bbox 1815 901 1921 929; x_wconf 90' lang='lat' dir='ltr'>cum</span> 
     </span>
     <span class='ocr_line' id='line_1_12' title="bbox 288 956 1922 1011; baseline 0.002 -15"><span class='ocrx_word' id='word_1_91' title='bbox 288 957 379 997; x_wconf 92' lang='lat' dir='ltr'>loci</span> <span class='ocrx_word' id='word_1_92' title='bbox 399 957 776 997; x_wconf 78' lang='lat' dir='ltr'>increbrescente</span> <span class='ocrx_word' id='word_1_93' title='bbox 796 957 972 1008; x_wconf 88' lang='lat' dir='ltr'>passim</span> <span class='ocrx_word' id='word_1_94' title='bbox 998 956 1149 1008; x_wconf 86' lang='lat' dir='ltr'>fama,</span> <span class='ocrx_word' id='word_1_95' title='bbox 1173 963 1268 997; x_wconf 87' lang='lat' dir='ltr'>tum</span> <span class='ocrx_word' id='word_1_96' title='bbox 1292 958 1514 999; x_wconf 90' lang='lat' dir='ltr'>instinctu</span> <span class='ocrx_word' id='word_1_97' title='bbox 1537 959 1711 1010; x_wconf 79' lang='lat' dir='ltr'>divino,</span> <span class='ocrx_word' id='word_1_98' title='bbox 1736 960 1813 1011; x_wconf 89' lang='lat' dir='ltr'>qui</span> <span class='ocrx_word' id='word_1_99' title='bbox 1843 961 1922 1000; x_wconf 83' lang='lat' dir='ltr'>hu·</span> 
     </span>
     <span class='ocr_line' id='line_1_13' title="bbox 284 1026 1918 1081; baseline 0.002 -14"><span class='ocrx_word' id='word_1_100' title='bbox 284 1026 543 1078; x_wconf 88' lang='lat' dir='ltr'>juscemodi</span> <span class='ocrx_word' id='word_1_101' title='bbox 574 1028 785 1067; x_wconf 91' lang='lat' dir='ltr'>omnibus</span> <span class='ocrx_word' id='word_1_102' title='bbox 820 1029 988 1068; x_wconf 80' lang='lat' dir='ltr'>author</span> <span class='ocrx_word' id='word_1_103' title='bbox 1024 1034 1093 1068; x_wconf 91' lang='lat' dir='ltr'>est</span> <span class='ocrx_word' id='word_1_104' title='bbox 1125 1029 1254 1079; x_wconf 91' lang='lat' dir='ltr'>boni,</span> <span class='ocrx_word' id='word_1_105' title='bbox 1293 1029 1487 1069; x_wconf 88' lang='lat' dir='ltr'>subinde</span> <span class='ocrx_word' id='word_1_106' title='bbox 1522 1030 1633 1069; x_wconf 83' lang='lat' dir='ltr'>novi</span> <span class='ocrx_word' id='word_1_107' title='bbox 1667 1030 1918 1081; x_wconf 90' lang='lat' dir='ltr'>confluunt,</span> 
     </span>
     <span class='ocr_line' id='line_1_14' title="bbox 290 1099 1920 1151; baseline 0.002 -13"><span class='ocrx_word' id='word_1_108' title='bbox 290 1104 415 1139; x_wconf 92' lang='lat' dir='ltr'>certe</span> <span class='ocrx_word' id='word_1_109' title='bbox 445 1099 637 1149; x_wconf 89' lang='lat' dir='ltr'>longum</span> <span class='ocrx_word' id='word_1_110' title='bbox 657 1099 777 1139; x_wconf 83' lang='lat' dir='ltr'>foret</span> <span class='ocrx_word' id='word_1_111' title='bbox 797 1111 1044 1139; x_wconf 89' lang='lat' dir='ltr'>recensere</span> <span class='ocrx_word' id='word_1_112' title='bbox 1065 1111 1215 1151; x_wconf 90' lang='lat' dir='ltr'>neque</span> <span class='ocrx_word' id='word_1_113' title='bbox 1248 1100 1323 1140; x_wconf 88' lang='lat' dir='ltr'>isti</span> <span class='ocrx_word' id='word_1_114' title='bbox 1343 1106 1504 1140; x_wconf 89' lang='lat' dir='ltr'>nostro</span> <span class='ocrx_word' id='word_1_115' title='bbox 1526 1101 1770 1141; x_wconf 84' lang='lat' dir='ltr'>brevitatis</span> <span class='ocrx_word' id='word_1_116' title='bbox 1798 1102 1920 1142; x_wconf 87' lang='lat' dir='ltr'>insti-</span> 
     </span>
     <span class='ocr_line' id='line_1_15' title="bbox 290 1170 931 1210; baseline 0.002 -1"><span class='ocrx_word' id='word_1_117' title='bbox 290 1176 388 1209; x_wconf 91' lang='lat' dir='ltr'>tuto</span> <span class='ocrx_word' id='word_1_118' title='bbox 411 1170 528 1209; x_wconf 92' lang='lat' dir='ltr'>satis</span> <span class='ocrx_word' id='word_1_119' title='bbox 551 1175 931 1210; x_wconf 86' lang='lat' dir='ltr'>consentaneum.</span> 
     </span>
    </p>

    <p class='ocr_par' dir='ltr' id='par_1_3' title="bbox 284 1241 1929 2637">
     <span class='ocr_line' id='line_1_16' title="bbox 371 1241 1921 1294; baseline 0.002 -14"><span class='ocrx_word' id='word_1_120' title='bbox 371 1241 505 1291; x_wconf 85' lang='lat' dir='ltr'>Quod</span> <span class='ocrx_word' id='word_1_121' title='bbox 527 1247 685 1281; x_wconf 87' lang='lat' dir='ltr'>autern</span> <span class='ocrx_word' id='word_1_122' title='bbox 705 1248 950 1293; x_wconf 88' lang='lat' dir='ltr'>praeterea</span> <span class='ocrx_word' id='word_1_123' title='bbox 972 1241 1029 1281; x_wconf 88' lang='lat' dir='ltr'>ad</span> <span class='ocrx_word' id='word_1_124' title='bbox 1051 1242 1154 1282; x_wconf 90' lang='lat' dir='ltr'>illos</span> <span class='ocrx_word' id='word_1_125' title='bbox 1174 1242 1386 1293; x_wconf 86' lang='lat' dir='ltr'>Patrum,</span> <span class='ocrx_word' id='word_1_126' title='bbox 1416 1255 1530 1294; x_wconf 89' lang='lat' dir='ltr'>quos</span> <span class='ocrx_word' id='word_1_127' title='bbox 1558 1250 1752 1294; x_wconf 72' lang='lat' dir='ltr'>vocant,</span> <span class='ocrx_word' id='word_1_128' title='bbox 1782 1244 1921 1284; x_wconf 87' lang='lat' dir='ltr'>devo-</span> 
     </span>
     <span class='ocr_line' id='line_1_17' title="bbox 284 1311 1921 1366; baseline 0.002 -15"><span class='ocrx_word' id='word_1_129' title='bbox 284 1318 363 1360; x_wconf 86' lang='lat' dir='ltr'>tos</span> <span class='ocrx_word' id='word_1_130' title='bbox 384 1311 728 1363; x_wconf 86' lang='lat' dir='ltr'>frequentiores</span> <span class='ocrx_word' id='word_1_131' title='bbox 756 1313 978 1364; x_wconf 87' lang='lat' dir='ltr'>pertinet,</span> <span class='ocrx_word' id='word_1_132' title='bbox 1003 1313 1143 1364; x_wconf 84' lang='lat' dir='ltr'>aliqui</span> <span class='ocrx_word' id='word_1_133' title='bbox 1161 1313 1256 1364; x_wconf 86' lang='lat' dir='ltr'>jam</span> <span class='ocrx_word' id='word_1_134' title='bbox 1277 1320 1397 1363; x_wconf 90' lang='lat' dir='ltr'>tum,</span> <span class='ocrx_word' id='word_1_135' title='bbox 1427 1320 1476 1354; x_wconf 90' lang='lat' dir='ltr'>ut</span> <span class='ocrx_word' id='word_1_136' title='bbox 1498 1315 1796 1365; x_wconf 87' lang='lat' dir='ltr'>scripsimus,</span> <span class='ocrx_word' id='word_1_137' title='bbox 1828 1316 1921 1366; x_wconf 89' lang='lat' dir='ltr'>qui-</span> 
     </span>
     <span class='ocr_line' id='line_1_18' title="bbox 292 1383 1922 1435; baseline 0.001 -13"><span class='ocrx_word' id='word_1_138' title='bbox 292 1384 376 1423; x_wconf 91' lang='lat' dir='ltr'>bus</span> <span class='ocrx_word' id='word_1_139' title='bbox 415 1389 493 1422; x_wconf 91' lang='lat' dir='ltr'>aut</span> <span class='ocrx_word' id='word_1_140' title='bbox 532 1394 615 1434; x_wconf 89' lang='lat' dir='ltr'>per</span> <span class='ocrx_word' id='word_1_141' title='bbox 655 1384 916 1423; x_wconf 88' lang='lat' dir='ltr'>saecularia</span> <span class='ocrx_word' id='word_1_142' title='bbox 964 1383 1293 1435; x_wconf 83' lang='lat' dir='ltr'>impedimenta</span> <span class='ocrx_word' id='word_1_143' title='bbox 1340 1390 1419 1424; x_wconf 93' lang='lat' dir='ltr'>aut</span> <span class='ocrx_word' id='word_1_144' title='bbox 1463 1396 1544 1435; x_wconf 88' lang='lat' dir='ltr'>per</span> <span class='ocrx_word' id='word_1_145' title='bbox 1592 1385 1922 1425; x_wconf 86' lang='lat' dir='ltr'>admissionem</span> 
     </span>
     <span class='ocr_line' id='line_1_19' title="bbox 291 1454 1924 1506; baseline 0.002 -14"><span class='ocrx_word' id='word_1_146' title='bbox 291 1454 443 1504; x_wconf 90' lang='lat' dir='ltr'>licuit,</span> <span class='ocrx_word' id='word_1_147' title='bbox 475 1460 518 1493; x_wconf 90' lang='lat' dir='ltr'>et</span> <span class='ocrx_word' id='word_1_148' title='bbox 546 1459 708 1504; x_wconf 91' lang='lat' dir='ltr'>postea</span> <span class='ocrx_word' id='word_1_149' title='bbox 736 1454 944 1494; x_wconf 86' lang='lat' dir='ltr'>nonnulli</span> <span class='ocrx_word' id='word_1_150' title='bbox 973 1460 1079 1494; x_wconf 91' lang='lat' dir='ltr'>sunt</span> <span class='ocrx_word' id='word_1_151' title='bbox 1105 1454 1396 1506; x_wconf 83' lang='lat' dir='ltr'>Religionem</span> <span class='ocrx_word' id='word_1_152' title='bbox 1424 1456 1652 1506; x_wconf 79' lang='lat' dir='ltr'>aggressi.</span> <span class='ocrx_word' id='word_1_153' title='bbox 1685 1456 1807 1495; x_wconf 89' lang='lat' dir='ltr'>Inter</span> <span class='ocrx_word' id='word_1_154' title='bbox 1842 1467 1924 1495; x_wconf 74' lang='lat' dir='ltr'>eos</span> 
     </span>
     <span class='ocr_line' id='line_1_20' title="bbox 293 1524 1922 1576; baseline 0.002 -13"><span class='ocrx_word' id='word_1_155' title='bbox 293 1530 447 1564; x_wconf 82' lang='lat' dir='ltr'>autem</span> <span class='ocrx_word' id='word_1_156' title='bbox 469 1530 776 1563; x_wconf 89' lang='lat' dir='ltr'>numerantur</span> <span class='ocrx_word' id='word_1_157' title='bbox 796 1524 1047 1576; x_wconf 88' lang='lat' dir='ltr'>praecipue</span> <span class='ocrx_word' id='word_1_158' title='bbox 1078 1525 1156 1575; x_wconf 91' lang='lat' dir='ltr'>(ne</span> <span class='ocrx_word' id='word_1_159' title='bbox 1183 1525 1413 1576; x_wconf 81' lang='lat' dir='ltr'>singulos)</span> <span class='ocrx_word' id='word_1_160' title='bbox 1442 1527 1690 1566; x_wconf 91' lang='lat' dir='ltr'>nonnullae</span> <span class='ocrx_word' id='word_1_161' title='bbox 1718 1527 1922 1566; x_wconf 88' lang='lat' dir='ltr'>meretri-</span> 
     </span>
     <span class='ocr_line' id='line_1_21' title="bbox 291 1595 1923 1648; baseline 0.002 -14"><span class='ocrx_word' id='word_1_162' title='bbox 291 1606 393 1643; x_wconf 88' lang='lat' dir='ltr'>ces,</span> <span class='ocrx_word' id='word_1_163' title='bbox 430 1595 548 1635; x_wconf 89' lang='lat' dir='ltr'>inter</span> <span class='ocrx_word' id='word_1_164' title='bbox 578 1606 832 1635; x_wconf 85' lang='lat' dir='ltr'>conversas</span> <span class='ocrx_word' id='word_1_165' title='bbox 856 1595 952 1647; x_wconf 88' lang='lat' dir='ltr'>jam</span> <span class='ocrx_word' id='word_1_166' title='bbox 979 1595 1166 1636; x_wconf 81' lang='lat' dir='ltr'>CHRISTI</span> <span class='ocrx_word' id='word_1_167' title='bbox 1191 1597 1476 1648; x_wconf 88' lang='lat' dir='ltr'>benignitate</span> <span class='ocrx_word' id='word_1_168' title='bbox 1504 1603 1665 1637; x_wconf 87' lang='lat' dir='ltr'>sancte</span> <span class='ocrx_word' id='word_1_169' title='bbox 1703 1603 1923 1648; x_wconf 76' lang='lat' dir='ltr'>casteque</span> 
     </span>
     <span class='ocr_line' id='line_1_22' title="bbox 294 1666 1921 1718; baseline 0.002 -13"><span class='ocrx_word' id='word_1_170' title='bbox 294 1667 528 1716; x_wconf 79' lang='lat' dir='ltr'>viventes3</span> <span class='ocrx_word' id='word_1_171' title='bbox 555 1679 578 1705; x_wconf 92' lang='lat' dir='ltr'>e</span> <span class='ocrx_word' id='word_1_172' title='bbox 601 1666 766 1717; x_wconf 91' lang='lat' dir='ltr'>quibus</span> <span class='ocrx_word' id='word_1_173' title='bbox 788 1678 880 1706; x_wconf 87' lang='lat' dir='ltr'>una</span> <span class='ocrx_word' id='word_1_174' title='bbox 900 1678 1073 1717; x_wconf 92' lang='lat' dir='ltr'>genere</span> <span class='ocrx_word' id='word_1_175' title='bbox 1096 1668 1247 1718; x_wconf 86' lang='lat' dir='ltr'>clara,</span> <span class='ocrx_word' id='word_1_176' title='bbox 1270 1667 1420 1708; x_wconf 86' lang='lat' dir='ltr'>forma</span> <span class='ocrx_word' id='word_1_177' title='bbox 1441 1668 1522 1707; x_wconf 72' lang='lat' dir='ltr'>vix</span> <span class='ocrx_word' id='word_1_178' title='bbox 1543 1668 1676 1708; x_wconf 88' lang='lat' dir='ltr'>alteri</span> <span class='ocrx_word' id='word_1_179' title='bbox 1704 1668 1921 1717; x_wconf 89' lang='lat' dir='ltr'>secunda,</span> 
     </span>
     <span class='ocr_line' id='line_1_23' title="bbox 295 1737 1927 1790; baseline 0.002 -14"><span class='ocrx_word' id='word_1_180' title='bbox 295 1743 447 1777; x_wconf 88' lang='lat' dir='ltr'>aetate</span> <span class='ocrx_word' id='word_1_181' title='bbox 481 1749 595 1777; x_wconf 88' lang='lat' dir='ltr'>vero</span> <span class='ocrx_word' id='word_1_182' title='bbox 631 1737 792 1777; x_wconf 92' lang='lat' dir='ltr'>decem</span> <span class='ocrx_word' id='word_1_183' title='bbox 822 1744 866 1777; x_wconf 89' lang='lat' dir='ltr'>et</span> <span class='ocrx_word' id='word_1_184' title='bbox 893 1750 977 1778; x_wconf 78' lang='lat' dir='ltr'>sex</span> <span class='ocrx_word' id='word_1_185' title='bbox 1004 1750 1250 1790; x_wconf 89' lang='lat' dir='ltr'>annorum,</span> <span class='ocrx_word' id='word_1_186' title='bbox 1281 1745 1461 1779; x_wconf 85' lang='lat' dir='ltr'>statura</span> <span class='ocrx_word' id='word_1_187' title='bbox 1490 1745 1644 1779; x_wconf 88' lang='lat' dir='ltr'>autem</span> <span class='ocrx_word' id='word_1_188' title='bbox 1672 1740 1746 1778; x_wconf 84' lang='lat' dir='ltr'>vel</span> <span class='ocrx_word' id='word_1_189' title='bbox 1776 1739 1927 1779; x_wconf 90' lang='lat' dir='ltr'>cuivis</span> 
     </span>
     <span class='ocr_line' id='line_1_24' title="bbox 294 1809 1925 1861; baseline 0.001 -14"><span class='ocrx_word' id='word_1_190' title='bbox 294 1814 507 1848; x_wconf 88' lang='lat' dir='ltr'>nostrum</span> <span class='ocrx_word' id='word_1_191' title='bbox 535 1820 635 1859; x_wconf 87' lang='lat' dir='ltr'>par,</span> <span class='ocrx_word' id='word_1_192' title='bbox 660 1809 760 1860; x_wconf 89' lang='lat' dir='ltr'>ipsa</span> <span class='ocrx_word' id='word_1_193' title='bbox 782 1809 980 1860; x_wconf 90' lang='lat' dir='ltr'>denique</span> <span class='ocrx_word' id='word_1_194' title='bbox 1001 1809 1129 1849; x_wconf 90' lang='lat' dir='ltr'>urbis</span> <span class='ocrx_word' id='word_1_195' title='bbox 1180 1810 1410 1861; x_wconf 91' lang='lat' dir='ltr'>pernicies</span> <span class='ocrx_word' id='word_1_196' title='bbox 1432 1810 1568 1849; x_wconf 84' lang='lat' dir='ltr'>facile</span> <span class='ocrx_word' id='word_1_197' title='bbox 1589 1810 1766 1860; x_wconf 85' lang='lat' dir='ltr'>futura,</span> <span class='ocrx_word' id='word_1_198' title='bbox 1803 1810 1925 1861; x_wconf 90' lang='lat' dir='ltr'>quod</span> 
     </span>
     <span class='ocr_line' id='line_1_25' title="bbox 294 1879 1924 1931; baseline 0.001 -13"><span class='ocrx_word' id='word_1_199' title='bbox 294 1890 406 1919; x_wconf 87' lang='lat' dir='ltr'>sane</span> <span class='ocrx_word' id='word_1_200' title='bbox 429 1880 743 1931; x_wconf 89' lang='lat' dir='ltr'>perniciosum</span> <span class='ocrx_word' id='word_1_201' title='bbox 765 1880 1015 1920; x_wconf 88' lang='lat' dir='ltr'>multorum</span> <span class='ocrx_word' id='word_1_202' title='bbox 1032 1879 1129 1931; x_wconf 86' lang='lat' dir='ltr'>jam</span> <span class='ocrx_word' id='word_1_203' title='bbox 1149 1881 1378 1920; x_wconf 88' lang='lat' dir='ltr'>mensium</span> <span class='ocrx_word' id='word_1_204' title='bbox 1405 1881 1519 1920; x_wconf 89' lang='lat' dir='ltr'>satis</span> <span class='ocrx_word' id='word_1_205' title='bbox 1550 1881 1819 1920; x_wconf 87' lang='lat' dir='ltr'>declarabat</span> <span class='ocrx_word' id='word_1_206' title='bbox 1845 1881 1924 1920; x_wconf 92' lang='lat' dir='ltr'>ini-</span> 
     </span>
     <span class='ocr_line' id='line_1_26' title="bbox 294 1950 1927 2003; baseline 0.002 -14"><span class='ocrx_word' id='word_1_207' title='bbox 294 1950 429 2001; x_wconf 87' lang='lat' dir='ltr'>tium,</span> <span class='ocrx_word' id='word_1_208' title='bbox 454 1956 615 2002; x_wconf 84' lang='lat' dir='ltr'>erepta</span> <span class='ocrx_word' id='word_1_209' title='bbox 636 1957 727 2001; x_wconf 90' lang='lat' dir='ltr'>est,</span> <span class='ocrx_word' id='word_1_210' title='bbox 752 1951 950 1991; x_wconf 83' lang='lat' dir='ltr'>CHRISTO</span> <span class='ocrx_word' id='word_1_211' title='bbox 974 1951 1110 2002; x_wconf 90' lang='lat' dir='ltr'>duce,</span> <span class='ocrx_word' id='word_1_212' title='bbox 1140 1952 1215 1991; x_wconf 85' lang='lat' dir='ltr'>vel</span> <span class='ocrx_word' id='word_1_213' title='bbox 1244 1963 1389 2003; x_wconf 91' lang='lat' dir='ltr'>usque</span> <span class='ocrx_word' id='word_1_214' title='bbox 1419 1952 1478 1992; x_wconf 89' lang='lat' dir='ltr'>ad</span> <span class='ocrx_word' id='word_1_215' title='bbox 1498 1952 1648 2003; x_wconf 87' lang='lat' dir='ltr'>ipsam</span> <span class='ocrx_word' id='word_1_216' title='bbox 1679 1952 1927 1992; x_wconf 87' lang='lat' dir='ltr'>confessio-</span> 
     </span>
     <span class='ocr_line' id='line_1_27' title="bbox 294 2022 1927 2074; baseline 0.001 -14"><span class='ocrx_word' id='word_1_217' title='bbox 294 2032 421 2071; x_wconf 89' lang='lat' dir='ltr'>nem,</span> <span class='ocrx_word' id='word_1_218' title='bbox 445 2026 552 2072; x_wconf 91' lang='lat' dir='ltr'>post</span> <span class='ocrx_word' id='word_1_219' title='bbox 572 2022 794 2072; x_wconf 91' lang='lat' dir='ltr'>templum</span> <span class='ocrx_word' id='word_1_220' title='bbox 822 2028 1032 2061; x_wconf 90' lang='lat' dir='ltr'>nostrum</span> <span class='ocrx_word' id='word_1_221' title='bbox 1060 2022 1384 2062; x_wconf 88' lang='lat' dir='ltr'>insidiantibus</span> <span class='ocrx_word' id='word_1_222' title='bbox 1409 2023 1584 2073; x_wconf 78' lang='lat' dir='ltr'>procis3</span> <span class='ocrx_word' id='word_1_223' title='bbox 1621 2023 1825 2074; x_wconf 92' lang='lat' dir='ltr'>ipsisque</span> <span class='ocrx_word' id='word_1_224' title='bbox 1852 2023 1927 2062; x_wconf 85' lang='lat' dir='ltr'>vel</span> 
     </span>
     <span class='ocr_line' id='line_1_28' title="bbox 296 2091 1927 2144; baseline 0.002 -14"><span class='ocrx_word' id='word_1_225' title='bbox 296 2091 475 2141; x_wconf 86' lang='lat' dir='ltr'>invitis,</span> <span class='ocrx_word' id='word_1_226' title='bbox 514 2091 674 2131; x_wconf 88' lang='lat' dir='ltr'>insciis</span> <span class='ocrx_word' id='word_1_227' title='bbox 708 2098 885 2142; x_wconf 84' lang='lat' dir='ltr'>tamen,</span> <span class='ocrx_word' id='word_1_228' title='bbox 917 2092 999 2132; x_wconf 86' lang='lat' dir='ltr'>vix</span> <span class='ocrx_word' id='word_1_229' title='bbox 1033 2092 1149 2132; x_wconf 90' lang='lat' dir='ltr'>bene</span> <span class='ocrx_word' id='word_1_230' title='bbox 1182 2092 1306 2132; x_wconf 86' lang='lat' dir='ltr'>facta</span> <span class='ocrx_word' id='word_1_231' title='bbox 1342 2093 1653 2144; x_wconf 85' lang='lat' dir='ltr'>confessione,</span> <span class='ocrx_word' id='word_1_232' title='bbox 1686 2105 1768 2144; x_wconf 88' lang='lat' dir='ltr'>per</span> <span class='ocrx_word' id='word_1_233' title='bbox 1803 2100 1927 2133; x_wconf 85' lang='lat' dir='ltr'>tecta</span> 
     </span>
     <span class='ocr_line' id='line_1_29' title="bbox 295 2163 1927 2215; baseline 0.002 -14"><span class='ocrx_word' id='word_1_234' title='bbox 295 2168 457 2202; x_wconf 89' lang='lat' dir='ltr'>nostra</span> <span class='ocrx_word' id='word_1_235' title='bbox 492 2163 539 2202; x_wconf 90' lang='lat' dir='ltr'>in</span> <span class='ocrx_word' id='word_1_236' title='bbox 575 2163 792 2214; x_wconf 82' lang='lat' dir='ltr'>cymbam</span> <span class='ocrx_word' id='word_1_237' title='bbox 827 2163 1028 2202; x_wconf 86' lang='lat' dir='ltr'>adducta</span> <span class='ocrx_word' id='word_1_238' title='bbox 1062 2175 1145 2214; x_wconf 91' lang='lat' dir='ltr'>per</span> <span class='ocrx_word' id='word_1_239' title='bbox 1177 2164 1454 2203; x_wconf 92' lang='lat' dir='ltr'>occultiores</span> <span class='ocrx_word' id='word_1_240' title='bbox 1490 2164 1626 2215; x_wconf 90' lang='lat' dir='ltr'>(quos</span> <span class='ocrx_word' id='word_1_241' title='bbox 1666 2165 1782 2204; x_wconf 90' lang='lat' dir='ltr'>haec</span> <span class='ocrx_word' id='word_1_242' title='bbox 1816 2165 1927 2204; x_wconf 92' lang='lat' dir='ltr'>urbs</span> 
     </span>
     <span class='ocr_line' id='line_1_30' title="bbox 296 2233 1927 2284; baseline 0.001 -12"><span class='ocrx_word' id='word_1_243' title='bbox 296 2244 388 2272; x_wconf 87' lang='lat' dir='ltr'>una</span> <span class='ocrx_word' id='word_1_244' title='bbox 423 2233 582 2283; x_wconf 89' lang='lat' dir='ltr'>habet)</span> <span class='ocrx_word' id='word_1_245' title='bbox 613 2245 786 2284; x_wconf 87' lang='lat' dir='ltr'>aqueos</span> <span class='ocrx_word' id='word_1_246' title='bbox 813 2233 1088 2284; x_wconf 90' lang='lat' dir='ltr'>angiportus</span> <span class='ocrx_word' id='word_1_247' title='bbox 1115 2240 1186 2274; x_wconf 91' lang='lat' dir='ltr'>est</span> <span class='ocrx_word' id='word_1_248' title='bbox 1206 2234 1265 2274; x_wconf 92' lang='lat' dir='ltr'>ad</span> <span class='ocrx_word' id='word_1_249' title='bbox 1286 2246 1541 2275; x_wconf 86' lang='lat' dir='ltr'>conversas</span> <span class='ocrx_word' id='word_1_250' title='bbox 1573 2235 1817 2284; x_wconf 86' lang='lat' dir='ltr'>subvecta;</span> <span class='ocrx_word' id='word_1_251' title='bbox 1849 2236 1927 2275; x_wconf 94' lang='lat' dir='ltr'>ubi</span> 
     </span>
     <span class='ocr_line' id='line_1_31' title="bbox 296 2302 1926 2354; baseline 0.002 -12"><span class='ocrx_word' id='word_1_252' title='bbox 296 2315 401 2343; x_wconf 90' lang='lat' dir='ltr'>cum</span> <span class='ocrx_word' id='word_1_253' title='bbox 424 2304 622 2343; x_wconf 88' lang='lat' dir='ltr'>caeteris</span> <span class='ocrx_word' id='word_1_254' title='bbox 639 2302 735 2354; x_wconf 89' lang='lat' dir='ltr'>jam</span> <span class='ocrx_word' id='word_1_255' title='bbox 757 2303 914 2354; x_wconf 89' lang='lat' dir='ltr'>dictis,</span> <span class='ocrx_word' id='word_1_256' title='bbox 939 2310 1035 2344; x_wconf 87' lang='lat' dir='ltr'>tota</span> <span class='ocrx_word' id='word_1_257' title='bbox 1057 2316 1112 2344; x_wconf 92' lang='lat' dir='ltr'>ac</span> <span class='ocrx_word' id='word_1_258' title='bbox 1146 2304 1364 2345; x_wconf 89' lang='lat' dir='ltr'>ardenter</span> <span class='ocrx_word' id='word_1_259' title='bbox 1392 2305 1681 2346; x_wconf 90' lang='lat' dir='ltr'>lascivientis</span> <span class='ocrx_word' id='word_1_260' title='bbox 1708 2306 1926 2346; x_wconf 85' lang='lat' dir='ltr'>iuventae</span> 
     </span>
     <span class='ocr_line' id='line_1_32' title="bbox 297 2373 1926 2428; baseline 0.002 -15"><span class='ocrx_word' id='word_1_261' title='bbox 297 2373 644 2414; x_wconf 89' lang='lat' dir='ltr'>mortificationi</span> <span class='ocrx_word' id='word_1_262' title='bbox 675 2375 848 2425; x_wconf 90' lang='lat' dir='ltr'>studet,</span> <span class='ocrx_word' id='word_1_263' title='bbox 879 2374 1011 2414; x_wconf 90' lang='lat' dir='ltr'>cuius</span> <span class='ocrx_word' id='word_1_264' title='bbox 1039 2375 1111 2423; x_wconf 89' lang='lat' dir='ltr'>(ut</span> <span class='ocrx_word' id='word_1_265' title='bbox 1139 2376 1216 2426; x_wconf 91' lang='lat' dir='ltr'>qui</span> <span class='ocrx_word' id='word_1_266' title='bbox 1244 2382 1468 2427; x_wconf 89' lang='lat' dir='ltr'>praesunt</span> <span class='ocrx_word' id='word_1_267' title='bbox 1497 2376 1750 2427; x_wconf 79' lang='lat' dir='ltr'>testantur)</span> <span class='ocrx_word' id='word_1_268' title='bbox 1778 2389 1926 2428; x_wconf 87' lang='lat' dir='ltr'>neque</span> 
     </span>
     <span class='ocr_line' id='line_1_33' title="bbox 296 2445 1929 2498; baseline 0.002 -15"><span class='ocrx_word' id='word_1_269' title='bbox 296 2445 495 2484; x_wconf 88' lang='lat' dir='ltr'>obscura</span> <span class='ocrx_word' id='word_1_270' title='bbox 519 2457 667 2496; x_wconf 92' lang='lat' dir='ltr'>neque</span> <span class='ocrx_word' id='word_1_271' title='bbox 689 2445 905 2495; x_wconf 87' lang='lat' dir='ltr'>vulgaria</span> <span class='ocrx_word' id='word_1_272' title='bbox 926 2445 1009 2485; x_wconf 90' lang='lat' dir='ltr'>toti</span> <span class='ocrx_word' id='word_1_273' title='bbox 1031 2447 1386 2497; x_wconf 89' lang='lat' dir='ltr'>congregationi</span> <span class='ocrx_word' id='word_1_274' title='bbox 1413 2447 1555 2498; x_wconf 89' lang='lat' dir='ltr'>(quae</span> <span class='ocrx_word' id='word_1_275' title='bbox 1576 2448 1722 2487; x_wconf 90' lang='lat' dir='ltr'>multa</span> <span class='ocrx_word' id='word_1_276' title='bbox 1743 2453 1826 2498; x_wconf 88' lang='lat' dir='ltr'>est,</span> <span class='ocrx_word' id='word_1_277' title='bbox 1848 2448 1929 2487; x_wconf 79' lang='lat'>200</span> 
     </span>
     <span class='ocr_line' id='line_1_34' title="bbox 297 2515 1926 2568; baseline 0.002 -14"><span class='ocrx_word' id='word_1_278' title='bbox 297 2515 474 2555; x_wconf 88' lang='lat' dir='ltr'>scilicet</span> <span class='ocrx_word' id='word_1_279' title='bbox 502 2522 546 2555; x_wconf 92' lang='lat' dir='ltr'>et</span> <span class='ocrx_word' id='word_1_280' title='bbox 572 2515 644 2566; x_wconf 83' lang='lat'>50,</span> <span class='ocrx_word' id='word_1_281' title='bbox 676 2527 1013 2556; x_wconf 90' lang='lat' dir='ltr'>conversarum</span> <span class='ocrx_word' id='word_1_282' title='bbox 1040 2528 1066 2556; x_wconf 92' lang='lat' dir='ltr'>a</span> <span class='ocrx_word' id='word_1_283' title='bbox 1093 2516 1373 2567; x_wconf 89' lang='lat' dir='ltr'>meretricio,</span> <span class='ocrx_word' id='word_1_284' title='bbox 1404 2517 1671 2567; x_wconf 90' lang='lat' dir='ltr'>mulierum)</span> <span class='ocrx_word' id='word_1_285' title='bbox 1702 2518 1926 2568; x_wconf 88' lang='lat' dir='ltr'>praebent</span> 
     </span>
     <span class='ocr_line' id='line_1_35' title="bbox 300 2590 1429 2637; baseline 0.003 -12"><span class='ocrx_word' id='word_1_286' title='bbox 300 2592 591 2637; x_wconf 87' lang='lat' dir='ltr'>argumenta.</span> <span class='ocrx_word' id='word_1_287' title='bbox 1427 2590 1429 2593; x_wconf 85' lang='lat'>&#39;</span> 
     </span>
    </p>

    <p class='ocr_par' dir='ltr' id='par_1_4' title="bbox 297 2656 1931 2781">
     <span class='ocr_line' id='line_1_36' title="bbox 375 2656 1926 2710; baseline 0.001 -14"><span class='ocrx_word' id='word_1_288' title='bbox 375 2656 489 2696; x_wconf 89' lang='lat' dir='ltr'>Item</span> <span class='ocrx_word' id='word_1_289' title='bbox 512 2656 727 2708; x_wconf 89' lang='lat' dir='ltr'>discipuli</span> <span class='ocrx_word' id='word_1_290' title='bbox 746 2658 893 2697; x_wconf 88' lang='lat' dir='ltr'>nostri</span> <span class='ocrx_word' id='word_1_291' title='bbox 914 2658 1142 2708; x_wconf 89' lang='lat' dir='ltr'>nonnulli,</span> <span class='ocrx_word' id='word_1_292' title='bbox 1167 2658 1244 2698; x_wconf 88' lang='lat' dir='ltr'>alii</span> <span class='ocrx_word' id='word_1_293' title='bbox 1265 2658 1456 2698; x_wconf 88' lang='lat' dir='ltr'>admissi</span> <span class='ocrx_word' id='word_1_294' title='bbox 1478 2659 1524 2698; x_wconf 89' lang='lat' dir='ltr'>in</span> <span class='ocrx_word' id='word_1_295' title='bbox 1552 2659 1822 2710; x_wconf 91' lang='lat' dir='ltr'>religiones,</span> <span class='ocrx_word' id='word_1_296' title='bbox 1848 2659 1926 2698; x_wconf 92' lang='lat' dir='ltr'>alii</span> 
     </span>
     <span class='ocr_line' id='line_1_37' title="bbox 297 2727 1931 2781; baseline 0.002 -15"><span class='ocrx_word' id='word_1_297' title='bbox 297 2738 469 2778; x_wconf 90' lang='lat' dir='ltr'>magno</span> <span class='ocrx_word' id='word_1_298' title='bbox 491 2739 597 2767; x_wconf 91' lang='lat' dir='ltr'>cum</span> <span class='ocrx_word' id='word_1_299' title='bbox 619 2727 1199 2781; x_wconf 26' lang='lat' dir='ltr'>desiderio-admissionem</span> <span class='ocrx_word' id='word_1_300' title='bbox 1228 2735 1478 2769; x_wconf 90' lang='lat' dir='ltr'>morantes.</span> <span class='ocrx_word' id='word_1_301' title='bbox 1503 2728 1620 2769; x_wconf 79' lang='lat' dir='ltr'>Sunt</span> <span class='ocrx_word' id='word_1_302' title='bbox 1653 2736 1696 2769; x_wconf 92' lang='lat' dir='ltr'>et</span> <span class='ocrx_word' id='word_1_303' title='bbox 1720 2729 1931 2780; x_wconf 84' lang='lat' dir='ltr'>virgines</span> 
     </span>
    </p>
   </div>
   <div class='ocr_carea' id='block_1_3' title="bbox 352 2910 1558 2993">
    <p class='ocr_par' dir='ltr' id='par_1_5' title="bbox 352 2910 1558 2993">
     <span class='ocr_line' id='line_1_38' title="bbox 352 2910 1558 2947; baseline 0.002 -11"><span class='ocrx_word' id='word_1_304' title='bbox 352 2910 360 2929; x_wconf 83' lang='lat'>¹</span> <span class='ocrx_word' id='word_1_305' title='bbox 403 2910 551 2937; x_wconf 88' lang='lat' dir='ltr'>Vocibus</span> <span class='ocrx_word' id='word_1_306' title='bbox 567 2918 633 2937; x_wconf 82' lang='lat' dir='ltr'>non</span> <span class='ocrx_word' id='word_1_307' title='bbox 645 2911 854 2945; x_wconf 73' lang='lat' dir='ltr'>infrequens</span> <span class='ocrx_word' id='word_1_308' title='bbox 868 2912 1021 2945; x_wconf 82' lang='lat' dir='ltr'>sublatis,</span> <span class='ocrx_word' id='word_1_309' title='bbox 1039 2912 1175 2946; x_wconf 87' lang='lat' dir='ltr'>scripsit</span> <span class='ocrx_word' id='word_1_310' title='bbox 1191 2912 1356 2940; x_wconf 82' lang='lat' dir='ltr'>Polancus</span> <span class='ocrx_word' id='word_1_311' title='bbox 1374 2913 1469 2947; x_wconf 82' lang='lat' dir='ltr'>apud</span> <span class='ocrx_word' id='word_1_312' title='bbox 1486 2919 1558 2939; x_wconf 80' lang='lat' dir='ltr'>nos.</span> 
     </span>
     <span class='ocr_line' id='line_1_39' title="bbox 355 2957 1332 2993; baseline 0.005 -11"><span class='ocrx_word' id='word_1_313' title='bbox 355 2958 368 2976; x_wconf 77' lang='lat'><strong>2</strong></span> <span class='ocrx_word' id='word_1_314' title='bbox 403 2957 642 2991; x_wconf 74' lang='lat' dir='ltr'>plurimorum</span> <span class='ocrx_word' id='word_1_315' title='bbox 660 2958 801 2992; x_wconf 82' lang='lat' dir='ltr'>denique</span> <span class='ocrx_word' id='word_1_316' title='bbox 818 2959 853 2985; x_wconf 81' lang='lat' dir='ltr'>in</span> <span class='ocrx_word' id='word_1_317' title='bbox 869 2960 951 2986; x_wconf 79' lang='lat' dir='ltr'>urbe</span> <span class='ocrx_word' id='word_1_318' title='bbox 967 2959 1142 2993; x_wconf 83' lang='lat' dir='ltr'>pernicies.</span> <span class='ocrx_word' id='word_1_319' title='bbox 1158 2959 1332 2987; x_wconf 77' lang='lat' dir='ltr'>Polaticus,</span> 
     </span>
    </p>
   </div>
  </div>
 </body>
</html>
