2080 3392
243 177 314 215 318
753 176 980 213 LITTERAE
1006 187 1363 220 QUADRIMESTRES

244 274 491 324 primarios
511 273 638 312 viros
660 272 841 323 oppidi,
873 285 967 312 non
990 273 1154 324 procul
1181 273 1422 324 distantis,
1455 284 1652 325 quorum
1686 272 1878 312 inimici-

244 344 332 383 tias
358 344 435 383 via
458 343 663 382 humana
684 343 838 383 sedari
859 354 997 395 posse
1018 343 1316 395 desperatum
1338 350 1451 394 erat,
1472 343 1554 383 sed
1569 342 1729 383 divino
1746 343 1877 383 auxi-

242 414 303 454 lio
325 414 456 453 brevi
478 414 763 464 compositae
784 413 926 454 fuere.
950 413 1067 454 Sunt
1089 413 1355 465 frequentes
1377 413 1694 454 confessiones
1867 412 1876 431 ¹

244 490 473 535 tempore,
506 484 630 535 quod
662 485 857 524 multum
886 491 956 524 est
989 484 1036 524 in
1065 485 1154 524 hoc
1184 485 1295 534 situ,
1327 485 1374 524 in
1403 496 1493 535 quo
1523 484 1731 535 plerique
1772 490 1879 523 sunt

244 555 531 606 pauperrimi
560 555 816 606 agricolae,
854 556 1023 607 quique
1055 567 1148 595 non
1178 567 1345 607 parum
1374 555 1553 595 faciunt
1587 555 1627 594 si
1661 555 1747 595 sibi
1776 566 1880 606 pro-

242 626 465 678 priaeque
484 624 687 666 familiae
707 626 886 666 Victum
913 632 1201 678 comparant.
1232 626 1409 677 Quibus
1438 637 1513 666 res
1539 625 1784 665 familiaris
1817 631 1879 665 te-

241 697 347 737 nuis
368 703 454 747 est,
488 696 601 737 fiunt
632 709 658 737 a
678 698 813 737 nobis
834 699 1159 749 eleemosynae
1179 697 1467 749 frequenter,
1493 697 1696 737 maxime
1719 707 1878 747 aegro-

242 768 319 817 tis,
351 779 467 819 quos
492 768 700 808 invisunt
726 768 920 808 subinde
946 768 1136 818 fratres,
1168 779 1340 819 eosque
1376 768 1624 807 hortantur
1651 773 1701 807 ut
1730 778 1879 818 aequo

243 839 399 879 animo
420 838 572 878 ferant
598 840 887 890 paupertatis
917 839 1214 879 incommoda
1243 838 1525 890 doloresque
1552 837 1876 889 aegritudinis.

242 910 375 950 Multi
393 922 451 949 ex
467 910 582 950 locis
598 910 766 950 vicinis
781 911 914 961 pueri
930 916 974 950 et
992 910 1314 950 adolescentes
1330 910 1421 949 huc
1451 909 1702 949 discendae
1725 920 1877 959 gram-

242 981 442 1020 maticae
463 992 608 1020 causa
629 992 678 1020 se
700 980 958 1031 conferunt,
979 981 1144 1032 quibus
1165 979 1430 1020 erudiendis
1451 986 1548 1020 tam
1569 980 1714 1019 literis
1736 991 1878 1031 quam

241 1051 375 1091 bonis
397 1051 603 1091 moribus
626 1051 812 1091 cuidam
832 1063 890 1091 ex
910 1051 1083 1091 nostris
1105 1063 1218 1091 cura
1238 1051 1410 1091 tradita
1432 1057 1517 1090 est.
1539 1051 1611 1091 Ex
1631 1050 1729 1100 his,
1761 1050 1878 1090 ordi-

241 1133 323 1173 ne,
367 1128 534 1162 octavo
569 1134 752 1174 quoque
791 1121 863 1162 die
896 1122 1038 1173 aliqui
1069 1121 1361 1172 confitentur,
1399 1133 1491 1173 quo
1527 1126 1765 1173 tempore,
1803 1122 1881 1172 qui

243 1193 397 1233 idonei
415 1192 695 1243 iudicantur,
719 1198 906 1232 sumunt
926 1192 1286 1232 Eucharistiam.
1311 1192 1396 1232 His
1421 1192 1562 1232 etiam
1588 1203 1691 1232 mos
1719 1197 1809 1242 est,
1840 1192 1879 1231 si

243 1264 430 1315 quando
452 1264 652 1315 aliquem
673 1264 903 1303 iurantem
924 1263 1186 1313 offendunt,
1215 1263 1349 1303 flexis
1378 1263 1574 1314 genibus
1605 1263 1791 1314 precari
1820 1274 1880 1302 ne

241 1334 287 1375 id
306 1334 465 1374 faciat:
489 1335 656 1386 quibus
677 1334 1088 1374 exercitationibus
1109 1340 1327 1386 parentes
1347 1334 1540 1374 nimium
1564 1334 1871 1373 oblectantur.

242 1407 314 1446 Ex
335 1417 423 1457 quo
444 1406 493 1445 fit
513 1411 562 1446 ut
582 1405 628 1445 in
657 1405 755 1445 dies
784 1412 965 1445 crescat
992 1406 1270 1445 discentium
1301 1416 1538 1445 numerus.
1570 1404 1688 1444 Tum
1717 1404 1872 1455 etiam,

242 1483 427 1529 praeter
449 1477 701 1517 conciones
720 1477 767 1516 in
798 1476 1158 1528 quadragesima
1184 1476 1394 1527 habitas,
1425 1475 1669 1516 audiendis
1700 1474 1878 1516 confes-

244 1548 451 1588 sionibus
471 1548 778 1599 iuvandisque
799 1548 1016 1599 parochis
1034 1548 1148 1587 satis
1170 1547 1528 1599 occupationum
1550 1546 1872 1587 sustinuimus.

244 1619 315 1659 Ex
335 1620 500 1671 quibus
522 1619 735 1659 omnibus
755 1620 856 1658 laus
876 1624 921 1658 et
941 1619 1093 1669 gloria
1114 1618 1301 1658 divinae
1322 1618 1521 1658 bonitati
1542 1617 1821 1667 referantur,
1848 1629 1879 1656 a

245 1701 336 1741 qua
359 1702 493 1729 omne
513 1690 688 1729 bonum
708 1689 1031 1740 proficiscitur.
1056 1688 1186 1728 Haec
1207 1689 1448 1728 hactenus.
1471 1688 1522 1727 In
1550 1687 1875 1727 benedictione

247 1760 580 1812 sacrificiisque
609 1760 661 1799 R.
694 1759 743 1799 P.
772 1766 879 1800 tuae
905 1771 991 1800 nos
1020 1760 1067 1800 in
1093 1759 1295 1799 Domino
1324 1758 1706 1799 commendamus
1739 1758 1877 1798 vehe-

248 1836 441 1871 menter.

326 1902 615 1942 Duodecimo
638 1901 735 1941 Cal.
759 1901 877 1941 Iunii
903 1901 1017 1940 1553.

327 1973 550 2023 Indignus
572 1978 615 2012 et
636 1973 853 2012 minimus
874 1971 1073 2012 filiorum
1093 2003 1100 2021 ‚

1338 2112 1655 2152 MAxnanNUs.

329 2327 679 2378 Superscrsptz'o
700 2327 749 2366 in
769 2326 921 2366 altera
933 2325 1054 2376 folii
1075 2325 1286 2376 pagina:
1313 2327 1340 2372 †
1365 2324 1426 2365 Al
1453 2325 1547 2364 mui
1576 2324 1676 2364 R.d0
1708 2335 1766 2364 en
1793 2323 1877 2364 X.⁰

248 2399 392 2450 padre
415 2399 455 2438 el
475 2399 619 2449 padre
639 2404 829 2438 nuestro
851 2397 1028 2448 ignatio
1049 2397 1284 2448 preposito
1310 2397 1503 2447 general
1529 2396 1585 2435 de
1615 2396 1661 2435 la
1690 2406 1874 2446 compa-

250 2470 328 2509 nia
349 2469 405 2509 de
427 2470 565 2509 iesus.

328 2540 393 2580 2²²
414 2540 506 2590 via,
531 2540 585 2579 de
606 2539 630 2578 4
650 2550 816 2579 meses.

330 2610 440 2650 Alsa
461 2622 627 2650 manet:
653 2610 765 2659 1553,
791 2609 846 2650 de
867 2609 1053 2660 Giugno
1075 2608 1197 2659 (sic).
1222 2608 1369 2659 Quad.
1394 2608 1494 2648 sine
1514 2608 1617 2647 loco
1645 2605 1673 2647 ².

305 2746 314 2766 ¹
354 2746 569 2773 desideratur
584 2753 685 2772 unum
699 2746 889 2772 alterumve
904 2744 1120 2772 vocabulum.

304 2792 317 2811 2
353 2792 444 2819 Nulli
461 2797 573 2819 tamen
589 2800 661 2819 esse
683 2792 820 2819 dubium
838 2794 962 2826 potest,
984 2789 1120 2817 litteras
1136 2790 1272 2824 legenti,
1295 2790 1395 2817 datas
1413 2796 1470 2816 eas
1490 2796 1564 2815 esse
1587 2789 1623 2815 in
1639 2787 1700 2814 hoc
1716 2787 1881 2814 coenobio

252 2839 375 2866 Sancti
390 2839 531 2867 Felicis.
