2080 3392
250 201 323 238 604
763 198 989 235 LITTERAE
1017 206 1377 239 QUADRIMESTRES

254 296 323 345 P.‚
350 297 544 335 obsecro
569 306 687 345 quae
708 293 814 333 inde
838 293 929 332 sint
950 298 1216 332 consecuta.
1243 291 1359 331 Cum
1378 291 1464 330 iste
1496 291 1637 330 homo
1671 291 1881 332 nefarius

252 372 524 407 renuentem
545 365 747 416 puellam
775 364 857 403 vix
876 368 1036 414 posset
1057 362 1295 402 continere
1317 362 1428 412 quin
1448 361 1537 401 hoc
1559 367 1655 401 tam
1677 362 1877 403 immane

250 436 501 487 flagitium,
527 435 841 475 conscientiae
864 434 1062 474 stimulis
1089 444 1425 484 saepenumero
1453 432 1630 483 agitata
1659 432 1881 483 initioque

250 508 395 558 ipsius
417 506 483 546 rei
504 505 860 557 perterrefacta,
884 517 967 556 per
989 504 1331 544 confessionem
1353 503 1493 543 alicui
1512 503 1616 542 viro
1638 503 1784 554 probo
1806 515 1882 555 pa-

250 577 493 626 tefaceret,
536 576 769 627 scriptura
808 586 945 615 sacra
985 586 1090 614 eam
1130 586 1352 626 superare
1391 574 1663 614 conabatur.
1704 574 1879 625 Itaque,

250 659 355 687 cum
377 648 519 687 semel
540 646 728 686 cuidam
756 658 814 686 ex
843 646 1058 686 Patribus
1085 646 1248 685 fuisset
1278 644 1492 685 confessa
1519 645 1700 696 hocque
1733 645 1883 696 ipsum

248 720 321 758 1116
357 719 758 769 deprehendisset,
796 717 855 757 ad
883 716 1202 757 revocandam
1229 715 1572 756 confessionem
1601 727 1781 755 omnem
1816 717 1883 756 ire

249 790 486 841 compulit,
509 795 790 841 praetexens
811 789 902 828 hoc
918 789 1106 828 nomine
1132 788 1331 839 culpam,
1356 787 1479 837 quod
1495 787 1717 826 nonnulla
1740 787 1884 827 animi

246 861 598 912 perturbatione
637 861 683 899 in
723 860 850 899 illum
886 859 1078 899 incensa
1112 857 1378 898 huiusmodi
1412 857 1589 907 flagitia
1628 857 1877 908 retulisset,

252 931 490 971 affirmans
517 931 695 970 interea
731 930 854 981 quod
889 929 1221 970 commercium
1251 940 1356 968 cum
1390 928 1467 967 illa
1501 928 1673 968 habere
1708 928 1884 968 nullum

251 1008 373 1042 esset
400 1008 666 1053 peccatum,
697 1001 778 1041 sed
805 1001 864 1040 ad
884 1000 1005 1040 Loth
1033 1001 1272 1050 exemplar
1293 998 1638 1038 sanctissimam
1660 998 1878 1038 maxime-

249 1084 337 1124 que
358 1073 615 1123 spiritalem
637 1083 739 1112 esse
762 1071 1160 1111 consuetudinem.
1191 1070 1370 1110 Verum
1401 1069 1478 1120 qui
1509 1069 1626 1108 dixit
1657 1080 1746 1119 ego
1778 1080 1885 1108 sum

242 1147 416 1194 pastor
439 1144 609 1189 bonus,
635 1143 978 1182 semilaniatam
1006 1153 1141 1182 ovem
1169 1153 1263 1183 non
1291 1141 1478 1180 omnino
1505 1151 1673 1191 passus
1701 1140 1880 1191 confici;

251 1214 362 1266 quin
400 1214 553 1265 potius
587 1226 691 1254 eam
726 1225 811 1253 sua
846 1213 992 1264 ipsius
1027 1212 1259 1252 dementia
1294 1210 1681 1262 comprehensam
1715 1209 1884 1261 diuque

249 1291 485 1335 raptatam
506 1285 626 1325 eruit
647 1297 704 1324 ex
725 1296 805 1324 ore
833 1284 928 1335 lupi
956 1282 1015 1323 ad
1037 1283 1250 1334 ovileque
1272 1282 1469 1331 remisit,
1494 1292 1602 1332 quo,
1632 1292 1715 1332 per
1742 1280 1883 1320 eccle-

255 1356 354 1396 siae
372 1356 680 1396 saluberrima
697 1354 1037 1394 medicamenta
1060 1354 1106 1393 in
1126 1353 1372 1405 pristinam
1388 1352 1604 1391 restituta
1622 1351 1885 1400 sanitatem,

260 1427 307 1466 in
328 1438 522 1466 numero
545 1426 795 1465 haberetur
816 1431 1123 1464 caeterarum.

330 1497 606 1537 Haereticus
636 1497 847 1548 quidam,
882 1496 959 1547 qui
990 1496 1083 1535 iam
1111 1495 1189 1534 diu
1217 1506 1353 1534 sacra
1382 1494 1553 1533 ieiunia
1585 1499 1889 1543 comtempse-

251 1574 349 1618 rat,
391 1574 581 1608 sanctos
614 1579 710 1607 non
745 1568 948 1607 orandos
984 1571 1221 1615 tenuerat,
1260 1566 1484 1615 templum
1518 1562 1782 1603 adeundum
1819 1574 1885 1602 sa-

254 1650 477 1689 crumque
511 1638 795 1678 audiendum
825 1643 1107 1688 negaverat,
1140 1636 1482 1676 confessionem
1510 1640 1667 1685 utpote
1694 1645 1788 1673 non
1813 1645 1888 1673 ne-

256 1709 511 1749 cessariam
531 1708 782 1758 reiecerat,
812 1720 905 1747 non
939 1719 1040 1747 esse
1071 1707 1117 1746 in
1146 1707 1300 1746 hostia
1329 1717 1499 1757 corpus
1525 1716 1674 1756 neque
1702 1704 1886 1754 sangui-

253 1791 360 1819 nem
382 1779 555 1819 Christi
584 1779 867 1819 crediderat:
900 1790 1008 1818 ecce
1036 1778 1124 1817 Dei
1154 1777 1309 1828 gratia
1338 1781 1623 1828 praeventus
1649 1774 1886 1826 poeniten-

254 1851 410 1902 tiaque
449 1850 715 1890 admirabili
763 1856 944 1898 tactus,
991 1848 1154 1888 Patres
1193 1854 1380 1887 nostros
1420 1846 1593 1896 adivit,
1638 1846 1694 1885 ab
1742 1845 1889 1897 iisque

253 1921 490 1972 perversis
521 1921 815 1972 opinionibus
852 1920 1049 1970 destitit,
1089 1931 1144 1959 ac
1172 1930 1395 1958 romanae
1432 1918 1670 1958 Ecclesiae
1704 1916 1890 1968 penitus

255 1992 481 2032 adhaesit.
505 1991 596 2031 Sed
616 1992 705 2031 hoc
727 1991 782 2031 de
804 2002 976 2042 genere
1000 1990 1127 2030 satis.
1158 1989 1474 2040 Progrederer
1501 1999 1701 2038 namque
1730 1987 1777 2027 in
1807 1987 1887 2027 im-

254 2074 491 2113 mensum,
515 2063 554 2102 si
578 2063 744 2101 vellem
766 2062 922 2101 omnia
943 2072 1203 2101 recensere.

335 2133 406 2172 De
441 2133 761 2173 confitentium
787 2139 941 2172 autem
968 2144 1162 2172 numero
1188 2143 1281 2171 non
1314 2137 1382 2171 est
1412 2130 1536 2182 quod
1562 2140 1686 2169 nunc
1719 2128 1888 2179 dicam3

257 2203 355 2254 qui,
392 2203 579 2243 tametsi
607 2214 808 2254 magnus
837 2214 1021 2254 semper
1049 2202 1199 2242 videri
1225 2201 1394 2253 potuit,
1424 2200 1498 2240 die
1525 2206 1683 2240 tamen
1717 2199 1889 2239 natalis

256 2274 448 2314 Domini
464 2280 620 2314 tantus
638 2274 792 2314 extitit
812 2280 875 2324 ut,
901 2285 927 2312 a
948 2272 1100 2313 media
1121 2278 1257 2312 nocte
1276 2271 1553 2323 incipiendo,
1578 2270 1637 2310 ad
1658 2269 1887 2309 decimam

254 2345 351 2384 fere
382 2356 555 2385 nonam
583 2357 729 2396 usque
756 2344 926 2384 fuerint
960 2344 1247 2384 confitentes
1280 2343 1459 2383 Verum
1487 2342 1610 2393 quod
1642 2342 1800 2392 plures
1830 2340 1888 2380 ad

258 2415 600 2455 confessionem
617 2416 1086 2466 communionemque
1103 2414 1291 2466 pellexit
1313 2413 1614 2464 attraxitque,
1638 2412 1723 2452 fuit
1745 2410 1884 2462 quod-

259 2486 366 2525 dam
388 2498 414 2525 a
436 2486 653 2526 Patribus
674 2486 990 2526 introductum
1011 2486 1286 2535 institutum,
1311 2495 1490 2535 nempe,
1510 2489 1560 2523 ut
1578 2483 1655 2534 qui
1677 2482 1886 2522 crebrius

258 2557 455 2608 nollent,
480 2557 677 2607 singulis
699 2558 865 2597 saltem
884 2557 1120 2596 mensibus
1151 2555 1326 2595 domini
1354 2565 1564 2594 mensam
1594 2553 1885 2603 accederent,

259 2639 348 2678 quo
371 2627 443 2667 die
465 2628 629 2667 concio
650 2627 706 2667 de
733 2628 964 2667 charitate
994 2627 1265 2677 haberetur3
1300 2625 1436 2676 idque
1466 2636 1560 2664 non
1585 2624 1685 2663 sine
1716 2634 1888 2673 magno

258 2697 434 2737 factum
457 2704 527 2738 est
549 2698 812 2737 animarum
833 2697 1060 2749 profectu.

336 2766 453 2807 Sunt
473 2774 517 2808 et
539 2768 818 2819 quibusdam
839 2768 1063 2807 exercitia
1099 2766 1360 2818 spiritualia
1389 2765 1617 2814 exhibita,
1649 2775 1764 2815 quos
1795 2774 1888 2802 non

257 2837 539 2878 mediocrem
561 2839 825 2878 animarum
846 2849 1037 2878 suarum
1058 2837 1262 2877 fructum
1288 2836 1503 2876 retulisse
1530 2834 1727 2881 dixeris3
1753 2833 1889 2885 siqui-

260 2907 364 2946 dem
386 2908 476 2958 alii,
502 2920 662 2948 amore
691 2909 929 2960 religionis
951 2908 1151 2957 accensi,
1185 2907 1396 2947 eamdem
1425 2912 1532 2946 sunt
1559 2904 1779 2957 professi;
1813 2904 1891 2943 alii

254 2989 368 3016 vero
393 2978 451 3017 ad
473 2985 600 3018 caste
621 2979 786 3030 pieque
816 2979 1072 3019 vivendum
1093 2977 1299 3025 deducti;
1325 2977 1444 3016 inter
1466 2977 1584 3016 alios
1612 2981 1791 3024 autem,
1816 2974 1892 3025 qui
