<?xml version="1.0" encoding="UTF-8"?>
<!DOCTYPE html PUBLIC "-//W3C//DTD XHTML 1.0 Transitional//EN"
    "http://www.w3.org/TR/xhtml1/DTD/xhtml1-transitional.dtd">
<html xmlns="http://www.w3.org/1999/xhtml" xml:lang="en" lang="en">
 <head>
  <title>
</title>
<meta http-equiv="Content-Type" content="text/html;charset=utf-8" />
  <meta name='ocr-system' content='tesseract 3.04.00' />
  <meta name='ocr-capabilities' content='ocr_page ocr_carea ocr_par ocr_line ocrx_word'/>
</head>
<body>
  <div class='ocr_page' id='page_1' title='image "./litteraequadrime14lain_0659.png"; bbox 0 0 2080 3392; ppageno 0'>
   <div class='ocr_carea' id='block_1_1' title="bbox 847 172 1772 210">
    <p class='ocr_par' dir='ltr' id='par_1_1' title="bbox 847 172 1772 210">
     <span class='ocr_line' id='line_1_1' title="bbox 847 172 1772 210; baseline 0 -1"><span class='ocrx_word' id='word_1_1' title='bbox 847 172 931 210; x_wconf 85' lang='lat' dir='ltr'>AN.</span> <span class='ocrx_word' id='word_1_2' title='bbox 964 172 1056 209; x_wconf 74' lang='lat'>1554</span> <span class='ocrx_word' id='word_1_3' title='bbox 1701 172 1772 210; x_wconf 72' lang='lat'>655</span> 
     </span>
    </p>
   </div>
   <div class='ocr_carea' id='block_1_2' title="bbox 120 269 1777 3033">
    <p class='ocr_par' dir='ltr' id='par_1_2' title="bbox 120 269 1777 3033">
     <span class='ocr_line' id='line_1_2' title="bbox 121 269 1769 321; baseline 0.001 -12"><span class='ocrx_word' id='word_1_4' title='bbox 121 269 310 321; x_wconf 78' lang='lat' dir='ltr'>scripsi,</span> <span class='ocrx_word' id='word_1_5' title='bbox 348 269 394 309; x_wconf 94' lang='lat' dir='ltr'>in</span> <span class='ocrx_word' id='word_1_6' title='bbox 429 270 518 309; x_wconf 87' lang='lat' dir='ltr'>hac</span> <span class='ocrx_word' id='word_1_7' title='bbox 554 281 638 310; x_wconf 90' lang='lat' dir='ltr'>sua</span> <span class='ocrx_word' id='word_1_8' title='bbox 672 269 786 310; x_wconf 88' lang='lat' dir='ltr'>urbe</span> <span class='ocrx_word' id='word_1_9' title='bbox 823 276 1016 321; x_wconf 89' lang='lat' dir='ltr'>operata</span> <span class='ocrx_word' id='word_1_10' title='bbox 1051 276 1140 320; x_wconf 91' lang='lat' dir='ltr'>est,</span> <span class='ocrx_word' id='word_1_11' title='bbox 1179 275 1224 310; x_wconf 93' lang='lat' dir='ltr'>et</span> <span class='ocrx_word' id='word_1_12' title='bbox 1253 270 1300 310; x_wconf 90' lang='lat' dir='ltr'>in</span> <span class='ocrx_word' id='word_1_13' title='bbox 1334 269 1433 310; x_wconf 90' lang='lat' dir='ltr'>dies</span> <span class='ocrx_word' id='word_1_14' title='bbox 1464 275 1687 321; x_wconf 90' lang='lat' dir='ltr'>operatur</span> <span class='ocrx_word' id='word_1_15' title='bbox 1722 270 1769 311; x_wconf 93' lang='lat' dir='ltr'>in</span> 
     </span>
     <span class='ocr_line' id='line_1_3' title="bbox 121 340 1766 392; baseline 0.001 -12"><span class='ocrx_word' id='word_1_16' title='bbox 121 352 284 381; x_wconf 87' lang='lat' dir='ltr'>eorum</span> <span class='ocrx_word' id='word_1_17' title='bbox 304 341 599 392; x_wconf 88' lang='lat' dir='ltr'>potissimum</span> <span class='ocrx_word' id='word_1_18' title='bbox 617 340 850 390; x_wconf 79' lang='lat' dir='ltr'>cordibus,</span> <span class='ocrx_word' id='word_1_19' title='bbox 875 341 953 392; x_wconf 90' lang='lat' dir='ltr'>qui</span> <span class='ocrx_word' id='word_1_20' title='bbox 975 341 1039 381; x_wconf 91' lang='lat' dir='ltr'>illi</span> <span class='ocrx_word' id='word_1_21' title='bbox 1061 340 1302 381; x_wconf 76' lang='lat' dir='ltr'>ardentius</span> <span class='ocrx_word' id='word_1_22' title='bbox 1319 340 1582 381; x_wconf 75' lang='lat' dir='ltr'>inhaerent.</span> <span class='ocrx_word' id='word_1_23' title='bbox 1606 340 1766 392; x_wconf 88' lang='lat' dir='ltr'>Impri-</span> 
     </span>
     <span class='ocr_line' id='line_1_4' title="bbox 122 411 1769 464; baseline 0.001 -13"><span class='ocrx_word' id='word_1_24' title='bbox 122 413 208 452; x_wconf 87' lang='lat' dir='ltr'>mis</span> <span class='ocrx_word' id='word_1_25' title='bbox 243 413 408 452; x_wconf 88' lang='lat' dir='ltr'>scitote</span> <span class='ocrx_word' id='word_1_26' title='bbox 444 413 503 453; x_wconf 90' lang='lat' dir='ltr'>ad</span> <span class='ocrx_word' id='word_1_27' title='bbox 531 413 655 452; x_wconf 89' lang='lat' dir='ltr'>hunc</span> <span class='ocrx_word' id='word_1_28' title='bbox 685 424 832 464; x_wconf 90' lang='lat' dir='ltr'>usque</span> <span class='ocrx_word' id='word_1_29' title='bbox 860 412 978 452; x_wconf 87' lang='lat' dir='ltr'>diem</span> <span class='ocrx_word' id='word_1_30' title='bbox 1013 413 1060 453; x_wconf 90' lang='lat' dir='ltr'>in</span> <span class='ocrx_word' id='word_1_31' title='bbox 1089 412 1227 453; x_wconf 86' lang='lat' dir='ltr'>huius</span> <span class='ocrx_word' id='word_1_32' title='bbox 1257 413 1465 453; x_wconf 88' lang='lat' dir='ltr'>civitatis</span> <span class='ocrx_word' id='word_1_33' title='bbox 1494 411 1769 453; x_wconf 85' lang='lat' dir='ltr'>diversoriis</span> 
     </span>
     <span class='ocr_line' id='line_1_5' title="bbox 122 484 1770 535; baseline 0 -11"><span class='ocrx_word' id='word_1_34' title='bbox 122 485 393 524; x_wconf 79' lang='lat' dir='ltr'>meretrices</span> <span class='ocrx_word' id='word_1_35' title='bbox 429 496 485 524; x_wconf 89' lang='lat' dir='ltr'>ac</span> <span class='ocrx_word' id='word_1_36' title='bbox 512 484 788 535; x_wconf 88' lang='lat' dir='ltr'>prostitutas</span> <span class='ocrx_word' id='word_1_37' title='bbox 816 484 1035 524; x_wconf 89' lang='lat' dir='ltr'>mulieres</span> <span class='ocrx_word' id='word_1_38' title='bbox 1066 484 1230 524; x_wconf 87' lang='lat' dir='ltr'>solitas</span> <span class='ocrx_word' id='word_1_39' title='bbox 1260 484 1403 524; x_wconf 86' lang='lat' dir='ltr'>fuisse</span> <span class='ocrx_word' id='word_1_40' title='bbox 1431 495 1645 533; x_wconf 86' lang='lat' dir='ltr'>manere,</span> <span class='ocrx_word' id='word_1_41' title='bbox 1677 495 1770 535; x_wconf 89' lang='lat' dir='ltr'>qua</span> 
     </span>
     <span class='ocr_line' id='line_1_6' title="bbox 122 555 1771 606; baseline 0.001 -12"><span class='ocrx_word' id='word_1_42' title='bbox 122 555 179 594; x_wconf 89' lang='lat' dir='ltr'>de</span> <span class='ocrx_word' id='word_1_43' title='bbox 215 567 358 595; x_wconf 85' lang='lat' dir='ltr'>causa</span> <span class='ocrx_word' id='word_1_44' title='bbox 386 555 432 595; x_wconf 95' lang='lat' dir='ltr'>in</span> <span class='ocrx_word' id='word_1_45' title='bbox 460 556 602 595; x_wconf 90' lang='lat' dir='ltr'>hmoi.</span> <span class='ocrx_word' id='word_1_46' title='bbox 634 555 750 596; x_wconf 92' lang='lat' dir='ltr'>locis</span> <span class='ocrx_word' id='word_1_47' title='bbox 784 566 985 606; x_wconf 85' lang='lat' dir='ltr'>magnae</span> <span class='ocrx_word' id='word_1_48' title='bbox 1014 555 1114 596; x_wconf 92' lang='lat' dir='ltr'>Deo</span> <span class='ocrx_word' id='word_1_49' title='bbox 1147 566 1330 595; x_wconf 89' lang='lat' dir='ltr'>summo</span> <span class='ocrx_word' id='word_1_50' title='bbox 1366 555 1564 595; x_wconf 88' lang='lat' dir='ltr'>iniuriae</span> <span class='ocrx_word' id='word_1_51' title='bbox 1598 555 1771 595; x_wconf 90' lang='lat' dir='ltr'>fiebant</span> 
     </span>
     <span class='ocr_line' id='line_1_7' title="bbox 122 626 1768 677; baseline 0 -11"><span class='ocrx_word' id='word_1_52' title='bbox 122 626 181 665; x_wconf 87' lang='lat' dir='ltr'>ob</span> <span class='ocrx_word' id='word_1_53' title='bbox 204 627 383 666; x_wconf 87' lang='lat' dir='ltr'>scelera</span> <span class='ocrx_word' id='word_1_54' title='bbox 405 632 450 666; x_wconf 92' lang='lat' dir='ltr'>et</span> <span class='ocrx_word' id='word_1_55' title='bbox 470 633 668 677; x_wconf 87' lang='lat' dir='ltr'>peccata</span> <span class='ocrx_word' id='word_1_56' title='bbox 690 626 964 677; x_wconf 87' lang='lat' dir='ltr'>turpissima</span> <span class='ocrx_word' id='word_1_57' title='bbox 984 626 1157 666; x_wconf 86' lang='lat' dir='ltr'>ibidem</span> <span class='ocrx_word' id='word_1_58' title='bbox 1180 627 1226 666; x_wconf 92' lang='lat' dir='ltr'>in</span> <span class='ocrx_word' id='word_1_59' title='bbox 1248 637 1354 666; x_wconf 89' lang='lat' dir='ltr'>eum</span> <span class='ocrx_word' id='word_1_60' title='bbox 1382 626 1660 677; x_wconf 69' lang='lat' dir='ltr'>commissa,</span> <span class='ocrx_word' id='word_1_61' title='bbox 1693 627 1768 666; x_wconf 89' lang='lat' dir='ltr'>do-</span> 
     </span>
     <span class='ocr_line' id='line_1_8' title="bbox 122 697 1770 749; baseline 0.001 -13"><span class='ocrx_word' id='word_1_62' title='bbox 122 709 208 737; x_wconf 93' lang='lat' dir='ltr'>nec</span> <span class='ocrx_word' id='word_1_63' title='bbox 230 697 391 737; x_wconf 87' lang='lat' dir='ltr'>divina</span> <span class='ocrx_word' id='word_1_64' title='bbox 415 709 502 749; x_wconf 94' lang='lat' dir='ltr'>ope</span> <span class='ocrx_word' id='word_1_65' title='bbox 524 703 568 737; x_wconf 88' lang='lat' dir='ltr'>et</span> <span class='ocrx_word' id='word_1_66' title='bbox 589 698 744 738; x_wconf 87' lang='lat' dir='ltr'>Patris</span> <span class='ocrx_word' id='word_1_67' title='bbox 766 698 1008 748; x_wconf 74' lang='lat' dir='ltr'>diligentia</span> <span class='ocrx_word' id='word_1_68' title='bbox 1036 698 1143 737; x_wconf 88' lang='lat' dir='ltr'>huic</span> <span class='ocrx_word' id='word_1_69' title='bbox 1172 698 1295 737; x_wconf 91' lang='lat' dir='ltr'>malo</span> <span class='ocrx_word' id='word_1_70' title='bbox 1327 698 1584 737; x_wconf 91' lang='lat' dir='ltr'>remedium</span> <span class='ocrx_word' id='word_1_71' title='bbox 1612 698 1770 737; x_wconf 77' lang='lat' dir='ltr'>inven-</span> 
     </span>
     <span class='ocr_line' id='line_1_9' title="bbox 121 769 1770 821; baseline 0.001 -14"><span class='ocrx_word' id='word_1_72' title='bbox 121 774 219 808; x_wconf 82' lang='lat' dir='ltr'>tum</span> <span class='ocrx_word' id='word_1_73' title='bbox 242 775 332 817; x_wconf 91' lang='lat' dir='ltr'>est,</span> <span class='ocrx_word' id='word_1_74' title='bbox 356 780 449 808; x_wconf 89' lang='lat' dir='ltr'>non</span> <span class='ocrx_word' id='word_1_75' title='bbox 471 769 571 808; x_wconf 88' lang='lat' dir='ltr'>sine</span> <span class='ocrx_word' id='word_1_76' title='bbox 598 780 772 820; x_wconf 81' lang='lat' dir='ltr'>magno</span> <span class='ocrx_word' id='word_1_77' title='bbox 802 769 948 820; x_wconf 89' lang='lat' dir='ltr'>ipsius</span> <span class='ocrx_word' id='word_1_78' title='bbox 974 769 1156 818; x_wconf 90' lang='lat' dir='ltr'>labore,</span> <span class='ocrx_word' id='word_1_79' title='bbox 1187 769 1358 820; x_wconf 86' lang='lat' dir='ltr'>quippe</span> <span class='ocrx_word' id='word_1_80' title='bbox 1389 769 1467 821; x_wconf 88' lang='lat' dir='ltr'>qui</span> <span class='ocrx_word' id='word_1_81' title='bbox 1495 780 1521 808; x_wconf 90' lang='lat' dir='ltr'>a</span> <span class='ocrx_word' id='word_1_82' title='bbox 1555 769 1770 809; x_wconf 88' lang='lat' dir='ltr'>ministro</span> 
     </span>
     <span class='ocr_line' id='line_1_10' title="bbox 124 839 1770 892; baseline 0.001 -13"><span class='ocrx_word' id='word_1_83' title='bbox 124 839 182 879; x_wconf 85' lang='lat' dir='ltr'>ad</span> <span class='ocrx_word' id='word_1_84' title='bbox 206 839 413 880; x_wconf 87' lang='lat' dir='ltr'>Iudicem</span> <span class='ocrx_word' id='word_1_85' title='bbox 446 846 491 880; x_wconf 92' lang='lat' dir='ltr'>et</span> <span class='ocrx_word' id='word_1_86' title='bbox 521 841 579 880; x_wconf 91' lang='lat' dir='ltr'>ab</span> <span class='ocrx_word' id='word_1_87' title='bbox 606 841 695 887; x_wconf 88' lang='lat' dir='ltr'>hoc</span> <span class='ocrx_word' id='word_1_88' title='bbox 731 841 790 881; x_wconf 85' lang='lat' dir='ltr'>ad</span> <span class='ocrx_word' id='word_1_89' title='bbox 822 841 951 881; x_wconf 92' lang='lat' dir='ltr'>illum</span> <span class='ocrx_word' id='word_1_90' title='bbox 987 852 1128 891; x_wconf 89' lang='lat' dir='ltr'>saepe</span> <span class='ocrx_word' id='word_1_91' title='bbox 1164 841 1415 891; x_wconf 79' lang='lat' dir='ltr'>cursitare,</span> <span class='ocrx_word' id='word_1_92' title='bbox 1449 842 1770 892; x_wconf 79' lang='lat' dir='ltr'>speculatores</span> 
     </span>
     <span class='ocr_line' id='line_1_11' title="bbox 122 912 1770 964; baseline 0.001 -13"><span class='ocrx_word' id='word_1_93' title='bbox 122 912 264 951; x_wconf 88' lang='lat' dir='ltr'>etiam</span> <span class='ocrx_word' id='word_1_94' title='bbox 294 912 436 952; x_wconf 88' lang='lat' dir='ltr'>certis</span> <span class='ocrx_word' id='word_1_95' title='bbox 462 912 578 952; x_wconf 90' lang='lat' dir='ltr'>locis</span> <span class='ocrx_word' id='word_1_96' title='bbox 609 913 910 962; x_wconf 86' lang='lat' dir='ltr'>constituere,</span> <span class='ocrx_word' id='word_1_97' title='bbox 934 918 983 951; x_wconf 91' lang='lat' dir='ltr'>ut</span> <span class='ocrx_word' id='word_1_98' title='bbox 1010 912 1267 963; x_wconf 80' lang='lat' dir='ltr'>exploratis</span> <span class='ocrx_word' id='word_1_99' title='bbox 1289 913 1525 961; x_wconf 89' lang='lat' dir='ltr'>omnibus,</span> <span class='ocrx_word' id='word_1_100' title='bbox 1557 925 1676 964; x_wconf 91' lang='lat' dir='ltr'>quae</span> <span class='ocrx_word' id='word_1_101' title='bbox 1715 914 1770 953; x_wconf 88' lang='lat' dir='ltr'>de</span> 
     </span>
     <span class='ocr_line' id='line_1_12' title="bbox 122 983 1771 1035; baseline 0.001 -13"><span class='ocrx_word' id='word_1_102' title='bbox 122 983 212 1023; x_wconf 90' lang='lat' dir='ltr'>illis</span> <span class='ocrx_word' id='word_1_103' title='bbox 233 984 588 1035; x_wconf 83' lang='lat' dir='ltr'>comperissent,</span> <span class='ocrx_word' id='word_1_104' title='bbox 612 985 745 1024; x_wconf 90' lang='lat' dir='ltr'>nobis</span> <span class='ocrx_word' id='word_1_105' title='bbox 767 984 1010 1034; x_wconf 87' lang='lat' dir='ltr'>referrent,</span> <span class='ocrx_word' id='word_1_106' title='bbox 1036 990 1080 1024; x_wconf 94' lang='lat' dir='ltr'>et</span> <span class='ocrx_word' id='word_1_107' title='bbox 1103 984 1289 1024; x_wconf 90' lang='lat' dir='ltr'>demum</span> <span class='ocrx_word' id='word_1_108' title='bbox 1319 984 1430 1024; x_wconf 88' lang='lat' dir='ltr'>totis</span> <span class='ocrx_word' id='word_1_109' title='bbox 1458 984 1636 1024; x_wconf 84' lang='lat' dir='ltr'>viribus</span> <span class='ocrx_word' id='word_1_110' title='bbox 1664 996 1771 1024; x_wconf 93' lang='lat' dir='ltr'>con-</span> 
     </span>
     <span class='ocr_line' id='line_1_13' title="bbox 122 1054 1768 1107; baseline 0 -14"><span class='ocrx_word' id='word_1_111' title='bbox 122 1054 314 1094; x_wconf 90' lang='lat' dir='ltr'>tendere</span> <span class='ocrx_word' id='word_1_112' title='bbox 335 1062 384 1095; x_wconf 91' lang='lat' dir='ltr'>ut</span> <span class='ocrx_word' id='word_1_113' title='bbox 406 1057 734 1107; x_wconf 89' lang='lat' dir='ltr'>quaestuarias</span> <span class='ocrx_word' id='word_1_114' title='bbox 760 1055 865 1095; x_wconf 89' lang='lat' dir='ltr'>illas</span> <span class='ocrx_word' id='word_1_115' title='bbox 894 1055 1124 1095; x_wconf 88' lang='lat' dir='ltr'>foeminas</span> <span class='ocrx_word' id='word_1_116' title='bbox 1148 1067 1174 1094; x_wconf 89' lang='lat' dir='ltr'>a</span> <span class='ocrx_word' id='word_1_117' title='bbox 1197 1055 1469 1095; x_wconf 88' lang='lat' dir='ltr'>diversoriis</span> <span class='ocrx_word' id='word_1_118' title='bbox 1501 1056 1768 1107; x_wconf 71' lang='lat' dir='ltr'>expelleret.</span> 
     </span>
     <span class='ocr_line' id='line_1_14' title="bbox 122 1125 1771 1177; baseline 0.001 -12"><span class='ocrx_word' id='word_1_119' title='bbox 122 1125 320 1166; x_wconf 88' lang='lat' dir='ltr'>Factum</span> <span class='ocrx_word' id='word_1_120' title='bbox 343 1133 412 1167; x_wconf 89' lang='lat' dir='ltr'>est</span> <span class='ocrx_word' id='word_1_121' title='bbox 434 1127 576 1167; x_wconf 90' lang='lat' dir='ltr'>etiam</span> <span class='ocrx_word' id='word_1_122' title='bbox 599 1127 756 1167; x_wconf 87' lang='lat' dir='ltr'>divina</span> <span class='ocrx_word' id='word_1_123' title='bbox 785 1126 1108 1167; x_wconf 82' lang='lat' dir='ltr'>misericordia</span> <span class='ocrx_word' id='word_1_124' title='bbox 1130 1132 1178 1165; x_wconf 92' lang='lat' dir='ltr'>ut</span> <span class='ocrx_word' id='word_1_125' title='bbox 1200 1126 1390 1177; x_wconf 89' lang='lat' dir='ltr'>quidam</span> <span class='ocrx_word' id='word_1_126' title='bbox 1423 1127 1771 1167; x_wconf 84' lang='lat' dir='ltr'>matrimonium</span> 
     </span>
     <span class='ocr_line' id='line_1_15' title="bbox 123 1197 1768 1250; baseline 0.001 -13"><span class='ocrx_word' id='word_1_127' title='bbox 123 1198 477 1249; x_wconf 85' lang='lat' dir='ltr'>contraherent,</span> <span class='ocrx_word' id='word_1_128' title='bbox 507 1211 565 1239; x_wconf 77' lang='lat' dir='ltr'>ex</span> <span class='ocrx_word' id='word_1_129' title='bbox 594 1199 761 1250; x_wconf 90' lang='lat' dir='ltr'>quibus</span> <span class='ocrx_word' id='word_1_130' title='bbox 793 1199 964 1250; x_wconf 88' lang='lat' dir='ltr'>partim</span> <span class='ocrx_word' id='word_1_131' title='bbox 986 1209 1089 1247; x_wconf 79' lang='lat' dir='ltr'>sex,</span> <span class='ocrx_word' id='word_1_132' title='bbox 1120 1197 1292 1249; x_wconf 88' lang='lat' dir='ltr'>partim</span> <span class='ocrx_word' id='word_1_133' title='bbox 1327 1197 1393 1249; x_wconf 85' lang='lat'>10,</span> <span class='ocrx_word' id='word_1_134' title='bbox 1426 1204 1505 1238; x_wconf 87' lang='lat' dir='ltr'>aut</span> <span class='ocrx_word' id='word_1_135' title='bbox 1533 1198 1673 1238; x_wconf 87' lang='lat' dir='ltr'>etiam</span> <span class='ocrx_word' id='word_1_136' title='bbox 1708 1199 1768 1247; x_wconf 78' lang='lat'>12,</span> 
     </span>
     <span class='ocr_line' id='line_1_16' title="bbox 122 1270 1773 1321; baseline 0.001 -12"><span class='ocrx_word' id='word_1_137' title='bbox 122 1281 272 1309; x_wconf 90' lang='lat' dir='ltr'>annos</span> <span class='ocrx_word' id='word_1_138' title='bbox 307 1270 354 1309; x_wconf 93' lang='lat' dir='ltr'>in</span> <span class='ocrx_word' id='word_1_139' title='bbox 396 1270 637 1310; x_wconf 86' lang='lat' dir='ltr'>mortifero</span> <span class='ocrx_word' id='word_1_140' title='bbox 674 1270 990 1310; x_wconf 88' lang='lat' dir='ltr'>concubinatu</span> <span class='ocrx_word' id='word_1_141' title='bbox 1024 1276 1476 1321; x_wconf 78' lang='lat' dir='ltr'>perseveraverant,</span> <span class='ocrx_word' id='word_1_142' title='bbox 1515 1276 1656 1321; x_wconf 91' lang='lat' dir='ltr'>utque</span> <span class='ocrx_word' id='word_1_143' title='bbox 1695 1270 1773 1310; x_wconf 89' lang='lat' dir='ltr'>alii</span> 
     </span>
     <span class='ocr_line' id='line_1_17' title="bbox 122 1340 1773 1393; baseline -0.001 -12"><span class='ocrx_word' id='word_1_144' title='bbox 122 1342 443 1392; x_wconf 82' lang='lat' dir='ltr'>quamplures,</span> <span class='ocrx_word' id='word_1_145' title='bbox 468 1341 790 1393; x_wconf 88' lang='lat' dir='ltr'>turpissimum</span> <span class='ocrx_word' id='word_1_146' title='bbox 810 1341 923 1381; x_wconf 88' lang='lat' dir='ltr'>illud</span> <span class='ocrx_word' id='word_1_147' title='bbox 943 1347 1193 1392; x_wconf 85' lang='lat' dir='ltr'>peccatum</span> <span class='ocrx_word' id='word_1_148' title='bbox 1215 1340 1501 1380; x_wconf 91' lang='lat' dir='ltr'>detestantes</span> <span class='ocrx_word' id='word_1_149' title='bbox 1520 1373 1527 1391; x_wconf 94' lang='lat'>,</span> <span class='ocrx_word' id='word_1_150' title='bbox 1559 1342 1773 1381; x_wconf 85' lang='lat' dir='ltr'>concubi-</span> 
     </span>
     <span class='ocr_line' id='line_1_18' title="bbox 122 1411 1775 1463; baseline 0.001 -11"><span class='ocrx_word' id='word_1_151' title='bbox 122 1424 210 1452; x_wconf 89' lang='lat' dir='ltr'>nas</span> <span class='ocrx_word' id='word_1_152' title='bbox 231 1412 537 1463; x_wconf 82' lang='lat' dir='ltr'>dimitterent3</span> <span class='ocrx_word' id='word_1_153' title='bbox 562 1412 607 1452; x_wconf 90' lang='lat' dir='ltr'>id</span> <span class='ocrx_word' id='word_1_154' title='bbox 638 1412 761 1462; x_wconf 88' lang='lat' dir='ltr'>quod</span> <span class='ocrx_word' id='word_1_155' title='bbox 784 1413 841 1452; x_wconf 88' lang='lat' dir='ltr'>ab</span> <span class='ocrx_word' id='word_1_156' title='bbox 864 1412 954 1452; x_wconf 91' lang='lat' dir='ltr'>illis</span> <span class='ocrx_word' id='word_1_157' title='bbox 974 1424 1098 1452; x_wconf 90' lang='lat' dir='ltr'>nunc</span> <span class='ocrx_word' id='word_1_158' title='bbox 1132 1412 1350 1463; x_wconf 87' lang='lat' dir='ltr'>precibus</span> <span class='ocrx_word' id='word_1_159' title='bbox 1382 1411 1616 1461; x_wconf 89' lang='lat' dir='ltr'>instando,</span> <span class='ocrx_word' id='word_1_160' title='bbox 1650 1424 1775 1453; x_wconf 88' lang='lat' dir='ltr'>nunc</span> 
     </span>
     <span class='ocr_line' id='line_1_19' title="bbox 121 1482 1772 1535; baseline 0 -11"><span class='ocrx_word' id='word_1_161' title='bbox 121 1483 285 1535; x_wconf 89' lang='lat' dir='ltr'>poenis</span> <span class='ocrx_word' id='word_1_162' title='bbox 306 1484 476 1524; x_wconf 87' lang='lat' dir='ltr'>inferni</span> <span class='ocrx_word' id='word_1_163' title='bbox 508 1490 551 1524; x_wconf 93' lang='lat' dir='ltr'>et</span> <span class='ocrx_word' id='word_1_164' title='bbox 581 1485 746 1524; x_wconf 88' lang='lat' dir='ltr'>mortis</span> <span class='ocrx_word' id='word_1_165' title='bbox 773 1484 1000 1524; x_wconf 89' lang='lat' dir='ltr'>memoria</span> <span class='ocrx_word' id='word_1_166' title='bbox 1032 1490 1262 1523; x_wconf 90' lang='lat' dir='ltr'>terrorem</span> <span class='ocrx_word' id='word_1_167' title='bbox 1294 1482 1578 1534; x_wconf 89' lang='lat' dir='ltr'>incutiendo,</span> <span class='ocrx_word' id='word_1_168' title='bbox 1613 1495 1772 1524; x_wconf 89' lang='lat' dir='ltr'>conse-</span> 
     </span>
     <span class='ocr_line' id='line_1_20' title="bbox 122 1555 1774 1607; baseline -0.001 -12"><span class='ocrx_word' id='word_1_169' title='bbox 122 1556 217 1595; x_wconf 91' lang='lat' dir='ltr'>cuti</span> <span class='ocrx_word' id='word_1_170' title='bbox 239 1567 413 1596; x_wconf 89' lang='lat' dir='ltr'>sumus.</span> <span class='ocrx_word' id='word_1_171' title='bbox 440 1555 611 1596; x_wconf 86' lang='lat' dir='ltr'>Odium</span> <span class='ocrx_word' id='word_1_172' title='bbox 636 1567 778 1607; x_wconf 88' lang='lat' dir='ltr'>porro</span> <span class='ocrx_word' id='word_1_173' title='bbox 807 1567 861 1595; x_wconf 90' lang='lat' dir='ltr'>ac</span> <span class='ocrx_word' id='word_1_174' title='bbox 883 1555 1236 1605; x_wconf 81' lang='lat' dir='ltr'>malevolentia,</span> <span class='ocrx_word' id='word_1_175' title='bbox 1264 1555 1418 1606; x_wconf 80' lang='lat' dir='ltr'>iurgia</span> <span class='ocrx_word' id='word_1_176' title='bbox 1440 1561 1484 1595; x_wconf 89' lang='lat' dir='ltr'>et</span> <span class='ocrx_word' id='word_1_177' title='bbox 1516 1555 1774 1595; x_wconf 85' lang='lat' dir='ltr'>contentio-</span> 
     </span>
     <span class='ocr_line' id='line_1_21' title="bbox 120 1625 1770 1679; baseline -0.001 -12"><span class='ocrx_word' id='word_1_178' title='bbox 120 1638 204 1667; x_wconf 89' lang='lat' dir='ltr'>nes</span> <span class='ocrx_word' id='word_1_179' title='bbox 231 1639 325 1667; x_wconf 88' lang='lat' dir='ltr'>non</span> <span class='ocrx_word' id='word_1_180' title='bbox 357 1627 420 1667; x_wconf 90' lang='lat' dir='ltr'>ita</span> <span class='ocrx_word' id='word_1_181' title='bbox 451 1628 614 1679; x_wconf 82' lang='lat' dir='ltr'>vigent</span> <span class='ocrx_word' id='word_1_182' title='bbox 641 1639 764 1667; x_wconf 91' lang='lat' dir='ltr'>nunc</span> <span class='ocrx_word' id='word_1_183' title='bbox 790 1634 839 1668; x_wconf 91' lang='lat' dir='ltr'>ut</span> <span class='ocrx_word' id='word_1_184' title='bbox 872 1633 1032 1677; x_wconf 79' lang='lat' dir='ltr'>antea3</span> <span class='ocrx_word' id='word_1_185' title='bbox 1065 1625 1315 1678; x_wconf 87' lang='lat' dir='ltr'>siquidem,</span> <span class='ocrx_word' id='word_1_186' title='bbox 1356 1627 1480 1678; x_wconf 93' lang='lat' dir='ltr'>quod</span> <span class='ocrx_word' id='word_1_187' title='bbox 1515 1627 1770 1678; x_wconf 88' lang='lat' dir='ltr'>potuimus,</span> 
     </span>
     <span class='ocr_line' id='line_1_22' title="bbox 121 1697 1776 1749; baseline 0 -12"><span class='ocrx_word' id='word_1_188' title='bbox 121 1699 456 1749; x_wconf 75' lang='lat' dir='ltr'>laboravimus,</span> <span class='ocrx_word' id='word_1_189' title='bbox 482 1705 530 1739; x_wconf 89' lang='lat' dir='ltr'>ut</span> <span class='ocrx_word' id='word_1_190' title='bbox 552 1699 812 1739; x_wconf 89' lang='lat' dir='ltr'>concordes</span> <span class='ocrx_word' id='word_1_191' title='bbox 829 1705 874 1739; x_wconf 92' lang='lat' dir='ltr'>et</span> <span class='ocrx_word' id='word_1_192' title='bbox 892 1698 1140 1738; x_wconf 90' lang='lat' dir='ltr'>unanimes</span> <span class='ocrx_word' id='word_1_193' title='bbox 1158 1709 1253 1737; x_wconf 88' lang='lat' dir='ltr'>oes.</span> <span class='ocrx_word' id='word_1_194' title='bbox 1275 1697 1594 1737; x_wconf 88' lang='lat' dir='ltr'>redderemus.</span> <span class='ocrx_word' id='word_1_195' title='bbox 1618 1697 1776 1748; x_wconf 84' lang='lat' dir='ltr'>Quare</span> 
     </span>
     <span class='ocr_line' id='line_1_23' title="bbox 122 1769 1777 1821; baseline -0.001 -11"><span class='ocrx_word' id='word_1_196' title='bbox 122 1770 216 1810; x_wconf 89' lang='lat' dir='ltr'>iarn</span> <span class='ocrx_word' id='word_1_197' title='bbox 238 1770 312 1809; x_wconf 90' lang='lat' dir='ltr'>hic</span> <span class='ocrx_word' id='word_1_198' title='bbox 336 1770 456 1810; x_wconf 90' lang='lat' dir='ltr'>inter</span> <span class='ocrx_word' id='word_1_199' title='bbox 478 1782 558 1810; x_wconf 93' lang='lat' dir='ltr'>eos</span> <span class='ocrx_word' id='word_1_200' title='bbox 580 1782 681 1810; x_wconf 90' lang='lat' dir='ltr'>mos</span> <span class='ocrx_word' id='word_1_201' title='bbox 703 1776 772 1810; x_wconf 90' lang='lat' dir='ltr'>est</span> <span class='ocrx_word' id='word_1_202' title='bbox 794 1777 858 1820; x_wconf 85' lang='lat' dir='ltr'>ut,</span> <span class='ocrx_word' id='word_1_203' title='bbox 881 1770 960 1809; x_wconf 89' lang='lat' dir='ltr'>ubi</span> <span class='ocrx_word' id='word_1_204' title='bbox 980 1770 1185 1821; x_wconf 88' lang='lat' dir='ltr'>primum</span> <span class='ocrx_word' id='word_1_205' title='bbox 1208 1769 1352 1820; x_wconf 86' lang='lat' dir='ltr'>aliqui</span> <span class='ocrx_word' id='word_1_206' title='bbox 1373 1781 1398 1809; x_wconf 90' lang='lat' dir='ltr'>a</span> <span class='ocrx_word' id='word_1_207' title='bbox 1421 1780 1524 1820; x_wconf 82' lang='lat' dir='ltr'>gra.</span> <span class='ocrx_word' id='word_1_208' title='bbox 1549 1769 1777 1809; x_wconf 87' lang='lat' dir='ltr'>desiliisse</span> 
     </span>
     <span class='ocr_line' id='line_1_24' title="bbox 122 1840 1777 1892; baseline -0.001 -11"><span class='ocrx_word' id='word_1_209' title='bbox 122 1842 400 1892; x_wconf 88' lang='lat' dir='ltr'>sentiuntur,</span> <span class='ocrx_word' id='word_1_210' title='bbox 440 1842 661 1882; x_wconf 90' lang='lat' dir='ltr'>continuo</span> <span class='ocrx_word' id='word_1_211' title='bbox 696 1853 921 1881; x_wconf 88' lang='lat' dir='ltr'>vocemur</span> <span class='ocrx_word' id='word_1_212' title='bbox 957 1848 1007 1880; x_wconf 94' lang='lat' dir='ltr'>ut</span> <span class='ocrx_word' id='word_1_213' title='bbox 1040 1852 1125 1892; x_wconf 90' lang='lat' dir='ltr'>per</span> <span class='ocrx_word' id='word_1_214' title='bbox 1153 1852 1238 1880; x_wconf 89' lang='lat' dir='ltr'>nos</span> <span class='ocrx_word' id='word_1_215' title='bbox 1264 1840 1329 1880; x_wconf 90' lang='lat' dir='ltr'>illi</span> <span class='ocrx_word' id='word_1_216' title='bbox 1365 1840 1454 1891; x_wconf 90' lang='lat' dir='ltr'>ipsi</span> <span class='ocrx_word' id='word_1_217' title='bbox 1488 1841 1535 1880; x_wconf 89' lang='lat' dir='ltr'>in</span> <span class='ocrx_word' id='word_1_218' title='bbox 1573 1841 1777 1891; x_wconf 82' lang='lat' dir='ltr'>gratiam</span> 
     </span>
     <span class='ocr_line' id='line_1_25' title="bbox 123 1911 1777 1964; baseline 0 -13"><span class='ocrx_word' id='word_1_219' title='bbox 123 1912 318 1952; x_wconf 86' lang='lat' dir='ltr'>redeant</span> <span class='ocrx_word' id='word_1_220' title='bbox 339 1919 385 1952; x_wconf 89' lang='lat' dir='ltr'>et</span> <span class='ocrx_word' id='word_1_221' title='bbox 406 1913 453 1952; x_wconf 91' lang='lat' dir='ltr'>in</span> <span class='ocrx_word' id='word_1_222' title='bbox 474 1925 590 1964; x_wconf 88' lang='lat' dir='ltr'>pace</span> <span class='ocrx_word' id='word_1_223' title='bbox 619 1913 979 1953; x_wconf 88' lang='lat' dir='ltr'>constituantur.</span> <span class='ocrx_word' id='word_1_224' title='bbox 1012 1911 1089 1952; x_wconf 82' lang='lat' dir='ltr'>Ad</span> <span class='ocrx_word' id='word_1_225' title='bbox 1117 1911 1241 1963; x_wconf 89' lang='lat' dir='ltr'>quod</span> <span class='ocrx_word' id='word_1_226' title='bbox 1274 1922 1363 1951; x_wconf 91' lang='lat' dir='ltr'>nos</span> <span class='ocrx_word' id='word_1_227' title='bbox 1392 1911 1578 1963; x_wconf 89' lang='lat' dir='ltr'>quidem</span> <span class='ocrx_word' id='word_1_228' title='bbox 1610 1912 1777 1952; x_wconf 88' lang='lat' dir='ltr'>instru-</span> 
     </span>
     <span class='ocr_line' id='line_1_26' title="bbox 123 1983 1774 2036; baseline -0.001 -12"><span class='ocrx_word' id='word_1_229' title='bbox 123 1985 266 2024; x_wconf 89' lang='lat' dir='ltr'>menti</span> <span class='ocrx_word' id='word_1_230' title='bbox 288 1983 489 2024; x_wconf 80' lang='lat' dir='ltr'>officium</span> <span class='ocrx_word' id='word_1_231' title='bbox 511 1985 806 2036; x_wconf 80' lang='lat' dir='ltr'>exequimur3</span> <span class='ocrx_word' id='word_1_232' title='bbox 838 1984 1061 2024; x_wconf 84' lang='lat' dir='ltr'>virtutem</span> <span class='ocrx_word' id='word_1_233' title='bbox 1082 1983 1243 2023; x_wconf 81' lang='lat' dir='ltr'>divina</span> <span class='ocrx_word' id='word_1_234' title='bbox 1271 1983 1458 2023; x_wconf 86' lang='lat' dir='ltr'>bonitas</span> <span class='ocrx_word' id='word_1_235' title='bbox 1488 1989 1698 2034; x_wconf 88' lang='lat' dir='ltr'>praestat</span> <span class='ocrx_word' id='word_1_236' title='bbox 1730 1990 1774 2023; x_wconf 89' lang='lat' dir='ltr'>et</span> 
     </span>
     <span class='ocr_line' id='line_1_27' title="bbox 123 2055 1776 2108; baseline -0.001 -12"><span class='ocrx_word' id='word_1_237' title='bbox 123 2056 334 2096; x_wconf 85' lang='lat' dir='ltr'>defectus</span> <span class='ocrx_word' id='word_1_238' title='bbox 368 2063 557 2096; x_wconf 89' lang='lat' dir='ltr'>nostros</span> <span class='ocrx_word' id='word_1_239' title='bbox 590 2056 771 2108; x_wconf 89' lang='lat' dir='ltr'>perficit</span> <span class='ocrx_word' id='word_1_240' title='bbox 806 2056 930 2107; x_wconf 87' lang='lat' dir='ltr'>ipsa,</span> <span class='ocrx_word' id='word_1_241' title='bbox 963 2067 1081 2107; x_wconf 90' lang='lat' dir='ltr'>quae</span> <span class='ocrx_word' id='word_1_242' title='bbox 1112 2067 1196 2106; x_wconf 92' lang='lat' dir='ltr'>per</span> <span class='ocrx_word' id='word_1_243' title='bbox 1218 2055 1377 2094; x_wconf 88' lang='lat' dir='ltr'>carnis</span> <span class='ocrx_word' id='word_1_244' title='bbox 1413 2055 1676 2095; x_wconf 87' lang='lat' dir='ltr'>mirabilem</span> <span class='ocrx_word' id='word_1_245' title='bbox 1707 2067 1776 2095; x_wconf 91' lang='lat' dir='ltr'>as-</span> 
     </span>
     <span class='ocr_line' id='line_1_28' title="bbox 124 2126 1776 2178; baseline 0 -12"><span class='ocrx_word' id='word_1_246' title='bbox 124 2127 439 2177; x_wconf 87' lang='lat' dir='ltr'>sumptionem</span> <span class='ocrx_word' id='word_1_247' title='bbox 462 2127 520 2167; x_wconf 92' lang='lat' dir='ltr'>ad</span> <span class='ocrx_word' id='word_1_248' title='bbox 541 2139 627 2167; x_wconf 89' lang='lat' dir='ltr'>nos</span> <span class='ocrx_word' id='word_1_249' title='bbox 649 2126 959 2177; x_wconf 89' lang='lat' dir='ltr'>descendens,</span> <span class='ocrx_word' id='word_1_250' title='bbox 984 2127 1187 2178; x_wconf 90' lang='lat' dir='ltr'>primum</span> <span class='ocrx_word' id='word_1_251' title='bbox 1222 2126 1488 2166; x_wconf 87' lang='lat' dir='ltr'>hominibus</span> <span class='ocrx_word' id='word_1_252' title='bbox 1517 2138 1703 2177; x_wconf 86' lang='lat' dir='ltr'>pacem,</span> <span class='ocrx_word' id='word_1_253' title='bbox 1728 2134 1776 2166; x_wconf 90' lang='lat' dir='ltr'>ut</span> 
     </span>
     <span class='ocr_line' id='line_1_29' title="bbox 124 2197 1776 2250; baseline -0.001 -12"><span class='ocrx_word' id='word_1_254' title='bbox 124 2210 222 2238; x_wconf 92' lang='lat' dir='ltr'>rem</span> <span class='ocrx_word' id='word_1_255' title='bbox 245 2209 541 2250; x_wconf 90' lang='lat' dir='ltr'>summopere</span> <span class='ocrx_word' id='word_1_256' title='bbox 562 2198 904 2249; x_wconf 88' lang='lat' dir='ltr'>necessariam,</span> <span class='ocrx_word' id='word_1_257' title='bbox 928 2198 1079 2238; x_wconf 89' lang='lat' dir='ltr'>bonae</span> <span class='ocrx_word' id='word_1_258' title='bbox 1100 2197 1358 2237; x_wconf 90' lang='lat' dir='ltr'>voluntatis</span> <span class='ocrx_word' id='word_1_259' title='bbox 1386 2197 1602 2247; x_wconf 78' lang='lat' dir='ltr'>donavit3</span> <span class='ocrx_word' id='word_1_260' title='bbox 1638 2204 1776 2249; x_wconf 88' lang='lat' dir='ltr'>atque</span> 
     </span>
     <span class='ocr_line' id='line_1_30' title="bbox 124 2269 1777 2320; baseline -0.001 -10"><span class='ocrx_word' id='word_1_261' title='bbox 124 2270 279 2310; x_wconf 88' lang='lat' dir='ltr'>isthuc</span> <span class='ocrx_word' id='word_1_262' title='bbox 300 2281 414 2315; x_wconf 87' lang='lat' dir='ltr'>sane</span> <span class='ocrx_word' id='word_1_263' title='bbox 436 2281 531 2310; x_wconf 90' lang='lat' dir='ltr'>oes.</span> <span class='ocrx_word' id='word_1_264' title='bbox 556 2271 787 2310; x_wconf 88' lang='lat' dir='ltr'>mirantur</span> <span class='ocrx_word' id='word_1_265' title='bbox 803 2276 984 2310; x_wconf 86' lang='lat' dir='ltr'>tantam</span> <span class='ocrx_word' id='word_1_266' title='bbox 1006 2269 1186 2310; x_wconf 90' lang='lat' dir='ltr'>scilicet</span> <span class='ocrx_word' id='word_1_267' title='bbox 1208 2280 1373 2320; x_wconf 91' lang='lat' dir='ltr'>pacem</span> <span class='ocrx_word' id='word_1_268' title='bbox 1397 2275 1440 2308; x_wconf 93' lang='lat' dir='ltr'>et</span> <span class='ocrx_word' id='word_1_269' title='bbox 1472 2269 1777 2309; x_wconf 85' lang='lat' dir='ltr'>concordiam</span> 
     </span>
     <span class='ocr_line' id='line_1_31' title="bbox 125 2340 1774 2393; baseline -0.001 -12"><span class='ocrx_word' id='word_1_270' title='bbox 125 2342 246 2381; x_wconf 88' lang='lat' dir='ltr'>inter</span> <span class='ocrx_word' id='word_1_271' title='bbox 267 2353 348 2381; x_wconf 90' lang='lat' dir='ltr'>eos</span> <span class='ocrx_word' id='word_1_272' title='bbox 369 2353 495 2392; x_wconf 91' lang='lat' dir='ltr'>esse,</span> <span class='ocrx_word' id='word_1_273' title='bbox 522 2342 601 2393; x_wconf 91' lang='lat' dir='ltr'>qui</span> <span class='ocrx_word' id='word_1_274' title='bbox 623 2341 686 2381; x_wconf 85' lang='lat' dir='ltr'>ita</span> <span class='ocrx_word' id='word_1_275' title='bbox 708 2353 856 2392; x_wconf 88' lang='lat' dir='ltr'>nuper</span> <span class='ocrx_word' id='word_1_276' title='bbox 878 2341 1116 2381; x_wconf 88' lang='lat' dir='ltr'>vindictae</span> <span class='ocrx_word' id='word_1_277' title='bbox 1138 2340 1299 2390; x_wconf 89' lang='lat' dir='ltr'>amici,</span> <span class='ocrx_word' id='word_1_278' title='bbox 1324 2340 1388 2380; x_wconf 90' lang='lat' dir='ltr'>ita</span> <span class='ocrx_word' id='word_1_279' title='bbox 1411 2340 1600 2391; x_wconf 89' lang='lat' dir='ltr'>superbi</span> <span class='ocrx_word' id='word_1_280' title='bbox 1630 2352 1686 2380; x_wconf 88' lang='lat' dir='ltr'>ac</span> <span class='ocrx_word' id='word_1_281' title='bbox 1712 2340 1774 2380; x_wconf 92' lang='lat' dir='ltr'>in-</span> 
     </span>
     <span class='ocr_line' id='line_1_32' title="bbox 127 2410 1775 2463; baseline 0 -11"><span class='ocrx_word' id='word_1_282' title='bbox 127 2413 329 2452; x_wconf 92' lang='lat' dir='ltr'>solentes</span> <span class='ocrx_word' id='word_1_283' title='bbox 350 2412 556 2463; x_wconf 88' lang='lat' dir='ltr'>fuerant,</span> <span class='ocrx_word' id='word_1_284' title='bbox 579 2419 629 2453; x_wconf 89' lang='lat' dir='ltr'>ut</span> <span class='ocrx_word' id='word_1_285' title='bbox 649 2424 744 2453; x_wconf 92' lang='lat' dir='ltr'>non</span> <span class='ocrx_word' id='word_1_286' title='bbox 765 2414 917 2453; x_wconf 90' lang='lat' dir='ltr'>solum</span> <span class='ocrx_word' id='word_1_287' title='bbox 938 2413 1114 2452; x_wconf 90' lang='lat' dir='ltr'>malum</span> <span class='ocrx_word' id='word_1_288' title='bbox 1147 2423 1229 2463; x_wconf 86' lang='lat' dir='ltr'>pro</span> <span class='ocrx_word' id='word_1_289' title='bbox 1257 2412 1381 2451; x_wconf 89' lang='lat' dir='ltr'>malo</span> <span class='ocrx_word' id='word_1_290' title='bbox 1405 2410 1486 2451; x_wconf 87' lang='lat' dir='ltr'>sed</span> <span class='ocrx_word' id='word_1_291' title='bbox 1518 2411 1658 2451; x_wconf 88' lang='lat' dir='ltr'>etiam</span> <span class='ocrx_word' id='word_1_292' title='bbox 1690 2423 1775 2463; x_wconf 88' lang='lat' dir='ltr'>pro</span> 
     </span>
     <span class='ocr_line' id='line_1_33' title="bbox 125 2482 1774 2535; baseline -0.001 -12"><span class='ocrx_word' id='word_1_293' title='bbox 125 2484 247 2523; x_wconf 91' lang='lat' dir='ltr'>bono</span> <span class='ocrx_word' id='word_1_294' title='bbox 270 2485 445 2523; x_wconf 89' lang='lat' dir='ltr'>malum</span> <span class='ocrx_word' id='word_1_295' title='bbox 465 2483 737 2533; x_wconf 87' lang='lat' dir='ltr'>redderent,</span> <span class='ocrx_word' id='word_1_296' title='bbox 761 2495 906 2535; x_wconf 92' lang='lat' dir='ltr'>nunc,</span> <span class='ocrx_word' id='word_1_297' title='bbox 939 2485 1042 2524; x_wconf 87' lang='lat' dir='ltr'>laus</span> <span class='ocrx_word' id='word_1_298' title='bbox 1075 2483 1177 2534; x_wconf 87' lang='lat' dir='ltr'>deo,</span> <span class='ocrx_word' id='word_1_299' title='bbox 1209 2494 1296 2522; x_wconf 93' lang='lat' dir='ltr'>nec</span> <span class='ocrx_word' id='word_1_300' title='bbox 1326 2482 1503 2522; x_wconf 90' lang='lat' dir='ltr'>malum</span> <span class='ocrx_word' id='word_1_301' title='bbox 1534 2493 1618 2533; x_wconf 91' lang='lat' dir='ltr'>pro</span> <span class='ocrx_word' id='word_1_302' title='bbox 1650 2484 1774 2523; x_wconf 86' lang='lat' dir='ltr'>malo</span> 
     </span>
     <span class='ocr_line' id='line_1_34' title="bbox 127 2553 1776 2606; baseline 0 -12"><span class='ocrx_word' id='word_1_303' title='bbox 127 2555 209 2595; x_wconf 92' lang='lat' dir='ltr'>sed</span> <span class='ocrx_word' id='word_1_304' title='bbox 242 2555 398 2606; x_wconf 86' lang='lat' dir='ltr'>potius</span> <span class='ocrx_word' id='word_1_305' title='bbox 433 2566 519 2606; x_wconf 89' lang='lat' dir='ltr'>pro</span> <span class='ocrx_word' id='word_1_306' title='bbox 553 2556 677 2595; x_wconf 89' lang='lat' dir='ltr'>malo</span> <span class='ocrx_word' id='word_1_307' title='bbox 712 2555 908 2596; x_wconf 89' lang='lat' dir='ltr'>bonum:</span> <span class='ocrx_word' id='word_1_308' title='bbox 944 2561 994 2595; x_wconf 91' lang='lat' dir='ltr'>ut</span> <span class='ocrx_word' id='word_1_309' title='bbox 1028 2566 1170 2606; x_wconf 86' lang='lat' dir='ltr'>saepe</span> <span class='ocrx_word' id='word_1_310' title='bbox 1206 2554 1296 2604; x_wconf 90' lang='lat' dir='ltr'>ipsi</span> <span class='ocrx_word' id='word_1_311' title='bbox 1338 2553 1622 2604; x_wconf 81' lang='lat' dir='ltr'>experimur,</span> <span class='ocrx_word' id='word_1_312' title='bbox 1666 2554 1776 2594; x_wconf 89' lang='lat' dir='ltr'>dum</span> 
     </span>
     <span class='ocr_line' id='line_1_35' title="bbox 126 2624 1773 2678; baseline -0.002 -12"><span class='ocrx_word' id='word_1_313' title='bbox 126 2625 284 2675; x_wconf 90' lang='lat' dir='ltr'>iidem,</span> <span class='ocrx_word' id='word_1_314' title='bbox 323 2626 489 2678; x_wconf 90' lang='lat' dir='ltr'>quibus</span> <span class='ocrx_word' id='word_1_315' title='bbox 525 2625 696 2666; x_wconf 87' lang='lat' dir='ltr'>accidit</span> <span class='ocrx_word' id='word_1_316' title='bbox 723 2625 976 2678; x_wconf 89' lang='lat' dir='ltr'>aliquando</span> <span class='ocrx_word' id='word_1_317' title='bbox 1007 2625 1189 2665; x_wconf 88' lang='lat' dir='ltr'>iniuriis</span> <span class='ocrx_word' id='word_1_318' title='bbox 1217 2636 1273 2664; x_wconf 91' lang='lat' dir='ltr'>ac</span> <span class='ocrx_word' id='word_1_319' title='bbox 1303 2624 1600 2664; x_wconf 88' lang='lat' dir='ltr'>contumeliis</span> <span class='ocrx_word' id='word_1_320' title='bbox 1636 2624 1773 2674; x_wconf 88' lang='lat' dir='ltr'>affici,</span> 
     </span>
     <span class='ocr_line' id='line_1_36' title="bbox 127 2695 1774 2749; baseline -0.001 -12"><span class='ocrx_word' id='word_1_321' title='bbox 127 2697 235 2749; x_wconf 91' lang='lat' dir='ltr'>quid</span> <span class='ocrx_word' id='word_1_322' title='bbox 256 2698 304 2737; x_wconf 90' lang='lat' dir='ltr'>in</span> <span class='ocrx_word' id='word_1_323' title='bbox 325 2697 594 2738; x_wconf 86' lang='lat' dir='ltr'>huiusmodi</span> <span class='ocrx_word' id='word_1_324' title='bbox 613 2698 753 2738; x_wconf 91' lang='lat' dir='ltr'>rebus</span> <span class='ocrx_word' id='word_1_325' title='bbox 774 2698 863 2738; x_wconf 90' lang='lat' dir='ltr'>sibi</span> <span class='ocrx_word' id='word_1_326' title='bbox 883 2697 943 2737; x_wconf 93' lang='lat' dir='ltr'>sit</span> <span class='ocrx_word' id='word_1_327' title='bbox 963 2695 1231 2737; x_wconf 89' lang='lat' dir='ltr'>faciendum</span> <span class='ocrx_word' id='word_1_328' title='bbox 1253 2707 1279 2735; x_wconf 89' lang='lat' dir='ltr'>a</span> <span class='ocrx_word' id='word_1_329' title='bbox 1302 2695 1438 2735; x_wconf 88' lang='lat' dir='ltr'>nobis</span> <span class='ocrx_word' id='word_1_330' title='bbox 1461 2701 1642 2746; x_wconf 89' lang='lat' dir='ltr'>petunt;</span> <span class='ocrx_word' id='word_1_331' title='bbox 1678 2697 1774 2748; x_wconf 90' lang='lat' dir='ltr'>qui-</span> 
     </span>
     <span class='ocr_line' id='line_1_37' title="bbox 124 2766 1774 2821; baseline -0.002 -12"><span class='ocrx_word' id='word_1_332' title='bbox 124 2769 210 2809; x_wconf 92' lang='lat' dir='ltr'>bus</span> <span class='ocrx_word' id='word_1_333' title='bbox 233 2769 477 2809; x_wconf 90' lang='lat' dir='ltr'>consilium</span> <span class='ocrx_word' id='word_1_334' title='bbox 499 2769 665 2809; x_wconf 90' lang='lat' dir='ltr'>damus</span> <span class='ocrx_word' id='word_1_335' title='bbox 686 2775 736 2809; x_wconf 90' lang='lat' dir='ltr'>ut</span> <span class='ocrx_word' id='word_1_336' title='bbox 757 2769 928 2809; x_wconf 91' lang='lat' dir='ltr'>iudicio</span> <span class='ocrx_word' id='word_1_337' title='bbox 950 2769 1106 2821; x_wconf 89' lang='lat' dir='ltr'>potius</span> <span class='ocrx_word' id='word_1_338' title='bbox 1127 2778 1268 2819; x_wconf 88' lang='lat' dir='ltr'>quam</span> <span class='ocrx_word' id='word_1_339' title='bbox 1296 2766 1440 2806; x_wconf 87' lang='lat' dir='ltr'>armis</span> <span class='ocrx_word' id='word_1_340' title='bbox 1471 2767 1774 2814; x_wconf 69' lang='lat' dir='ltr'>contendant,</span> 
     </span>
     <span class='ocr_line' id='line_1_38' title="bbox 127 2837 1776 2892; baseline -0.002 -11"><span class='ocrx_word' id='word_1_341' title='bbox 127 2841 285 2892; x_wconf 86' lang='lat' dir='ltr'>idque,</span> <span class='ocrx_word' id='word_1_342' title='bbox 318 2847 367 2880; x_wconf 91' lang='lat' dir='ltr'>ut</span> <span class='ocrx_word' id='word_1_343' title='bbox 395 2852 556 2881; x_wconf 90' lang='lat' dir='ltr'>eorum</span> <span class='ocrx_word' id='word_1_344' title='bbox 578 2841 760 2880; x_wconf 89' lang='lat' dir='ltr'>animos</span> <span class='ocrx_word' id='word_1_345' title='bbox 786 2839 892 2880; x_wconf 92' lang='lat' dir='ltr'>odio</span> <span class='ocrx_word' id='word_1_346' title='bbox 926 2850 1204 2891; x_wconf 82' lang='lat' dir='ltr'>purgemus,</span> <span class='ocrx_word' id='word_1_347' title='bbox 1240 2837 1443 2889; x_wconf 86' lang='lat' dir='ltr'>quietem</span> <span class='ocrx_word' id='word_1_348' title='bbox 1474 2838 1776 2878; x_wconf 83' lang='lat' dir='ltr'>conscientiis</span> 
     </span>
     <span class='ocr_line' id='line_1_39' title="bbox 127 2907 1774 2963; baseline -0.002 -11"><span class='ocrx_word' id='word_1_349' title='bbox 127 2917 171 2951; x_wconf 92' lang='lat' dir='ltr'>et</span> <span class='ocrx_word' id='word_1_350' title='bbox 191 2923 357 2963; x_wconf 88' lang='lat' dir='ltr'>pacem</span> <span class='ocrx_word' id='word_1_351' title='bbox 388 2912 434 2951; x_wconf 92' lang='lat' dir='ltr'>in</span> <span class='ocrx_word' id='word_1_352' title='bbox 461 2911 702 2963; x_wconf 76' lang='lat' dir='ltr'>proximos</span> <span class='ocrx_word' id='word_1_353' title='bbox 722 2910 908 2951; x_wconf 87' lang='lat' dir='ltr'>facilius</span> <span class='ocrx_word' id='word_1_354' title='bbox 936 2919 1279 2961; x_wconf 88' lang='lat' dir='ltr'>comparemus.</span> <span class='ocrx_word' id='word_1_355' title='bbox 1304 2907 1402 2948; x_wconf 89' lang='lat' dir='ltr'>Nec</span> <span class='ocrx_word' id='word_1_356' title='bbox 1431 2908 1600 2948; x_wconf 91' lang='lat' dir='ltr'>mirum</span> <span class='ocrx_word' id='word_1_357' title='bbox 1633 2914 1774 2957; x_wconf 86' lang='lat' dir='ltr'>certe,</span> 
     </span>
     <span class='ocr_line' id='line_1_40' title="bbox 127 2978 1776 3033; baseline -0.002 -10"><span class='ocrx_word' id='word_1_358' title='bbox 127 2983 167 3022; x_wconf 87' lang='lat' dir='ltr'>si</span> <span class='ocrx_word' id='word_1_359' title='bbox 188 2989 387 3033; x_wconf 82' lang='lat' dir='ltr'>regnent</span> <span class='ocrx_word' id='word_1_360' title='bbox 408 2983 482 3023; x_wconf 91' lang='lat' dir='ltr'>hic</span> <span class='ocrx_word' id='word_1_361' title='bbox 504 2982 608 3023; x_wconf 89' lang='lat' dir='ltr'>odia</span> <span class='ocrx_word' id='word_1_362' title='bbox 627 3015 634 3033; x_wconf 94' lang='lat'>,</span> <span class='ocrx_word' id='word_1_363' title='bbox 660 2981 934 3031; x_wconf 89' lang='lat' dir='ltr'>seditiones,</span> <span class='ocrx_word' id='word_1_364' title='bbox 960 2987 1046 3021; x_wconf 94' lang='lat' dir='ltr'>etc.</span> <span class='ocrx_word' id='word_1_365' title='bbox 1068 3013 1075 3030; x_wconf 95' lang='lat'>‚</span> <span class='ocrx_word' id='word_1_366' title='bbox 1111 2992 1217 3020; x_wconf 90' lang='lat' dir='ltr'>cum</span> <span class='ocrx_word' id='word_1_367' title='bbox 1240 2979 1298 3020; x_wconf 87' lang='lat' dir='ltr'>ad</span> <span class='ocrx_word' id='word_1_368' title='bbox 1323 2978 1368 3019; x_wconf 93' lang='lat' dir='ltr'>id</span> <span class='ocrx_word' id='word_1_369' title='bbox 1391 2985 1488 3020; x_wconf 91' lang='lat' dir='ltr'>tam</span> <span class='ocrx_word' id='word_1_370' title='bbox 1519 2979 1688 3020; x_wconf 84' lang='lat' dir='ltr'>idonea</span> <span class='ocrx_word' id='word_1_371' title='bbox 1717 2980 1776 3020; x_wconf 88' lang='lat' dir='ltr'>sit</span> 
     </span>
    </p>
   </div>
  </div>
 </body>
</html>
