2080 3392
874 172 958 210 AN.
989 173 1081 211 1553
1724 173 1794 212 485

150 270 348 311 rectoris
366 269 509 321 jussis
530 281 698 321 parere
719 271 881 321 vellet,
905 277 949 311 et
969 271 1037 322 id,
1069 278 1118 312 ut
1144 278 1280 312 extra
1307 271 1591 312 Societatem
1612 271 1797 323 ejicere-

150 347 246 392 tur,
271 340 468 392 faceret,
493 341 683 382 tandem
704 353 731 382 a
752 341 989 383 Societate
1010 348 1289 394 segregatus
1311 349 1400 394 est,
1424 355 1517 383 non
1540 350 1697 383 tamen
1719 355 1795 384 vo-

149 418 302 452 torum
325 413 611 464 obligatione
644 413 884 454 liberatus.
920 413 1000 454 Ille
1031 426 1138 454 curn
1168 426 1218 454 se
1248 421 1469 455 votorum
1499 421 1797 455 sacramento

148 495 242 523 non
264 484 468 524 solutum
489 485 790 536 intelligeret,
824 486 1088 538 multosque
1109 486 1304 526 subinde
1335 485 1499 526 doctos
1529 487 1659 526 viros
1691 498 1797 526 con-

148 555 340 605 suleret,
366 556 561 595 extorsit
582 556 772 597 tandem
793 568 820 596 a
841 568 890 597 se
908 557 1009 608 ipso
1027 563 1071 597 et
1093 569 1119 597 a
1141 557 1300 597 nescio
1318 569 1408 609 quo
1427 558 1518 597 alio
1537 557 1676 598 docto
1693 558 1796 598 viro

148 631 198 665 ut
218 626 432 666 crederet
453 638 502 666 se
520 625 617 677 jam
643 634 864 668 votorum
893 627 1178 678 obligatione
1210 629 1336 668 nulla
1365 628 1529 668 teneri.
1563 627 1660 669 Nec
1707 629 1796 669 hoc

147 696 211 735 illi
232 696 348 736 satis
368 696 474 746 fuit;
499 697 602 747 sed,
627 697 686 738 ad
706 704 954 749 peccatum
975 699 1170 749 gravius
1192 699 1505 750 reddendum,
1529 711 1649 751 cum,
1686 700 1796 741 dum

149 767 196 806 in
235 765 470 807 Societate
505 775 649 819 esset,
686 780 912 820 magnum
943 769 1019 809 hic
1054 781 1224 809 nomen
1260 777 1577 821 consequutus
1608 771 1791 821 fuisset,

149 837 358 878 decrevit
379 839 562 890 publice
583 846 682 880 tum
705 841 1024 881 confitentium
1055 841 1216 881 audire
1246 848 1467 893 peccata,
1491 849 1590 882 tum
1610 843 1792 894 spirita-

148 909 211 948 lia
231 910 457 949 exercitia
479 911 687 962 tradere,
711 919 809 952 tum
837 912 979 952 etiam
1009 912 1165 951 multis
1186 912 1233 952 in
1254 913 1333 952 via
1354 913 1552 964 spiritali
1573 925 1796 965 praeesse

149 979 408 1032 ducemque
430 992 479 1021 se
508 983 815 1033 constituere3
841 981 1032 1034 jamque
1062 983 1255 1023 miserat
1286 984 1364 1035 qui
1395 984 1436 1023 ei
1467 985 1527 1024 ad
1547 985 1669 1025 hanc
1696 997 1796 1026 rem

147 1051 419 1092 facultatem
442 1065 469 1092 a
489 1053 662 1094 Nuntio
681 1054 968 1106 impetraret.
987 1054 1079 1095 Sed
1094 1066 1189 1094 non
1205 1054 1282 1094 diu
1298 1055 1487 1106 impune
1504 1057 1621 1107 tulit3
1642 1057 1793 1097 subito

146 1134 371 1174 namque,
396 1135 502 1164 cum
524 1125 612 1165 hoc
635 1126 976 1177 constituisset,
1006 1126 1197 1166 morbus
1219 1126 1410 1177 quidam
1438 1139 1543 1167 eum
1568 1129 1791 1179 gravissi-

146 1205 249 1234 mus
271 1194 412 1244 (nulla
434 1197 509 1236 vel
530 1196 649 1237 febri
670 1198 745 1237 vel
773 1198 866 1237 alia
893 1209 1037 1238 causa
1065 1197 1392 1248 praecedente)
1421 1198 1616 1250 invasit;
1647 1206 1795 1240 tanto-

146 1276 234 1316 que
256 1265 415 1306 dolore
438 1266 743 1319 afficiebatur,
767 1276 816 1309 ut
838 1269 1078 1309 videretur
1108 1268 1195 1309 sibi
1224 1269 1324 1320 ipse
1355 1269 1571 1321 turgidus
1602 1282 1705 1311 esse
1736 1283 1790 1312 ac

145 1343 328 1377 tumens
363 1344 501 1378 totus.
541 1338 711 1380 Medici
746 1341 933 1392 quidem
965 1341 1141 1380 nullam
1172 1340 1313 1380 aliam
1343 1341 1653 1391 aegritudinis
1685 1354 1790 1384 cau-

144 1419 265 1458 sam,
289 1420 431 1460 quam
453 1411 771 1452 conscientiae
793 1412 1052 1463 stimulum,
1077 1412 1155 1464 qui
1177 1424 1282 1452 eum
1304 1411 1402 1452 dies
1423 1420 1679 1466 noctesque
1698 1415 1794 1465 agi-

145 1479 296 1531 tabat,
327 1482 639 1532 reperiebant.
670 1482 830 1534 Neque
860 1483 949 1523 hoc
978 1490 1110 1523 tanto
1142 1483 1306 1523 morbo
1337 1485 1570 1524 emollitus
1598 1485 1674 1525 ille
1705 1492 1791 1526 est.

144 1550 262 1591 Cum
283 1553 408 1593 enim
431 1553 476 1593 in
499 1554 636 1594 domo
659 1555 863 1607 quadam
891 1554 1054 1595 humili
1084 1561 1308 1606 aegrotus
1334 1555 1534 1607 jaceret,
1559 1568 1645 1597 nec
1668 1558 1792 1609 quic-

144 1634 285 1674 quam
320 1625 514 1676 propius
551 1632 675 1666 esset
713 1638 855 1678 quam
889 1633 939 1667 ut
973 1627 1021 1667 in
1054 1626 1401 1667 Xenodochium
1435 1628 1716 1680 deferretur,
1747 1635 1792 1670 et

143 1706 249 1735 eum
270 1702 431 1736 noster
451 1696 623 1738 Rector
641 1698 942 1738 convenisset
960 1705 1269 1750 rogassetque
1287 1706 1337 1739 ut
1355 1699 1544 1739 domum
1561 1708 1787 1751 nostram,

142 1767 294 1807 morbi
328 1769 621 1809 curationem
654 1776 953 1822 recepturuS,
989 1771 1194 1822 veniret,
1238 1771 1374 1811 elusit
1407 1772 1481 1811 ille
1511 1771 1665 1812 Patris
1697 1784 1789 1813 ser-

142 1849 349 1888 monem,
383 1840 561 1892 sibique
590 1842 755 1881 melius
782 1853 832 1882 se
862 1842 1015 1894 ipsum
1043 1854 1185 1894 quam
1220 1843 1340 1883 alios
1370 1845 1616 1884 consulere
1650 1856 1789 1885 nosse

140 1911 402 1962 respondit:
435 1924 553 1963 quae
575 1913 722 1954 verba
749 1913 881 1965 pedis
907 1914 1086 1954 sinistri
1117 1921 1272 1954 tumor
1303 1915 1616 1966 subsequutus
1637 1922 1721 1956 est.
1746 1917 1788 1957 A

142 1993 233 2033 quo
254 1981 428 2023 Rector
449 1990 629 2035 noster,
655 1985 734 2037 qui
754 1985 817 2026 ibi
839 1986 1025 2033 aderat,
1058 1987 1185 2026 velut
1214 1986 1373 2026 divino
1397 1986 1583 2027 afflatus
1605 1988 1786 2039 spiritu,

140 2052 308 2104 ingens
329 2055 519 2106 aliquod
540 2056 763 2096 damnum
784 2057 826 2097 ei
847 2064 1188 2109 proventurum
1209 2058 1457 2109 praedixit.
1482 2059 1561 2099 llle
1584 2071 1715 2111 vero,
1739 2067 1788 2100 ut

142 2124 247 2175 alia,
271 2125 403 2166 nihili
423 2126 548 2167 fecit.
572 2127 691 2168 Tum
712 2128 761 2168 P.
785 2128 987 2179 Natalis,
1019 2129 1343 2170 misericordia
1370 2136 1543 2180 motus,
1569 2138 1788 2171 votorum

141 2207 266 2236 nexu
296 2197 361 2237 ita
391 2209 498 2238 eum
527 2199 771 2251 liberavit,
802 2206 873 2251 ut,
910 2201 950 2240 si
984 2206 1267 2251 moreretur,
1301 2202 1480 2242 solutus
1513 2202 1682 2253 abiret3
1715 2204 1787 2243 sin

141 2267 315 2318 minus,
353 2269 540 2321 eodem,
580 2283 671 2322 quo
707 2277 868 2322 antea,
909 2272 1101 2312 vinculo
1135 2278 1389 2312 teneretur.
1426 2273 1683 2314 Deridebat
1712 2274 1786 2314 ille

140 2345 351 2379 nostram
373 2340 685 2393 diligentiam,
711 2343 790 2393 qui
810 2355 916 2383 eum
937 2343 1147 2393 vinculo,
1172 2355 1264 2394 quo
1286 2356 1335 2384 se
1352 2356 1446 2384 non
1464 2345 1612 2385 teneri
1630 2345 1785 2386 existi·

140 2410 319 2462 mabat,
349 2411 550 2452 liberare
580 2425 879 2455 curaremus:
910 2415 992 2455 sed
1023 2427 1105 2466 pes
1136 2415 1289 2466 magis
1320 2417 1565 2467 magisque
1592 2416 1786 2457 intume-

139 2493 272 2522 scere
295 2483 468 2534 coepit,
492 2484 712 2525 humores
734 2485 858 2526 enim
885 2486 969 2537 illi,
1001 2498 1118 2538 quos
1146 2488 1290 2538 vulgo
1317 2488 1678 2528 melancholiam
1705 2501 1783 2528 vo-

140 2565 322 2605 camus,
347 2555 406 2594 ad
428 2567 534 2595 eum
554 2556 721 2607 pedem
742 2569 903 2598 omnes
924 2558 1265 2598 confluxerant.
1295 2558 1415 2598 Tum
1438 2558 1636 2610 denique
1662 2560 1784 2600 dela-

138 2631 213 2665 tus
246 2626 293 2665 in
321 2626 670 2668 xenodochium
699 2634 790 2679 est,
820 2629 1068 2681 pollexque
1100 2629 1274 2680 digitus
1301 2630 1365 2669 ita
1394 2631 1701 2682 computruit,
1734 2638 1784 2672 ut

138 2696 228 2736 nisi
254 2697 632 2749 abscinderetur,
665 2700 807 2739 totius
836 2700 967 2751 pedis
994 2700 1407 2741 labefactationem
1436 2707 1565 2741 certo
1594 2703 1782 2753 promit-

138 2773 281 2817 teret;
306 2770 612 2820 quamobrem
638 2777 825 2811 secatus
854 2779 937 2812 est.
970 2771 1105 2823 Quod
1136 2783 1242 2812 cum
1268 2784 1375 2812 eum
1400 2773 1514 2812 nihil
1540 2774 1780 2825 movisset,

140 2839 349 2880 decrevit
383 2841 817 2893 indulgentissimus
843 2849 977 2894 pater
1011 2844 1058 2884 id
1084 2845 1255 2884 vulnus
1286 2844 1521 2895 infligere,
1556 2845 1679 2896 quod
1708 2846 1783 2886 ille

139 2922 252 2951 vere
273 2912 479 2952 sentiens
501 2925 559 2953 ex
580 2914 677 2953 vita
700 2914 883 2965 perdita
904 2915 963 2955 ad
984 2915 1168 2966 frugem
1189 2927 1292 2955 sese
1309 2915 1559 2967 reciperet,
1585 2928 1782 2969 cumque

141 2983 219 3023 alii
240 2984 330 3024 duo
353 2983 559 3036 ejusdem
580 2986 712 3037 pedis
740 2986 873 3037 digiti
899 2979 1149 3039 putrefacti
1179 2988 1321 3027 etiam
1350 2994 1526 3039 essent,
1553 2990 1781 3041 amputati
