2080 3392
275 166 345 204 408
789 164 1016 201 LITTERAE
1042 173 1398 207 QUADRIMESTRES

276 274 354 302 ros
392 262 504 301 mihi
542 260 817 312 redimeret3
858 260 1069 311 patronis
1103 271 1263 300 eorum
1295 260 1542 311 plusquam
1581 259 1672 310 ipsi
1704 270 1911 310 unquam

276 334 425 372 solent
464 332 678 382 accipere
711 331 1029 382 polliceretur,
1070 337 1141 382 ut,
1188 330 1341 371 studio
1374 330 1601 382 pecuniae
1635 329 1906 380 flagrantes,

276 403 457 442 facilius
478 413 558 442 eos
587 402 720 442 nobis
751 402 1005 442 traderent.
1040 401 1292 442 Praeterea
1320 407 1369 440 ut
1399 411 1595 452 puerum
1623 399 1775 440 forma
1800 399 1909 440 libe-

277 473 383 524 rali,
408 472 570 512 decem
591 472 649 513 ad
670 472 936 523 duodecim,
966 483 1115 512 annos
1146 477 1328 522 natum,
1362 471 1440 523 qui
1471 482 1564 511 uno
1595 470 1765 510 abhinc
1786 481 1909 509 anno

277 544 551 594 religionem
571 550 782 584 nostram
802 543 1031 594 deseruit,
1065 555 1092 582 a
1118 543 1309 593 Mauro,
1342 542 1420 594 qui
1448 541 1700 593 plurimum
1727 540 1803 580 hic
1832 552 1910 591 po-

277 619 387 665 test,
410 614 663 665 redimam,
695 614 941 665 diligenter
972 625 1165 665 operam
1192 613 1304 653 dare
1334 612 1577 663 constitui,
1609 611 1913 662 grandiorem

277 697 417 737 quam
437 685 623 725 aliunde
646 685 886 736 acciperet
907 685 1156 737 pecuniam
1176 683 1453 736 pollicendo.

357 755 690 796 Polemarchus
717 755 854 807 hujus
882 756 1039 808 oppidi
1062 754 1071 774 ¹
1100 755 1164 806 (ut
1194 755 1258 805 fit)
1286 754 1538 795 foeminam
1569 752 1914 792 adolescentem

278 826 656 878 superstitionem
672 826 945 867 Maurorum
965 826 1203 876 suscipere
1222 824 1464 876 compulit,
1483 830 1534 863 ut
1551 823 1638 863 sibi
1654 822 1914 862 concubina

279 902 421 948 esset,
444 908 563 948 quae
589 908 806 949 puerum,
836 897 878 937 ei
913 897 1136 947 similem,
1167 894 1297 946 cujus
1327 901 1466 935 antea
1496 895 1779 934 mentionem
1807 892 1911 943 feci,

279 968 437 1018 habet3
470 979 607 1019 quem
634 968 724 1007 nisi
746 968 917 1018 libero,
950 967 1171 1007 nimirum
1202 966 1335 1006 brevi
1366 965 1430 1015 (ut
1463 964 1628 1014 mater)
1661 963 1916 1003 Mahumeti

278 1039 511 1079 haeresim
532 1039 810 1089 sectabitur;
833 1050 943 1079 nam
964 1039 1125 1079 decem
1151 1049 1299 1077 annos
1321 1036 1509 1076 minime
1533 1034 1742 1085 excedet,
1766 1046 1917 1085 neque

278 1110 473 1150 multum
495 1110 553 1149 ab
575 1122 631 1150 ea
655 1121 704 1149 re
726 1110 962 1150 abhorret.

358 1179 615 1220 Maximum
653 1181 913 1232 periculum
951 1186 1021 1220 est
1059 1192 1141 1229 ne,
1182 1178 1476 1230 quorundam
1516 1176 1784 1226 calumniis,
1821 1187 1915 1215 ma-

277 1262 422 1302 gnum
443 1251 557 1290 mihi
584 1251 709 1302 apud
733 1251 890 1291 Babae
919 1262 1081 1302 regem
1116 1250 1235 1299 (Fez
1264 1249 1409 1300 vulgo
1440 1248 1632 1296 vocant)
1655 1246 1668 1265 ²
1690 1246 1917 1289 confletur

280 1321 457 1372 odium,
483 1321 606 1373 quod
636 1328 680 1361 et
711 1322 814 1361 aliis
846 1321 902 1361 de
932 1321 1093 1371 rebus,
1125 1321 1198 1360 'nis
1228 1319 1354 1360 haud
1383 1318 1708 1368 dissimilibus,
1740 1316 1916 1357 factum

279 1392 529 1444 aliquando
551 1399 640 1442 est,
665 1398 709 1432 et
730 1404 803 1432 me
819 1403 1044 1443 magnum
1065 1392 1113 1432 in
1134 1391 1385 1431 discrimen
1400 1389 1609 1429 adduxit.
1630 1387 1694 1429 At
1710 1399 1783 1427 me
1799 1387 1917 1427 haec

278 1463 391 1503 nihil
413 1469 710 1503 commovent
731 1463 1002 1515 quominus,
1026 1462 1128 1503 Deo
1150 1461 1374 1514 propitio,
1398 1465 1624 1512 quotquot
1645 1459 1845 1509 possim,
1870 1458 1917 1497 in

279 1534 541 1573 libertatem
573 1545 799 1574 asseram.
831 1534 1024 1575 Utinam
1052 1533 1166 1573 mihi
1190 1531 1390 1584 pecunia
1417 1531 1477 1570 ad
1505 1541 1667 1571 omnes
1693 1529 1919 1570 redimen-

279 1604 364 1644 dos
398 1604 736 1655 suppeditaret!
775 1604 992 1644 Profecto
1029 1604 1235 1644 animam
1266 1602 1504 1642 amitterre
1535 1601 1649 1640 nihil
1682 1600 1814 1652 pensi
1840 1600 1917 1639 ha-

280 1675 450 1715 berem.
476 1674 632 1715 Satius
661 1676 786 1715 enim
817 1681 887 1715 est
915 1675 1063 1715 vitam
1094 1674 1227 1724 mihi,
1260 1679 1328 1713 tot
1359 1672 1558 1712 miseriis
1579 1673 1783 1723 plenam,
1808 1675 1920 1722 quot

281 1757 329 1786 se
350 1746 397 1785 in
418 1746 508 1785 hoc
529 1746 764 1786 laborioso
787 1746 1020 1786 curriculo
1053 1746 1295 1795 ingerunt,
1328 1743 1466 1794 eripi,
1503 1754 1642 1794 quam
1671 1742 1775 1781 illos
1806 1752 1917 1781 suos

280 1817 481 1867 animos,
507 1817 585 1868 qui
606 1818 725 1857 tanti
746 1823 995 1867 steterunt,
1019 1816 1229 1867 perdere.

360 1887 425 1927 Te
447 1899 530 1938 per
551 1888 838 1938 singularem
866 1893 910 1928 et
937 1887 1257 1927 incredibilem
1278 1885 1367 1926 Dei
1388 1884 1547 1936 optim.
1573 1883 1762 1923 maxim.
1785 1883 1919 1922 bene-

281 1959 537 1998 volentiam
565 1970 669 2008 oro,
703 1958 862 2009 Pater,
898 1964 947 1998 ut
979 1958 1211 1998 maximas
1241 1957 1565 2007 eleemosynas
1596 1954 1655 1994 ad
1685 1966 1758 1994 me
1787 1953 1921 1993 brevi

281 2029 583 2080 perferendas
605 2040 762 2079 cures,
786 2036 835 2069 ut
857 2040 929 2069 me
952 2041 979 2068 a
1001 2035 1170 2068 cuncto
1199 2039 1307 2067 aere
1329 2027 1481 2066 alieno
1513 2025 1773 2077 expediam.
1799 2023 1919 2064 Nam

281 2111 387 2139 cum
403 2100 632 2150 venerint,
652 2099 906 2150 majoribus
921 2099 1188 2139 nominibus
1206 2108 1497 2149 oppressum,
1516 2108 1659 2147 quam
1675 2107 1799 2135 nunc
1815 2095 1918 2144 sim,

282 2182 355 2210 me
375 2170 475 2210 fore
496 2182 655 2221 spero,
681 2170 758 2222 qui
779 2182 1025 2210 versuram
1053 2171 1250 2209 solvam.

363 2241 510 2291 Haec,
536 2241 583 2281 P.
614 2241 911 2291 charissime,
947 2246 1054 2281 sunt
1084 2239 1331 2291 ejusmodi,
1361 2250 1480 2290 quae
1511 2238 1676 2278 merito
1707 2236 1922 2289 quemvis

284 2312 519 2352 hominem
540 2324 598 2352 ex
618 2312 856 2363 suggestis
883 2312 1078 2363 aliisque
1104 2311 1219 2351 locis
1247 2311 1452 2350 clamare
1480 2315 1667 2359 cogant.
1693 2307 1919 2348 Animad-

284 2388 434 2433 verte,
459 2394 653 2434 quaes0,
677 2394 734 2422 ne
752 2382 800 2422 in
825 2382 1014 2433 negotio
1044 2382 1203 2422 divino
1231 2381 1294 2420 sis
1310 2380 1448 2420 nimis
1468 2379 1739 2431 negligens;
1763 2376 1920 2417 Domi-

284 2464 371 2493 nus
392 2454 516 2493 enim
542 2454 783 2493 enucleate
811 2465 837 2504 a
858 2459 903 2493 te
931 2451 1067 2503 hujus
1098 2452 1184 2503 rei,
1216 2458 1265 2492 ut
1292 2452 1350 2492 ab
1372 2451 1461 2491 illis
1490 2450 1567 2502 qui
1595 2450 1920 2500 eleemosynas

287 2524 425 2575 (quod
446 2524 574 2564 credi
593 2536 687 2564 non
707 2523 874 2575 potest)
891 2523 1189 2574 negaverint,
1208 2522 1437 2562 rationem
1458 2520 1628 2571 exiget.
1649 2518 1923 2560 Satisfacies

288 2595 417 2644 (mihi
440 2594 609 2645 crede),
635 2595 674 2634 si
694 2594 817 2646 quod
837 2595 884 2634 in
901 2600 946 2634 te
962 2599 1053 2644 est,
1077 2593 1390 2634 contenderis.
1409 2591 1544 2631 Vale.

342 2780 352 2800 ¹
394 2780 543 2814 Hispane
565 2779 705 2813 (Cartas
726 2780 768 2806 de
791 2779 862 2806 San
884 2778 1040 2812 Ignacz'o,
1055 2782 1079 2805 t.
1101 2785 1156 2811 111,
1178 2785 1256 2811 pag.
1279 2777 1343 2809 511)
1381 2776 1424 2803 El
1438 2776 1582 2803 Alcalde
1597 2776 1639 2802 de
1655 2776 1731 2802 esta
1746 2774 1852 2804 villa,
1867 2773 1921 2807 qui

289 2827 421 2861 quidem
448 2828 566 2854 melius
588 2828 719 2854 dicetur
738 2829 884 2861 praetor
898 2833 998 2861 quam
1019 2825 1294 2860 pole-marchus,·
1318 2824 1372 2851 hic
1393 2824 1481 2851 enim
1496 2823 1643 2857 bellicis,
1658 2823 1715 2849 ille
1730 2826 1845 2849 autem
1860 2820 1921 2854 (al-

290 2874 403 2908 calde)
420 2874 577 2901 civilibus
593 2875 694 2901 rebus
704 2874 900 2908 praefectus
915 2878 976 2901 est.

347 2922 360 2941 Ξ
401 2921 515 2952 Baba,
531 2928 619 2955 qnae
636 2911 835 2953 Beniteuda‚
845 2920 1012 2948 urbecula
1026 2922 1078 2948 est
1090 2920 1254 2947 Habatae
1263 2919 1472 2954 provinciae
1484 2918 1586 2951 regni
1600 2917 1746 2949 Fezzae,
1758 2916 1803 2943 ad
1817 2915 1925 2942 Guar-

290 2977 395 3003 quam
406 2969 578 3003 fluvium,
593 2976 719 2996 versus
733 2969 868 2996 limites
883 2968 1022 2995 Errz‘sz‘s
1034 2972 1135 3002 prov.
1150 2967 1317 3001 Fssmmm,
1333 2966 1484 2994 Lexicon
1500 2964 1784 2999 geograpln'cum.
