2080 3392
820 186 899 222 AN.
930 185 1022 223 1553
1675 184 1688 219 l
1705 182 1745 218 19

100 285 189 325 ctis
223 289 356 324 tanta
390 283 448 322 ab
485 282 783 323 oblocutione
819 282 979 331 labriS‚
1010 281 1175 321 eodem
1202 280 1310 320 huic
1346 280 1508 320 morbo
1545 279 1740 318 medica-

101 355 225 395 mine
257 354 487 394 maturius
517 354 768 394 subvenire
791 354 1146 402 consuluerunt;
1180 359 1320 404 atque
1354 351 1416 391 ita
1446 351 1740 391 elaboratum

102 434 170 467 est
212 432 260 466 ut
294 436 388 465 non
425 424 582 465 solum
622 425 752 476 apud
786 436 874 464 nos
907 424 990 464 sed
1018 424 1158 463 etiam
1196 424 1240 463 in
1278 423 1379 474 ipso
1411 422 1617 462 civitatis
1653 433 1745 463 me-

102 497 281 537 ditullio
317 502 361 536 et
395 496 657 536 cathedrali
683 497 856 548 templo
884 495 942 535 D.
976 494 1114 534 Petro
1155 506 1312 544 sacro,
1349 494 1427 533 ubi
1463 493 1746 545 quandoque

102 568 282 620 publice
320 567 428 607 huic
478 567 856 608 communicandi
898 566 1223 606 consuetudini
1267 565 1614 613 contradicere,
1652 565 1747 604 imo

100 639 327 680 famelicis
349 645 565 679 sanctum
586 650 762 690 negare
784 638 939 678 cibum
966 638 1202 687 solebant,
1234 637 1327 677 iam
1356 637 1570 677 omnibus
1602 637 1743 676 domi-

101 711 217 751 nicis
243 710 517 762 festivisque
546 710 708 751 diebus
729 708 914 761 publice
943 709 990 748 in
1021 709 1160 748 altari
1190 708 1371 748 cunctis
1402 708 1749 747 communicare

99 781 392 834 cupientibus
426 788 622 833 paratus
652 780 922 832 exponitur,
957 779 1172 831 apposito
1206 779 1470 828 sacerdote,
1508 779 1585 830 qui
1617 784 1747 818 certo

99 852 330 904 stipendio
352 852 632 903 conductus,
658 865 684 892 a
705 852 857 904 prima
878 852 980 891 luce
1002 862 1149 902 usquc
1179 850 1227 889 in
1253 850 1496 889 meridiem
1519 850 1743 889 acceden-

101 924 224 964 tibus
246 923 427 975 Corpus
448 923 639 964 Domini
661 922 1076 963 administraturus
1102 921 1323 961 continuo
1353 920 1549 970 assistit3
1573 932 1632 959 ex
1657 932 1748 971 quo

99 1001 323 1047 quantum
343 994 525 1035 fructus
546 995 592 1034 in
613 994 816 1034 Domino
843 1004 1109 1045 speramus,
1144 1000 1300 1032 mente
1331 991 1515 1031 facilius
1546 991 1750 1042 cogitari

101 1078 240 1118 quam
261 1066 421 1106 verbis
442 1066 642 1118 exprimi
671 1072 847 1117 potest;
878 1066 966 1105 hoc
996 1076 1197 1116 namque
1225 1063 1363 1103 unico
1393 1064 1606 1113 exemplo
1634 1064 1746 1102 mul-

102 1146 256 1178 torum
297 1136 722 1177 contradicentium
764 1148 847 1176 ora
889 1136 1188 1185 obturantur,
1226 1134 1579 1185 multorzmzqzte
1608 1134 1746 1185 pusil-

105 1209 329 1249 lanimum
351 1208 495 1248 corda
518 1208 879 1258 confirmantur,
911 1206 1033 1258 apud
1063 1218 1204 1258 quos,
1228 1218 1339 1246 mox
1359 1205 1438 1246 ubi
1466 1205 1749 1245 detractoris

103 1281 283 1332 lingua,
307 1286 470 1320 nostra
498 1279 554 1320 de
581 1279 825 1331 frequente
848 1279 1177 1319 communione
1206 1278 1419 1318 instituta
1446 1277 1743 1323 damnantur,

104 1352 151 1392 in
172 1352 322 1392 saliva
345 1357 477 1391 natat
498 1351 764 1403 responsio:
797 1350 909 1390 “hoc
935 1351 1089 1402 ipsum
1117 1350 1163 1389 in
1192 1349 1306 1389 aede
1334 1348 1379 1389 S.
1410 1348 1534 1388 Petri
1563 1359 1747 1399 quoque

104 1423 203 1463 lieri
223 1423 270 1463 in
291 1435 383 1475 qua
404 1423 632 1474 primatus
654 1429 841 1474 sceptra
864 1428 1014 1471 tenet„
1034 1433 1042 1472 3
1066 1421 1132 1462 sic
1155 1421 1292 1460 nullis
1315 1420 1514 1472 amplius
1536 1420 1749 1460 intricari

103 1500 299 1546 possunt
339 1494 649 1546 opinionibus.
686 1493 789 1534 Hoc
825 1505 938 1533 vero
973 1504 1067 1532 non
1102 1499 1198 1532 tam
1233 1503 1409 1532 novum
1443 1502 1585 1542 quam
1619 1490 1748 1542 pium

98 1565 381 1616 institutum,
419 1572 601 1605 tantum
636 1565 696 1605 ad
729 1564 775 1605 S.
814 1560 1004 1604 Petrum
1041 1570 1266 1615 quantum
1293 1563 1418 1614 apud
1452 1574 1561 1612 nos,
1600 1573 1749 1613 aeque

97 1648 329 1688 pauperes
364 1644 408 1677 et
445 1636 614 1677 divites
641 1647 922 1688 promovere
950 1639 995 1675 et
1020 1634 1339 1686 magnificare
1373 1633 1581 1683 student;
1616 1633 1663 1672 hi
1689 1645 1748 1672 ex

99 1719 236 1758 auro,
261 1714 459 1759 argento
482 1708 793 1760 pretiosisque
815 1707 1044 1757 vestibus,
1069 1706 1237 1758 quibus
1266 1705 1454 1757 superbi
1476 1716 1649 1756 corpus
1669 1716 1747 1756 po-

97 1780 181 1819 lire
212 1780 385 1830 solent,
415 1778 722 1820 Sanctissimo
751 1778 1058 1819 Sacramento
1086 1778 1325 1818 velamina
1359 1783 1403 1817 et
1438 1777 1744 1816 tabernacula

98 1857 375 1899 contexunt3
400 1851 466 1891 illi
486 1863 600 1890 vero
622 1851 698 1890 vel
720 1850 898 1890 maiore
919 1849 1215 1890 solicitudine
1238 1848 1555 1898 emendicant,
1580 1847 1747 1899 quibus

99 1934 277 1973 cereos,
302 1922 571 1973 luminaria,
595 1922 780 1973 aliaque
800 1922 847 1961 in
868 1921 1015 1962 divini
1044 1922 1196 1961 cultus
1223 1920 1498 1972 obsequium
1528 1930 1743 1959 necessa-

99 1994 168 2033 ria
214 2000 515 2045 comparent,
560 1994 653 2034 imo
696 2001 746 2033 ut
789 1993 879 2033 hoc
912 1993 1026 2044 ipsis
1068 1992 1355 2032 concedatur
1397 1991 1553 2032 multis
1593 1990 1748 2031 adhuc

97 2065 316 2117 precibus
336 2065 394 2105 ab
417 2065 682 2105 animarum
703 2076 897 2105 suarum
927 2064 1122 2104 medicis
1149 2069 1362 2104 exorant.
1392 2063 1474 2103 Est
1501 2063 1577 2103 hic
1606 2074 1742 2114 quae-

97 2136 206 2177 dam
227 2136 425 2188 familia,
450 2137 648 2176 maritus
670 2136 800 2176 senio
823 2136 1085 2185 confectuS‚
1119 2135 1313 2187 probus,
1338 2146 1456 2174 uxor
1487 2134 1601 2174 satis
1623 2134 1746 2174 debi-

99 2208 175 2256 lis;
200 2209 277 2248 hic
297 2208 371 2248 vir
392 2208 439 2248 in
466 2208 593 2248 virili
618 2220 703 2248 sua
732 2213 885 2248 aetate
914 2207 1155 2247 immensis
1181 2206 1421 2246 laboribus
1451 2205 1630 2246 viribus
1653 2206 1747 2245 iam

99 2279 369 2328 destitutus,
394 2279 521 2320 domi
551 2279 704 2319 nendo
732 2290 839 2333 cum
869 2290 1016 2319 uxore
1043 2285 1225 2318 tantum
1253 2278 1479 2327 corrasit,
1510 2289 1601 2328 quo
1630 2277 1747 2317 duos

98 2351 301 2391 florenos
324 2362 505 2391 annuos
527 2350 657 2391 emit:
682 2350 769 2390 hos
787 2362 895 2390 cum
911 2349 1186 2391 Venerabili
1203 2348 1509 2389 Sacramento
1528 2347 1748 2388 dedicare

98 2422 369 2472 statuerint,
393 2433 513 2462 uxor
542 2421 731 2461 Patrem
753 2421 808 2461 de
830 2421 922 2461 hoc
945 2420 1200 2471 consuluit,
1224 2420 1304 2472 qui
1324 2431 1406 2459 eos
1428 2419 1487 2459 ad
1507 2425 1748 2470 pastorem

96 2499 327 2544 nostrum,
352 2493 428 2533 cui
448 2493 599 2533 maior
619 2492 826 2532 familiae
848 2499 949 2532 erat
972 2492 1155 2542 notitia,
1180 2491 1381 2541 remisit;
1405 2497 1449 2530 et
1471 2502 1576 2530 cum
1596 2491 1744 2530 nulla-

97 2571 232 2608 tenus
261 2564 458 2604 maritus
487 2575 514 2603 a
541 2575 627 2603 suo
654 2570 813 2615 posset
850 2563 990 2603 avelli
1016 2562 1280 2615 proposito,
1311 2562 1514 2613 quinque
1550 2566 1628 2602 aut
1661 2573 1747 2601 sex

96 2635 297 2675 florenos
317 2647 402 2687 pro
431 2634 679 2674 devotione
701 2635 844 2674 semel
870 2634 1123 2685 largiretur
1151 2632 1488 2685 permittentes,
1514 2643 1748 2672 summam

96 2706 246 2757 ipsam
266 2718 351 2758 pro
373 2706 530 2746 liberis
553 2705 810 2746 educandis
832 2705 1069 2746 reservari
1086 2706 1352 2745 voluerunt.
1382 2703 1625 2754 Quaedam
1653 2704 1746 2744 alia

97 2777 238 2818 vidua
254 2777 459 2828 Patrem,
484 2777 559 2817 cui
576 2776 839 2828 confitetur,
859 2777 1014 2817 oravit
1036 2776 1124 2817 sibi
1145 2775 1431 2816 consentiret
1447 2781 1497 2815 ut
1512 2775 1670 2815 velum
1687 2787 1747 2814 ex

97 2860 214 2900 puro
253 2861 369 2889 auro
404 2854 675 2889 contextum
710 2859 864 2888 emere
894 2854 1078 2899 posset,
1110 2846 1489 2898 suspendendum
1524 2846 1572 2886 in
1608 2845 1748 2886 altari

98 2932 240 2971 supra
257 2920 541 2961 Venerabile
558 2918 938 2968 Sacramentum,
957 2919 1145 2970 quando
1163 2917 1427 2969 exponitur3
1452 2917 1601 2958 simile
1622 2917 1748 2956 enim

97 2990 143 3029 in
174 2991 347 3042 templo
375 2990 420 3031 S.
450 2990 576 3031 Petri
602 2990 819 3041 habetur,
851 3002 877 3029 a
908 2989 1075 3041 quibus
1110 2989 1325 3041 superari
1361 2989 1543 3039 nolunt;
1581 2995 1747 3028 sancta
