2080 3392
335 184 402 222 108
839 180 1065 218 LITTERAE
1094 189 1450 222 QUADRIMESTRES

331 279 518 319 veneris
537 278 721 328 legitur.
741 277 811 316 Ex
828 276 899 315 his
918 280 1073 314 autem
1090 275 1257 314 mirum
1278 274 1403 313 dictu
1424 273 1562 313 fuerit
1581 279 1754 324 quanta
1777 272 1962 312 audien·

331 350 446 390 tium
468 348 634 388 animis
657 352 896 387 accrescat
918 345 1119 385 devotio.
1144 344 1193 384 Id
1215 345 1337 383 enim
1358 344 1650 394 lachrymae,
1675 349 1719 383 et
1743 342 1960 393 suspiria,

332 426 377 460 et
415 419 537 471 quod
572 425 639 458 est
676 417 880 457 omnium
910 416 1186 464 maximum,
1219 415 1468 454 multorum
1494 413 1771 453 laudabilior
1798 413 1895 453 vita
1919 419 1962 452 et

332 492 470 541 longe
492 500 630 540 quam
651 487 812 527 fuisset
835 486 1041 526 sanctior
1063 485 1279 525 ostendit.
1311 484 1564 524 Proficiunt
1588 489 1743 524 autem
1763 483 1869 523 inde
1902 483 1966 522 illi

333 561 474 601 etiam
495 560 572 611 qui
595 570 686 598 non
714 557 919 597 audiunt.
951 556 1070 596 Nam
1100 555 1250 605 multi,
1281 554 1440 594 audita
1468 555 1712 604 concione,
1742 554 1965 605 privatim

333 632 455 671 inter
477 630 653 669 amicos
672 628 968 667 ecclesiastes
989 626 995 644 ¹
1020 627 1275 676 funguntur
1294 625 1457 674 officio,
1478 631 1681 673 monent,
1703 625 1963 674 hortantur,

331 707 507 742 terrent
542 699 679 739 modo
714 699 857 747 hunc,
896 698 1035 737 modo
1073 697 1220 747 illum,
1259 696 1526 747 factumque
1562 700 1630 735 est
1665 695 1752 734 hac
1786 694 1967 734 ratione

335 779 383 811 ut
404 771 534 811 multi
559 770 616 809 ad
639 769 878 809 meliorem
905 768 1088 819 frugem
1115 780 1174 807 ex
1200 767 1297 807 vita
1326 766 1509 818 perdita
1538 765 1710 805 fuerint
1739 765 1964 805 revocati.

336 842 531 882 Accedit
549 841 689 880 etiam
707 840 829 891 quod
846 839 891 878 in
910 839 1010 878 aliis
1028 849 1212 890 quoque
1229 838 1413 888 templis
1432 836 1655 888 pluribus,
1675 836 1969 887 maximeque

336 914 382 953 in
404 912 516 952 aede
543 911 708 951 maiori
737 909 782 950 S¹
808 909 999 960 Mariae,
1031 909 1436 960 frequentissimae
1464 908 1554 947 hac
1585 913 1763 946 aestate
1785 906 1970 946 fuerunt

337 984 600 1032 conciones,
620 982 741 1032 quod
763 981 947 1032 quidem
970 980 1016 1020 in
1037 980 1127 1019 hac
1150 979 1263 1019 urbe
1285 979 1414 1030 prius
1435 984 1536 1018 erat
1558 978 1808 1017 insolitum.
1833 977 1966 1018 Cum-

337 1066 425 1106 que
447 1055 589 1093 multa
612 1053 724 1099 sint,
750 1062 867 1102 quae
890 1051 1207 1102 probatiorem
1235 1061 1337 1089 esse
1368 1051 1619 1089 multorum
1650 1049 1796 1088 Vitam
1828 1048 1969 1087 mani-

336 1125 450 1165 feste
473 1125 733 1172 declarant,
758 1128 854 1161 tum
877 1122 1001 1161 nulla
1024 1133 1073 1160 re
1095 1121 1246 1171 magis
1267 1132 1407 1172 quam
1430 1132 1487 1159 ex
1509 1119 1685 1159 crebris
1717 1117 1966 1158 confessio-

339 1196 472 1235 nibus
493 1194 603 1234 illud
625 1194 731 1233 licet
754 1192 1033 1244 perspicere,
1059 1203 1257 1243 quarum
1279 1191 1402 1242 apud
1423 1202 1508 1230 nos
1530 1201 1701 1241 magna
1724 1189 1885 1229 diebus
1906 1188 1966 1228 fe-

339 1266 421 1305 stis
436 1272 505 1305 est
518 1264 792 1315 frequentia,
808 1263 1011 1302 maxime
1029 1273 1141 1301 vero
1159 1261 1287 1301 hisce
1310 1261 1471 1301 diebus
1492 1260 1592 1311 fuit,
1617 1272 1735 1312 quae
1756 1259 1972 1299 natalitia

338 1338 457 1377 festa
478 1346 801 1387 praecessere;
825 1335 905 1374 vix
928 1333 1050 1373 enim
1070 1339 1167 1372 tum
1190 1345 1271 1384 per
1293 1333 1468 1384 aliquot
1489 1332 1630 1371 etiam
1651 1332 1794 1371 horas
1815 1330 1967 1370 noctis

339 1414 523 1460 praeter
545 1407 643 1447 dies
664 1407 872 1456 integros
893 1404 907 1423 ‘²
929 1404 1078 1444 audiri
1099 1410 1330 1455 poterant,
1354 1403 1432 1454 qui
1454 1403 1762 1442 confluebant.
1782 1402 1854 1441 Ex
1877 1412 1969 1452 quo

340 1491 433 1519 non
450 1478 599 1518 solum
616 1478 661 1517 in
678 1483 855 1522 nostro,
875 1475 956 1515 sed
973 1475 1113 1515 etiam
1129 1475 1185 1514 D.
1207 1474 1398 1523 Mariae,
1413 1474 1584 1524 templo
1601 1479 1731 1513 tanta
1748 1472 1833 1512 fuit
1852 1483 1974 1511 com-

341 1549 678 1589 municantium
717 1546 960 1586 multitudo
983 1578 989 1594 ‚
1030 1551 1078 1585 ut
1127 1545 1485 1585 admirationem
1525 1544 1705 1584 cunctis
1751 1542 1970 1582 attulerit.

343 1621 467 1660 Inter
488 1631 567 1659 eos
595 1619 671 1670 qui
694 1630 719 1657 a
750 1618 882 1657 nobis
912 1617 1058 1656 auditi
1089 1622 1218 1665 sunt,
1248 1615 1434 1655 fuerunt
1461 1615 1602 1666 aliqui
1633 1614 1679 1654 12
1701 1620 1744 1654 et
1776 1613 1823 1653 15
1851 1618 1976 1653 retro

345 1691 480 1731 annis
500 1702 592 1729 non
615 1689 830 1729 confessi.
854 1688 1002 1728 Paces
1023 1688 1200 1727 interea
1222 1687 1398 1737 aliquot
1419 1686 1677 1725 confectae:
1702 1683 1974 1724 concubinis

349 1761 564 1810 abiectis,
596 1760 738 1811 aliqui
761 1759 907 1798 vitam
938 1770 1071 1798 suam
1097 1758 1262 1798 melius
1298 1757 1540 1796 instituere
1577 1760 1844 1807 coeperunt.
1883 1754 1978 1795 Alii

348 1833 406 1872 ad
434 1832 703 1882 religiosam
731 1831 876 1869 vitam
903 1829 1110 1879 accensi,
1137 1840 1159 1867 e
1191 1828 1356 1879 quibus
1387 1838 1506 1867 unus
1535 1827 1899 1878 capuccinorum
1929 1838 1978 1866 se

348 1904 540 1954 regulae
558 1901 778 1942 subdidit:
800 1907 894 1940 tres
912 1900 989 1939 alii
1009 1900 1180 1939 vellent
1196 1899 1382 1950 quidem
1400 1910 1426 1937 a
1445 1898 1577 1938 nobis
1594 1898 1753 1949 recipi,
1773 1899 1854 1937 sed
1870 1898 1979 1949 quia

349 1975 440 2014 illis
467 1986 560 2013 non
589 1974 695 2012 licet
725 1973 846 2022 (sunt
874 1972 995 2011 enim
1026 1971 1104 2010 alii
1135 1971 1349 2010 instituto
1387 1970 1593 2020 aptiores
1621 1980 1760 2020 quarn
1788 1968 1981 2018 nostro),

349 2045 458 2085 illuc
479 2055 661 2095 quoque
684 2043 909 2094 aspirant.
936 2042 1209 2082 Convenere
1240 2041 1380 2080 etiam
1412 2052 1470 2079 ex
1497 2040 1573 2090 iis,
1608 2040 1686 2090 qui
1716 2039 1849 2079 nobis
1878 2051 1984 2078 con—

351 2116 469 2156 fiteri
482 2116 645 2164 solent,
663 2115 709 2153 in
726 2125 868 2153 unam
884 2113 1159 2152 societatem
1171 2112 1259 2151 viri
1275 2111 1449 2162 aliquot
1464 2110 1688 2161 probatae
1701 2109 1807 2149 fidei
1819 2121 1874 2149 ac
1886 2121 1984 2161 spe-

352 2192 505 2226 ctatae
526 2185 728 2237 pietatis,
754 2184 830 2235 qui
848 2183 931 2223 sub
953 2189 1136 2222 noctem
1152 2193 1410 2234 pauperum
1428 2181 1590 2221 domos
1608 2181 1909 2231 circumeant,
1930 2191 1984 2220 ac

352 2262 574 2304 mortuos,
601 2256 638 2295 si
661 2255 744 2310 qui*
759 2254 945 2304 fuerint,
966 2254 1053 2305 ipsi
1075 2253 1171 2293 suis
1189 2252 1393 2292 humeris
1411 2251 1604 2291 efferant
1621 2251 1679 2291 ad
1697 2252 1985 2302 sepulturam

353 2333 397 2368 et
431 2326 649 2379 quicquid
685 2326 921 2376 impensae
951 2324 1009 2364 ad
1031 2324 1118 2363 hoc
1147 2334 1262 2374 opus
1293 2327 1363 2362 est
1394 2322 1702 2373 suppeditent3
1728 2322 1846 2361 inter
1868 2332 1985 2372 quos

354 2397 649 2438 commodum
682 2406 800 2436 unus
828 2400 897 2435 est
925 2394 1160 2434 sacerdos.
1191 2393 1267 2433 Fit
1295 2393 1384 2432 hoc
1414 2393 1716 2432 devotissimo
1745 2392 1913 2432 affectu
1942 2397 1987 2431 et

356 2468 678 2508 aedificatione
694 2478 789 2506 non
805 2465 1044 2506 mediocri.
1065 2464 1268 2504 Obsessa
1285 2463 1515 2514 quaedam
1531 2463 1696 2503 mulier
1713 2476 1738 2503 a
1757 2463 1985 2503 daemone

354 2539 550 2579 liberata
577 2544 666 2587 est,
698 2549 816 2589 quae
847 2536 1012 2576 deinde
1041 2536 1156 2575 alias
1185 2535 1361 2586 aliquot
1393 2534 1451 2574 ad
1479 2534 1787 2574 confessionis
1820 2533 1984 2573 Sacra-

354 2615 560 2650 mentum
584 2608 797 2648 adduxit:
823 2607 928 2656 alia,
954 2617 1071 2657 quae
1089 2612 1132 2645 et
1154 2606 1254 2656 ipsa
1277 2604 1478 2644 obsideri
1506 2605 1798 2655 credebatur,
1826 2615 1931 2644 curn
1963 2615 1988 2642 a

355 2680 510 2720 multis
533 2680 693 2719 diebus
710 2691 802 2719 non
821 2677 1111 2727 comedisset,
1130 2676 1187 2715 D.
1208 2675 1423 2716 Cornelio
1441 2674 1454 2693 ⁵
1472 2676 1531 2715 ad
1553 2688 1656 2716 eam
1676 2681 1862 2725 vocatO,
1887 2686 1991 2714 coe-

356 2751 423 2802 pit
444 2751 572 2790 vesci
596 2750 732 2790 cibis:
757 2749 841 2789 fuit
872 2754 915 2788 et
939 2748 1030 2788 alia
1051 2747 1115 2787 ita
1138 2746 1276 2786 debili
1298 2757 1515 2797 corpore,
1540 2753 1589 2786 ut
1610 2758 1759 2798 neque
1781 2746 1991 2785 ieiunare

413 2886 422 2904 ¹
463 2885 728 2912 concionatoris.
746 2884 931 2910 POLANCUS.

411 2933 424 2951 ‘2
458 2934 606 2966 praeter
620 2932 697 2958 dies
719 2933 887 2965 integros,
902 2930 1031 2957 addidit
1047 2929 1224 2955 Polancus.

412 2979 426 2998 5
466 2980 499 3006 Ρ.
517 2979 692 3006 Cornelius
708 2979 896 3006 Vishaven.
