2080 3392
843 211 928 248 AN.
958 210 1051 248 1554
1699 206 1771 243 603

127 310 267 351 tenda
290 321 481 361 censeo;
504 314 664 361 utpote
692 308 889 360 capillos
917 308 1129 347 vibratos
1155 306 1448 356 frontemque
1476 303 1766 344 calamistra-

128 389 247 433 tam,
289 382 427 434 idque
463 380 649 432 generis
683 380 829 419 multa
865 377 1204 429 contempsisse
1245 375 1433 416 omnino
1474 381 1614 426 atque
1647 373 1767 413 abie-

130 455 274 503 cisse,
317 453 636 505 postridieque
675 451 736 491 ad
774 451 1000 501 templum
1040 447 1290 489 confitendi
1329 447 1483 497 gratia
1520 457 1570 485 se
1610 450 1769 485 contu-

131 526 261 575 lisse,
285 531 509 575 tantaque
531 535 637 563 cum
658 523 831 574 pietate
853 521 993 561 modo
1016 532 1090 561 res
1121 520 1306 560 divinas
1330 517 1549 569 amplecti
1576 517 1772 567 illasque

133 597 393 646 celebrare,
434 602 484 635 ut
518 595 654 634 huius
688 593 902 644 exemplo
939 592 1055 632 alias
1089 592 1230 631 etiam
1267 590 1446 630 nobiles
1480 588 1770 634 iuvenculas,

134 668 297 708 eodem
317 668 363 707 in
385 678 544 710 errore
565 671 804 713 versatas,
829 663 888 704 ad
911 663 1151 703 meliorem
1170 661 1357 711 frugem
1377 659 1511 700 brevi
1537 659 1773 699 redituras

133 739 270 779 facile
290 744 547 790 speremus.
571 736 748 777 Eodem
767 735 970 787 pertinet
990 740 1034 774 et
1055 734 1147 773 alia
1169 732 1401 785 quaedam
1422 731 1582 779 vidua,
1606 729 1775 769 nobilis

135 811 212 850 illa
241 810 427 861 quidem
456 817 501 849 et
527 808 767 860 perdives,
798 817 917 858 quae
949 817 1055 845 cum
1082 816 1258 855 genero
1286 803 1470 854 filiaque
1500 802 1657 842 multis
1687 800 1774 840 dis-

133 880 263 921 sidiis
285 880 555 921 conflictata
576 879 675 928 diu,
699 878 826 918 nulla
847 882 1032 929 poterat
1053 876 1234 916 ratione
1265 874 1443 922 sedari,
1478 873 1561 913 sed
1592 874 1639 913 in
1670 884 1774 912 con-

133 951 336 991 fessione
364 964 419 991 ac
449 957 585 991 extra
616 962 722 990 cum
748 948 967 1000 precibus
996 953 1041 987 et
1076 945 1471 986 admonitionibus
1506 956 1647 996 saepe
1682 943 1776 995 agi-

133 1029 231 1063 tata
252 1023 406 1072 fuerit,
429 1022 664 1063 obstinato
681 1020 872 1061 tandem
888 1019 1044 1059 animo
1067 1029 1169 1057 esse
1193 1017 1342 1067 desiit,
1364 1016 1422 1055 ad
1443 1016 1777 1066 melioremque

135 1101 339 1134 mentem
359 1105 568 1143 reversa,
587 1104 752 1144 pacem
774 1103 881 1131 cum
904 1090 997 1130 filia
1013 1100 1284 1140 generoque
1305 1088 1453 1127 inivit.

216 1165 466 1206 Praetereo
504 1164 732 1216 quosdam
767 1162 1061 1211 sacerdotes,
1093 1160 1339 1200 variarum
1365 1158 1673 1198 ecclesiarum
1698 1169 1775 1208 pa-

136 1244 310 1286 stores,
334 1237 394 1277 ad
414 1237 643 1277 maiorem
663 1234 813 1275 nostri
834 1233 1180 1286 probationem,
1205 1243 1290 1271 nos
1312 1230 1500 1281 saepius
1521 1229 1779 1269 insectatos

137 1308 300 1358 fuisse,
325 1315 368 1348 et
390 1308 437 1348 in
458 1308 541 1359 iis,
571 1318 690 1358 quae
721 1305 780 1346 ad
808 1304 1155 1345 confessionem
1184 1313 1464 1353 sacramque
1495 1299 1779 1340 communio-

143 1391 247 1420 nem
278 1380 534 1431 pertinent,
566 1385 610 1418 et
637 1389 757 1430 quae
791 1377 851 1416 ad
877 1376 1130 1416 multarum
1156 1374 1355 1414 salutem
1382 1373 1645 1413 animarum
1681 1382 1779 1422 spe-

140 1457 289 1501 ctant,
314 1457 364 1491 ut
385 1450 465 1502 qui
486 1451 661 1490 nollent
682 1450 854 1505 multos
874 1453 1089 1487 nostrum
1111 1444 1336 1485 accedere
1359 1444 1418 1484 ad
1439 1443 1680 1494 templum,
1706 1454 1779 1482 ne-

139 1534 229 1575 que
263 1523 309 1562 in
337 1522 501 1562 eodem
536 1533 642 1561 curn
677 1520 894 1560 Patribus
929 1518 1164 1569 confiteri,
1204 1516 1329 1568 quod
1363 1516 1573 1555 dicerent
1607 1513 1696 1554 hoc
1733 1525 1781 1553 se

141 1594 286 1634 nihilo
314 1594 469 1633 minus
496 1593 572 1633 vel
606 1592 748 1632 etiam
782 1591 948 1631 melius
982 1600 1121 1641 posse
1150 1594 1421 1640 praestare,
1452 1587 1631 1626 interea
1666 1585 1783 1625 nihil

140 1673 220 1705 aut
253 1677 421 1717 parum
453 1669 663 1714 agentes.
696 1662 798 1714 Quo
826 1661 875 1701 fit
902 1667 952 1701 ut
978 1661 1231 1700 multorum
1259 1659 1444 1698 animae
1475 1657 1701 1697 maiorem
1735 1656 1783 1696 in

140 1737 329 1777 modum
351 1735 696 1787 perturbentur,
720 1739 765 1773 et
787 1733 970 1784 aliquae
991 1731 1118 1771 haud
1139 1730 1275 1770 dubie
1293 1729 1564 1781 perdantur.

221 1808 372 1859 Virgo
396 1806 627 1858 quaedam
646 1805 794 1845 variis
816 1810 915 1844 tum
936 1803 1122 1843 animae
1143 1808 1241 1842 tum
1263 1801 1476 1852 corporis
1508 1799 1693 1839 dotibus
1718 1799 1782 1838 in-

142 1879 290 1930 signis
325 1885 374 1918 ut
409 1890 551 1930 quae,
589 1883 777 1929 praeter
811 1876 928 1915 alias
964 1874 1194 1926 quasdam
1229 1879 1355 1913 artes
1390 1872 1499 1912 huic
1533 1871 1668 1911 sexui
1707 1870 1783 1909 vel

142 1950 494 2000 accommodas,
518 1949 680 1989 literas
709 1959 895 1999 quoque
923 1946 1162 1998 politiores
1189 1944 1452 1994 didicisset,
1483 1954 1589 1983 cum
1616 1941 1785 1993 viginti

142 2033 290 2062 annos
313 2021 515 2073 quadam
541 2020 588 2060 in
614 2019 842 2070 religione
869 2018 1175 2070 perstitisset,
1208 2022 1252 2056 et
1281 2015 1340 2055 ad
1368 2014 1577 2055 eiusdem
1609 2012 1782 2064 profes-

141 2093 321 2132 sionem
350 2093 476 2132 nullo
499 2097 640 2143 pacto
663 2090 846 2130 admitti
868 2089 1116 2139 valuisset,
1141 2087 1265 2138 quod
1287 2087 1405 2126 aliae
1433 2085 1647 2125 coenobii
1668 2083 1783 2124 eius-

143 2163 268 2215 dem,
306 2164 415 2204 licet
448 2163 605 2203 multis
636 2162 849 2214 partibus
877 2160 1143 2210 inferiores,
1170 2159 1261 2198 hoc
1288 2170 1383 2198 non
1411 2162 1568 2197 essent
1597 2167 1782 2207 passae,

141 2246 200 2274 ne
233 2241 425 2286 propter
452 2246 586 2274 suam
612 2233 758 2285 ipsius
784 2233 1008 2272 virtutem
1034 2230 1273 2283 praefecta
1304 2229 1589 2280 reliquarum
1617 2227 1783 2267 consti-

143 2312 369 2355 tueretur-3
392 2311 523 2345 tanta
544 2304 629 2345 fuit
649 2305 770 2344 mole
791 2304 1104 2344 tentationum
1126 2312 1353 2353 oppressa
1375 2305 1423 2339 ut
1445 2299 1634 2339 omnino
1656 2309 1785 2349 egre-

144 2377 347 2417 deretur.
372 2376 434 2417 At
455 2388 549 2416 non
570 2376 714 2416 multo
737 2381 843 2427 post
864 2380 1074 2425 tempore
1096 2384 1203 2413 cum
1230 2372 1391 2421 aliam,
1429 2369 1617 2410 tametsi
1646 2369 1786 2420 longe

145 2449 420 2497 tenuiorem,
446 2448 662 2498 ingressa
682 2446 845 2486 fuisset
865 2446 1159 2496 religionem,
1183 2442 1448 2494 ibidemque
1469 2443 1621 2481 scelus
1645 2440 1786 2492 quod-

147 2519 256 2559 dam
278 2523 612 2570 perpetrasset,
637 2518 762 2569 quod
783 2529 867 2557 suo
883 2516 1071 2556 nolebat
1092 2521 1302 2565 retegere
1324 2512 1628 2562 confessario,
1649 2512 1786 2552 simu-

146 2592 240 2630 lata
262 2590 503 2641 religionis
531 2589 824 2639 difficultate,
858 2589 999 2628 aliam
1026 2588 1074 2627 in
1096 2586 1338 2626 civitatem
1368 2596 1418 2624 se
1445 2583 1661 2634 contulit3
1695 2595 1786 2634 quo

146 2663 194 2702 in
221 2663 339 2712 loco,
371 2661 647 2701 coenobium
675 2660 802 2700 aliud
829 2660 1069 2710 virginum
1096 2658 1283 2707 sortita,
1323 2667 1428 2696 cum
1463 2667 1556 2695 non
1591 2655 1787 2695 multum

147 2733 372 2784 temporis
392 2737 764 2784 perseverasset,
797 2737 987 2782 arrepta
1013 2730 1148 2780 fuga,
1179 2730 1269 2768 huc
1296 2728 1342 2767 in
1372 2727 1537 2767 matris
1567 2738 1678 2766 suae
1710 2725 1786 2765 do-

149 2816 276 2844 mum
296 2803 511 2852 tetendit3
536 2814 625 2854 quo
647 2814 754 2842 cum
781 2802 1004 2842 sacerdos
1031 2800 1243 2851 quidam,
1274 2798 1539 2839 sanctitatis
1568 2797 1788 2848 egregius

149 2875 409 2925 simulator,
432 2874 700 2925 frequenter
723 2879 1022 2922 commearet,
1043 2872 1090 2911 in
1110 2871 1234 2911 hanc
1251 2870 1421 2910 misere
1443 2868 1594 2920 coepit
1612 2867 1786 2919 deperi-

149 2958 215 2997 re,
238 2947 301 2986 ita
324 2952 372 2985 ut
394 2945 729 2986 commercium
749 2943 1068 2984 execrandum
1088 2953 1194 2982 cum
1215 2941 1369 2993 puella
1391 2939 1577 2992 saepius
1599 2939 1787 2979 Christo

150 3023 429 3058 consecrata
458 3028 542 3068 per
575 3015 827 3056 triennium
861 3014 1227 3066 flagitiosissime
1265 3011 1493 3052 habuerit.
1535 3010 1628 3052 Sed
1662 3009 1786 3059 Vide,
