2080 3392
901 207 983 244 AN.
1015 205 1107 244 1554
1757 204 1830 240 555

183 312 307 346 ctem
329 317 472 358 quam
492 305 607 346 facit
629 306 905 346 concionem
923 304 1242 357 protraheret,
1259 302 1404 355 jejuni
1421 313 1606 354 quoque
1622 301 1827 341 libentis-

183 377 300 418 sime
323 377 607 427 audiremus;
634 383 766 417 tanta
788 389 894 417 eum
916 376 1148 417 audiendo
1166 375 1394 415 afficimur
1412 373 1645 425 spirituali
1666 383 1828 412 conso-

183 449 374 489 latione.
413 448 552 488 Pueri
587 449 676 500 ipsi
709 460 816 489 cum
850 448 898 488 in
926 448 1060 488 bonis
1081 447 1290 488 moribus
1311 452 1410 487 tum
1433 446 1479 485 in
1499 444 1647 485 literis
1668 445 1828 484 huma-

184 520 397 560 nioribus
419 519 595 560 Christi
615 521 772 571 gratia
792 519 1056 572 proficiunt.

266 591 386 632 Vale
408 592 456 632 in
478 592 664 632 Christo
686 591 788 633 Rde
815 597 954 644 atque
975 590 1302 631 colendissime
1323 590 1477 630 Pater.

267 663 482 704 Venetiis
505 676 586 703 xm
606 662 848 704 Kalendas
867 662 1097 703 Februari
1122 662 1244 710 1554,

268 735 491 785 indignus
513 735 559 775 in
583 734 773 775 Christo
795 746 978 784 servus,

1270 876 1428 917 CESAR
1457 875 1670 916 HELMUS.

270 1093 302 1132 I
305 1105 336 1132 n
357 1096 533 1144 quarta
553 1092 740 1144 pagina
762 1091 859 1132 alia
881 1102 1055 1131 mame:
1075 1090 1299 1139 Venetia,
1322 1090 1388 1129 54.

269 1165 339 1217 p.0
361 1165 406 1205 di
426 1164 643 1205 Febraio.
668 1164 771 1204 Hoc
792 1162 941 1203 deleto
956 1195 967 1213 ,
983 1161 1219 1213 scrz'ptmn
1235 1165 1306 1201 est
1321 1161 1457 1212 infra
1471 1173 1484 1200 .·
1501 1161 1553 1201 20
1571 1161 1616 1201 di
1633 1160 1831 1201 Genaio.

867 1592 1176 1649 CCLXXV

268 1823 363 1861 Leo
387 1823 457 1861 del
477 1823 626 1871 Giglio

318 1890 444 1927 Patri
461 1890 632 1937 Ignatio
653 1890 706 1928 de
725 1890 910 1939 Loyola.

368 1956 617 2001 Florentia,
638 1956 685 1993 20
703 1956 903 2003 Januarii
924 1956 1016 1993 1554
1034 1956 1060 1991 ¹.

974 2166 1073 2219 jhs.

286 2381 353 2421 La
376 2392 479 2432 gra.
505 2387 548 2421 et
569 2393 686 2433 pace
708 2381 754 2421 di
774 2381 828 2422 N.
854 2381 942 2422 §.fe
965 2382 1033 2421 sia
1055 2393 1240 2433 sempre
1263 2392 1350 2421 con
1373 2379 1480 2419 tutti
1501 2377 1579 2417 noi
1602 2387 1754 2416 amen.

286 2453 430 2493 Molto
453 2452 556 2492 R.d0
583 2453 629 2493 in
650 2453 734 2494 X.⁰
760 2453 804 2494 Ρ.

284 2524 472 2565 Benche
494 2526 644 2575 poche
667 2537 775 2566 cose
798 2526 840 2566 ci
862 2526 1109 2566 occorrino
1131 2525 1190 2565 da
1212 2524 1421 2564 scrivere
1444 2535 1470 2562 a
1492 2521 1551 2562 V.
1577 2520 1630 2560 R.
1649 2518 1716 2568 P.;
1735 2530 1854 2558 non-

207 2596 394 2637 dimeno
425 2608 510 2648 per
541 2596 760 2637 satisfare
797 2597 870 2637 all’
910 2597 1190 2645 obedientia,
1228 2596 1529 2636 brevemente
1566 2592 1630 2643 gli
1661 2591 1855 2631 daremo

208 2669 346 2708 aviso
369 2667 477 2708 delli
498 2667 523 2706 4
543 2668 659 2708 mesi
680 2669 874 2719 passati.

287 2739 363 2779 Ρ.Ο
391 2740 457 2791 gli
484 2740 689 2780 scholari
716 2740 865 2780 nostri
891 2740 1035 2780 fanno
1056 2739 1201 2780 frutto
1228 2739 1347 2779 nelle
1377 2739 1539 2778 lettere
1571 2742 1615 2775 et
1644 2734 1755 2774 boni
1780 2745 1855 2773 co-

210 2811 366 2861 smmi,
400 2811 530 2851 molti
551 2811 590 2850 si
626 2810 906 2851 confessario
936 2817 981 2851 et
1015 2822 1163 2851 sonno
1199 2809 1453 2850 confessati
1485 2819 1575 2848 con
1610 2806 1676 2857 gli
1707 2804 1857 2845 nostri

210 2882 279 2934 P.,
314 2882 525 2923 anchora
560 2882 606 2922 di
633 2883 774 2934 quelli
802 2883 888 2923 che
915 2883 1046 2923 molti
1075 2882 1186 2922 anni
1216 2881 1373 2922 inanzi
1400 2891 1494 2920 non
1522 2881 1557 2919 s'
1589 2889 1733 2918 erano
1764 2876 1858 2916 mai

267 3045 278 3065 ¹
318 3045 371 3072 Ex
389 3045 554 3079 exemplo,
570 3045 657 3079 quod
672 3045 813 3072 videtur
830 3045 1095 3079 autographum,
1112 3045 1144 3072 in
1159 3045 1239 3072 folio
1255 3044 1390 3079 duplici.
1409 3051 1439 3071 n.
1456 3043 1499 3070 59.
