2080 3392
846 136 930 173 AN.
962 136 1054 174 1553
1705 139 1776 176 285

800 622 1106 678 CCXXIII

196 894 417 931 Robertus
434 893 740 942 Clayssonius,

242 957 311 995 Ex
330 959 652 997 commissione
674 960 819 998 Patris
839 961 1067 998 Paschasii
1087 961 1242 1008 Broet‚

292 1024 414 1061 Patri
432 1025 602 1072 Ignatio
622 1026 675 1063 de
695 1025 880 1074 Loyola.

336 1089 533 1136 Parisiis,
556 1091 579 1127 7
597 1091 700 1139 Maji
724 1092 858 1139 1553&

198 1300 298 1340 Pax
314 1300 505 1340 Domini
526 1300 614 1340 Dei
634 1302 784 1341 nostri
804 1301 915 1355 Jesu
938 1301 1112 1342 Christi
1132 1302 1340 1354 perfecta
1363 1314 1450 1342 nos
1472 1302 1613 1343 donet
1633 1303 1769 1344 liber-

122 1378 231 1412 tate.
254 1372 422 1412 Amen.

202 1441 251 1483 Si
273 1455 476 1495 unquam
498 1444 748 1494 hactenus,
773 1450 871 1484 tum
892 1456 1038 1495 nova,
1069 1451 1167 1485 tum
1199 1446 1355 1496 varia,
1386 1445 1442 1486 de
1470 1446 1768 1497 negotiorum

123 1513 372 1555 Societatis
406 1526 628 1555 successu
665 1515 901 1556 scribendi
937 1522 1218 1567 argumenta
1253 1517 1410 1557 oblata
1450 1518 1585 1558 nobis
1620 1517 1766 1567 fuere,

119 1598 257 1626 nemo
294 1586 496 1638 inficias,
534 1588 710 1639 absque
745 1588 960 1628 veritatis
994 1589 1224 1640 periculo,
1259 1589 1326 1629 ire
1355 1589 1549 1641 poterit,
1586 1588 1686 1629 R.de
1724 1590 1767 1629 in
1788 1614 1792 1619 -

122 1657 309 1697 Christo
327 1657 482 1707 Pater,
511 1658 799 1699 uberrimam
820 1659 876 1700 de
898 1671 1055 1700 rerum
1075 1666 1363 1709 nostrarum,
1387 1672 1481 1700 non
1503 1660 1658 1700 dicam
1679 1667 1767 1700 sta-

121 1735 184 1779 tu,
209 1729 291 1769 sed
313 1730 639 1781 commotione,
660 1731 748 1770 hoc
770 1731 982 1782 proxime
1004 1732 1163 1783 elapso
1187 1731 1534 1784 quadrimestri,
1559 1743 1647 1771 nos
1667 1730 1769 1771 fati-

119 1807 261 1851 gante
283 1801 330 1840 in
350 1801 473 1841 hunc
491 1813 637 1853 usque
655 1802 792 1853 diem,
811 1804 1043 1854 permulta
1062 1803 1296 1843 referendi
1318 1804 1615 1843 occasionem
1634 1803 1769 1843 nobis

123 1873 404 1914 occurrisse:
435 1885 633 1926 quorum
655 1875 931 1915 memoriam
954 1875 1200 1926 refricare,
1231 1875 1321 1915 nisi
1349 1875 1615 1915 Beatissimi
1644 1875 1766 1927 Apo-

121 1945 225 1985 stoli
255 1946 491 1997 exemplo,
524 1946 572 1985 in
601 1946 1005 1997 persecutionibus
1037 1953 1082 1986 et
1116 1946 1483 1987 adversitatibus
1513 1947 1647 1986 nobis
1674 1948 1766 1999 pla—

121 2028 227 2056 cere
248 2023 293 2057 et
315 2016 501 2057 Christo
522 2018 704 2069 gratias
726 2029 869 2069 agere
891 2018 1058 2069 edocti,
1084 2029 1140 2058 ac
1162 2018 1340 2070 pariter
1362 2030 1527 2058 sacrae
1551 2017 1765 2058 obedien-

122 2077 213 2128 tiae
234 2089 327 2129 levi
347 2089 458 2140 iugo
481 2090 677 2140 assueti,
704 2089 763 2129 ad
784 2090 1015 2142 imperata
1045 2097 1284 2130 maturare
1315 2090 1640 2139 incitaremur,
1673 2090 1767 2130 ani-

120 2172 223 2200 mus
243 2172 336 2200 non
357 2168 500 2201 esset:
526 2161 649 2212 Quin
668 2162 824 2213 potius
846 2162 1119 2203 universam
1140 2161 1443 2212 Societatem,
1470 2161 1643 2202 nedum
1665 2161 1764 2202 Col-

120 2232 294 2283 legium
313 2231 594 2281 Parisiense‚
615 2233 1022 2288 calumniantibus,
1045 2246 1101 2274 ac
1122 2233 1512 2285 persequentibus
1533 2244 1633 2282 nos,
1653 2233 1766 2273 iniu-

119 2303 298 2343 riarum
332 2304 553 2354 omnium,
590 2305 842 2345 memoriae
868 2305 1166 2356 imperatam,
1201 2304 1500 2355 oblivionem,
1535 2305 1767 2344 adiunctis

125 2374 389 2414 orationum
411 2375 657 2426 suppetiis,
688 2387 773 2426 pro
795 2375 1057 2416 maledictis
1086 2376 1398 2426 reddendam,
1422 2375 1512 2415 hac
1534 2375 1633 2415 sola
1661 2387 1765 2415 con-

122 2446 236 2485 tenti
254 2445 481 2485 modestia
500 2446 855 2487 indicassemus.
876 2446 1056 2487 Verum
1078 2446 1265 2499 quando
1284 2446 1333 2487 P.
1354 2453 1461 2487 tuae
1484 2446 1678 2486 arbitrio
1701 2447 1766 2487 ita

118 2516 273 2556 visum
293 2522 364 2557 est
384 2522 433 2556 ut
448 2528 471 2556 e
489 2517 686 2568 singulis
703 2516 953 2558 Societatis
970 2524 1162 2558 nostrae
1180 2518 1405 2569 Collegiis
1423 2524 1519 2557 tum
1538 2529 1766 2569 prospera

117 2593 216 2627 tum
238 2587 461 2637 adversa,
486 2588 690 2639 quolibet
711 2589 1044 2640 quadrimestri
1064 2589 1314 2629 intervallo
1338 2595 1498 2639 gesta,
1524 2588 1583 2628 ad
1609 2588 1766 2629 Pater-

117 2658 312 2698 nitatem
342 2665 471 2698 tuam
506 2659 739 2699 referendi
774 2660 849 2699 lex
884 2660 1095 2700 instituta
1131 2660 1213 2710 sit,
1251 2671 1337 2700 nos
1369 2670 1554 2711 quoque
1582 2658 1674 2700 fido
1710 2672 1765 2700 ac

119 2736 336 2781 prompto
354 2730 497 2770 animi
514 2729 685 2770 affectu
704 2731 968 2782 symbolum
980 2738 1193 2772 nostrum
1212 2731 1478 2778 afferemus,
1497 2736 1542 2771 et
1554 2742 1625 2782 ea,
1645 2743 1765 2783 quae

176 2913 183 2932 ¹
224 2914 473 2949 Autographae
489 2915 521 2941 in
537 2915 750 2949 quadruplici
766 2915 855 2948 solio,
871 2923 925 2943 nn.
940 2916 1071 2943 309-312.
1087 2915 1156 2943 Eas
1169 2917 1313 2942 multum
1324 2915 1522 2942 decurtavit
1533 2918 1567 2942 et
1584 2915 1617 2942 in
1630 2916 1763 2950 paucis-

114 2960 212 2987 simis
227 2961 422 2989 emendavit
440 2961 617 2990 Poiancus,
633 2963 689 2989 sed
706 2962 760 2989 hic
777 2970 845 2997 nos,
864 2969 963 2997 prout
979 2970 998 2990 a
1014 2961 1216 2998 Clayssonio
1238 2962 1389 2996 scriptae
1405 2965 1494 2995 sunt,
1519 2962 1764 2990 describemus.
