<?xml version="1.0" encoding="UTF-8"?>
<!DOCTYPE html PUBLIC "-//W3C//DTD XHTML 1.0 Transitional//EN"
    "http://www.w3.org/TR/xhtml1/DTD/xhtml1-transitional.dtd">
<html xmlns="http://www.w3.org/1999/xhtml" xml:lang="en" lang="en">
 <head>
  <title>
</title>
<meta http-equiv="Content-Type" content="text/html;charset=utf-8" />
  <meta name='ocr-system' content='tesseract 3.04.00' />
  <meta name='ocr-capabilities' content='ocr_page ocr_carea ocr_par ocr_line ocrx_word'/>
</head>
<body>
  <div class='ocr_page' id='page_1' title='image "./litteraequadrime14lain_0102.png"; bbox 0 0 2080 3392; ppageno 0'>
   <div class='ocr_carea' id='block_1_1' title="bbox 343 215 1466 257">
    <p class='ocr_par' dir='ltr' id='par_1_1' title="bbox 343 215 1466 257">
     <span class='ocr_line' id='line_1_1' title="bbox 343 215 1466 257; baseline -0.004 -3"><span class='ocrx_word' id='word_1_1' title='bbox 343 217 393 254; x_wconf 75' lang='lat'>98</span> <span class='ocrx_word' id='word_1_2' title='bbox 851 215 1078 252; x_wconf 76' lang='lat' dir='ltr'>LITTERAE</span> <span class='ocrx_word' id='word_1_3' title='bbox 1106 224 1466 257; x_wconf 79' lang='lat' dir='ltr'><strong>QUADRIMESTRES</strong></span> 
     </span>
    </p>
   </div>
   <div class='ocr_carea' id='block_1_2' title="bbox 335 309 1978 2840">
    <p class='ocr_par' dir='ltr' id='par_1_2' title="bbox 339 309 1978 1201">
     <span class='ocr_line' id='line_1_2' title="bbox 344 309 1974 361; baseline -0.002 -9"><span class='ocrx_word' id='word_1_4' title='bbox 344 312 545 352; x_wconf 77' lang='lat' dir='ltr'>Sanctae</span> <span class='ocrx_word' id='word_1_5' title='bbox 575 311 876 352; x_wconf 88' lang='lat' dir='ltr'>Obedientiae</span> <span class='ocrx_word' id='word_1_6' title='bbox 906 310 1203 361; x_wconf 87' lang='lat' dir='ltr'>promulgata</span> <span class='ocrx_word' id='word_1_7' title='bbox 1230 310 1354 360; x_wconf 88' lang='lat' dir='ltr'>lege,</span> <span class='ocrx_word' id='word_1_8' title='bbox 1380 309 1679 349; x_wconf 86' lang='lat' dir='ltr'>oeconomiae</span> <span class='ocrx_word' id='word_1_9' title='bbox 1707 314 1897 349; x_wconf 87' lang='lat' dir='ltr'>nostrae</span> <span class='ocrx_word' id='word_1_10' title='bbox 1920 321 1974 348; x_wconf 88' lang='lat' dir='ltr'>ac</span> 
     </span>
     <span class='ocr_line' id='line_1_3' title="bbox 343 379 1973 430; baseline -0.002 -7"><span class='ocrx_word' id='word_1_11' title='bbox 343 383 626 423; x_wconf 89' lang='lat' dir='ltr'>domesticae</span> <span class='ocrx_word' id='word_1_12' title='bbox 662 380 1011 422; x_wconf 75' lang='lat' dir='ltr'>consuetudinis</span> <span class='ocrx_word' id='word_1_13' title='bbox 1043 380 1253 420; x_wconf 79' lang='lat' dir='ltr'>ordinem</span> <span class='ocrx_word' id='word_1_14' title='bbox 1283 379 1592 420; x_wconf 88' lang='lat' dir='ltr'>Reverentiae</span> <span class='ocrx_word' id='word_1_15' title='bbox 1623 385 1729 419; x_wconf 88' lang='lat' dir='ltr'>tuae</span> <span class='ocrx_word' id='word_1_16' title='bbox 1761 391 1973 430; x_wconf 84' lang='lat' dir='ltr'>compen-</span> 
     </span>
     <span class='ocr_line' id='line_1_4' title="bbox 344 450 1976 502; baseline -0.002 -9"><span class='ocrx_word' id='word_1_17' title='bbox 344 454 493 493; x_wconf 86' lang='lat' dir='ltr'>diaria</span> <span class='ocrx_word' id='word_1_18' title='bbox 529 453 825 493; x_wconf 73' lang='lat' dir='ltr'>enarratione</span> <span class='ocrx_word' id='word_1_19' title='bbox 852 452 1156 502; x_wconf 79' lang='lat' dir='ltr'>explicemus3</span> <span class='ocrx_word' id='word_1_20' title='bbox 1195 457 1292 490; x_wconf 89' lang='lat' dir='ltr'>tum</span> <span class='ocrx_word' id='word_1_21' title='bbox 1322 462 1491 490; x_wconf 89' lang='lat' dir='ltr'>usurae</span> <span class='ocrx_word' id='word_1_22' title='bbox 1526 450 1802 501; x_wconf 90' lang='lat' dir='ltr'>spiritualis,</span> <span class='ocrx_word' id='word_1_23' title='bbox 1836 462 1976 501; x_wconf 89' lang='lat' dir='ltr'>quarn</span> 
     </span>
     <span class='ocr_line' id='line_1_5' title="bbox 342 521 1974 573; baseline -0.002 -9"><span class='ocrx_word' id='word_1_24' title='bbox 342 524 462 564; x_wconf 70' lang='lat' dir='ltr'>R.d¹³S</span> <span class='ocrx_word' id='word_1_25' title='bbox 487 524 624 564; x_wconf 88' lang='lat' dir='ltr'>Pater</span> <span class='ocrx_word' id='word_1_26' title='bbox 645 522 946 572; x_wconf 76' lang='lat' dir='ltr'>Paschasius,</span> <span class='ocrx_word' id='word_1_27' title='bbox 973 534 1030 562; x_wconf 84' lang='lat' dir='ltr'>ex</span> <span class='ocrx_word' id='word_1_28' title='bbox 1052 533 1142 573; x_wconf 86' lang='lat' dir='ltr'>quo</span> <span class='ocrx_word' id='word_1_29' title='bbox 1165 528 1374 572; x_wconf 88' lang='lat' dir='ltr'>tempore</span> <span class='ocrx_word' id='word_1_30' title='bbox 1403 521 1494 560; x_wconf 90' lang='lat' dir='ltr'>huc</span> <span class='ocrx_word' id='word_1_31' title='bbox 1525 521 1868 572; x_wconf 88' lang='lat' dir='ltr'>commigravit,</span> <span class='ocrx_word' id='word_1_32' title='bbox 1904 533 1974 560; x_wconf 91' lang='lat' dir='ltr'>ac-</span> 
     </span>
     <span class='ocr_line' id='line_1_6' title="bbox 342 591 1974 646; baseline -0.003 -11"><span class='ocrx_word' id='word_1_33' title='bbox 342 596 464 646; x_wconf 91' lang='lat' dir='ltr'>cepti</span> <span class='ocrx_word' id='word_1_34' title='bbox 485 607 511 634; x_wconf 87' lang='lat' dir='ltr'>a</span> <span class='ocrx_word' id='word_1_35' title='bbox 532 594 734 634; x_wconf 78' lang='lat' dir='ltr'>Domino</span> <span class='ocrx_word' id='word_1_36' title='bbox 756 593 916 633; x_wconf 90' lang='lat' dir='ltr'>talenti</span> <span class='ocrx_word' id='word_1_37' title='bbox 938 593 1144 633; x_wconf 90' lang='lat' dir='ltr'>subsidio</span> <span class='ocrx_word' id='word_1_38' title='bbox 1166 592 1331 642; x_wconf 88' lang='lat' dir='ltr'>fretus,</span> <span class='ocrx_word' id='word_1_39' title='bbox 1364 592 1554 631; x_wconf 86' lang='lat' dir='ltr'>uberem</span> <span class='ocrx_word' id='word_1_40' title='bbox 1589 592 1775 643; x_wconf 89' lang='lat' dir='ltr'>quidem</span> <span class='ocrx_word' id='word_1_41' title='bbox 1797 603 1852 631; x_wconf 89' lang='lat' dir='ltr'>ac</span> <span class='ocrx_word' id='word_1_42' title='bbox 1884 591 1974 631; x_wconf 85' lang='lat' dir='ltr'>fru-</span> 
     </span>
     <span class='ocr_line' id='line_1_7' title="bbox 343 662 1974 714; baseline -0.002 -9"><span class='ocrx_word' id='word_1_43' title='bbox 343 672 555 705; x_wconf 85' lang='lat' dir='ltr'>ctuosam</span> <span class='ocrx_word' id='word_1_44' title='bbox 577 665 763 704; x_wconf 88' lang='lat' dir='ltr'>Christo</span> <span class='ocrx_word' id='word_1_45' title='bbox 785 664 992 703; x_wconf 89' lang='lat' dir='ltr'>lucratus</span> <span class='ocrx_word' id='word_1_46' title='bbox 1019 664 1098 714; x_wconf 90' lang='lat' dir='ltr'>sit,</span> <span class='ocrx_word' id='word_1_47' title='bbox 1130 663 1361 703; x_wconf 90' lang='lat' dir='ltr'>rationem</span> <span class='ocrx_word' id='word_1_48' title='bbox 1392 662 1692 702; x_wconf 86' lang='lat' dir='ltr'>Paternitatis</span> <span class='ocrx_word' id='word_1_49' title='bbox 1719 668 1827 702; x_wconf 93' lang='lat' dir='ltr'>tuae</span> <span class='ocrx_word' id='word_1_50' title='bbox 1857 662 1974 702; x_wconf 92' lang='lat' dir='ltr'>arbi-</span> 
     </span>
     <span class='ocr_line' id='line_1_8' title="bbox 341 732 1973 785; baseline -0.002 -10"><span class='ocrx_word' id='word_1_51' title='bbox 341 737 431 776; x_wconf 85' lang='lat' dir='ltr'>trio</span> <span class='ocrx_word' id='word_1_52' title='bbox 455 735 728 785; x_wconf 68' lang='lat' dir='ltr'>reddamus,</span> <span class='ocrx_word' id='word_1_53' title='bbox 752 743 989 785; x_wconf 89' lang='lat' dir='ltr'>postremo</span> <span class='ocrx_word' id='word_1_54' title='bbox 1019 734 1337 785; x_wconf 84' lang='lat' dir='ltr'>negotiorum,</span> <span class='ocrx_word' id='word_1_55' title='bbox 1369 732 1579 783; x_wconf 90' lang='lat' dir='ltr'>erigendi</span> <span class='ocrx_word' id='word_1_56' title='bbox 1610 732 1805 784; x_wconf 91' lang='lat' dir='ltr'>Collegii</span> <span class='ocrx_word' id='word_1_57' title='bbox 1834 733 1973 772; x_wconf 85' lang='lat' dir='ltr'>facul-</span> 
     </span>
     <span class='ocr_line' id='line_1_9' title="bbox 341 804 1977 855; baseline -0.002 -9"><span class='ocrx_word' id='word_1_58' title='bbox 341 813 484 847; x_wconf 85' lang='lat' dir='ltr'>tatem</span> <span class='ocrx_word' id='word_1_59' title='bbox 524 818 579 846; x_wconf 89' lang='lat' dir='ltr'>ac</span> <span class='ocrx_word' id='word_1_60' title='bbox 614 806 680 845; x_wconf 88' lang='lat' dir='ltr'>rei</span> <span class='ocrx_word' id='word_1_61' title='bbox 719 805 966 845; x_wconf 88' lang='lat' dir='ltr'>familiaris</span> <span class='ocrx_word' id='word_1_62' title='bbox 1004 804 1286 845; x_wconf 88' lang='lat' dir='ltr'>adminicula</span> <span class='ocrx_word' id='word_1_63' title='bbox 1325 804 1664 855; x_wconf 79' lang='lat' dir='ltr'>spectantium,</span> <span class='ocrx_word' id='word_1_64' title='bbox 1706 815 1977 843; x_wconf 90' lang='lat' dir='ltr'>successum</span> 
     </span>
     <span class='ocr_line' id='line_1_10' title="bbox 341 875 1978 927; baseline -0.002 -10"><span class='ocrx_word' id='word_1_65' title='bbox 341 878 664 918; x_wconf 90' lang='lat' dir='ltr'>communibus</span> <span class='ocrx_word' id='word_1_66' title='bbox 684 877 809 917; x_wconf 85' lang='lat' dir='ltr'>votis</span> <span class='ocrx_word' id='word_1_67' title='bbox 831 877 1115 927; x_wconf 80' lang='lat' dir='ltr'>aspirantem</span> <span class='ocrx_word' id='word_1_68' title='bbox 1137 877 1426 916; x_wconf 80' lang='lat' dir='ltr'>nunciemus.</span> <span class='ocrx_word' id='word_1_69' title='bbox 1453 875 1582 926; x_wconf 87' lang='lat' dir='ltr'>Quae</span> <span class='ocrx_word' id='word_1_70' title='bbox 1603 875 1812 926; x_wconf 89' lang='lat' dir='ltr'>singula,</span> <span class='ocrx_word' id='word_1_71' title='bbox 1845 875 1978 926; x_wconf 85' lang='lat' dir='ltr'>quasi</span> 
     </span>
     <span class='ocr_line' id='line_1_11' title="bbox 341 946 1976 999; baseline -0.002 -11"><span class='ocrx_word' id='word_1_72' title='bbox 341 950 533 988; x_wconf 79' lang='lat' dir='ltr'>ansulae</span> <span class='ocrx_word' id='word_1_73' title='bbox 554 948 805 988; x_wconf 87' lang='lat' dir='ltr'>catenatim</span> <span class='ocrx_word' id='word_1_74' title='bbox 827 960 876 987; x_wconf 90' lang='lat' dir='ltr'>se</span> <span class='ocrx_word' id='word_1_75' title='bbox 894 954 1231 999; x_wconf 87' lang='lat' dir='ltr'>consequentes</span> <span class='ocrx_word' id='word_1_76' title='bbox 1253 953 1391 998; x_wconf 84' lang='lat' dir='ltr'>atque</span> <span class='ocrx_word' id='word_1_77' title='bbox 1409 958 1642 996; x_wconf 76' lang='lat' dir='ltr'>annexae,</span> <span class='ocrx_word' id='word_1_78' title='bbox 1666 946 1905 986; x_wconf 92' lang='lat' dir='ltr'>succincta</span> <span class='ocrx_word' id='word_1_79' title='bbox 1922 958 1976 986; x_wconf 91' lang='lat' dir='ltr'>ac</span> 
     </span>
     <span class='ocr_line' id='line_1_12' title="bbox 340 1016 1977 1071; baseline -0.001 -14"><span class='ocrx_word' id='word_1_80' title='bbox 340 1019 588 1071; x_wconf 84' lang='lat' dir='ltr'>perspicua</span> <span class='ocrx_word' id='word_1_81' title='bbox 611 1019 728 1058; x_wconf 90' lang='lat' dir='ltr'>serie</span> <span class='ocrx_word' id='word_1_82' title='bbox 751 1031 777 1058; x_wconf 90' lang='lat' dir='ltr'>a</span> <span class='ocrx_word' id='word_1_83' title='bbox 798 1018 931 1058; x_wconf 91' lang='lat' dir='ltr'>nobis</span> <span class='ocrx_word' id='word_1_84' title='bbox 952 1017 1240 1058; x_wconf 83' lang='lat' dir='ltr'>deducentur</span> <span class='ocrx_word' id='word_1_85' title='bbox 1269 1030 1323 1058; x_wconf 91' lang='lat' dir='ltr'>ac</span> <span class='ocrx_word' id='word_1_86' title='bbox 1350 1023 1671 1069; x_wconf 90' lang='lat' dir='ltr'>proponentur</span> <span class='ocrx_word' id='word_1_87' title='bbox 1702 1016 1761 1056; x_wconf 88' lang='lat' dir='ltr'>ad</span> <span class='ocrx_word' id='word_1_88' title='bbox 1791 1016 1977 1056; x_wconf 87' lang='lat' dir='ltr'>divinae</span> 
     </span>
     <span class='ocr_line' id='line_1_13' title="bbox 340 1088 1973 1141; baseline -0.002 -11"><span class='ocrx_word' id='word_1_89' title='bbox 340 1091 518 1141; x_wconf 88' lang='lat' dir='ltr'>gloriae</span> <span class='ocrx_word' id='word_1_90' title='bbox 553 1089 944 1141; x_wconf 81' lang='lat' dir='ltr'>propagationem</span> <span class='ocrx_word' id='word_1_91' title='bbox 975 1101 1029 1129; x_wconf 89' lang='lat' dir='ltr'>ac</span> <span class='ocrx_word' id='word_1_92' title='bbox 1065 1088 1253 1129; x_wconf 84' lang='lat' dir='ltr'>Paterni</span> <span class='ocrx_word' id='word_1_93' title='bbox 1280 1089 1347 1129; x_wconf 90' lang='lat' dir='ltr'>tui</span> <span class='ocrx_word' id='word_1_94' title='bbox 1374 1088 1583 1128; x_wconf 89' lang='lat' dir='ltr'>mandati</span> <span class='ocrx_word' id='word_1_95' title='bbox 1612 1088 1832 1127; x_wconf 87' lang='lat' dir='ltr'>humilem</span> <span class='ocrx_word' id='word_1_96' title='bbox 1871 1088 1973 1127; x_wconf 91' lang='lat' dir='ltr'>obe-</span> 
     </span>
     <span class='ocr_line' id='line_1_14' title="bbox 339 1161 578 1201; baseline -0.008 0"><span class='ocrx_word' id='word_1_97' title='bbox 339 1161 578 1201; x_wconf 89' lang='lat' dir='ltr'>dientiam.</span> 
     </span>
    </p>

    <p class='ocr_par' dir='ltr' id='par_1_3' title="bbox 335 1224 1978 2840">
     <span class='ocr_line' id='line_1_15' title="bbox 346 1224 1976 1285; baseline -0.001 -14"><span class='ocrx_word' id='word_1_98' title='bbox 346 1224 362 1254; x_wconf 47' lang='grc'><strong><em>*</em></strong></span> <span class='ocrx_word' id='word_1_99' title='bbox 419 1231 653 1283; x_wconf 86' lang='lat' dir='ltr'>Principio</span> <span class='ocrx_word' id='word_1_100' title='bbox 675 1231 832 1282; x_wconf 89' lang='lat' dir='ltr'>igitur,</span> <span class='ocrx_word' id='word_1_101' title='bbox 858 1236 1082 1282; x_wconf 88' lang='lat' dir='ltr'>quantum</span> <span class='ocrx_word' id='word_1_102' title='bbox 1105 1230 1164 1270; x_wconf 88' lang='lat' dir='ltr'>ad</span> <span class='ocrx_word' id='word_1_103' title='bbox 1185 1231 1473 1270; x_wconf 87' lang='lat' dir='ltr'>domesticae</span> <span class='ocrx_word' id='word_1_104' title='bbox 1494 1230 1797 1270; x_wconf 85' lang='lat' dir='ltr'>institutionis</span> <span class='ocrx_word' id='word_1_105' title='bbox 1823 1230 1976 1285; x_wconf 87' lang='lat' dir='ltr'>obser-</span> 
     </span>
     <span class='ocr_line' id='line_1_16' title="bbox 338 1300 1973 1353; baseline -0.001 -11"><span class='ocrx_word' id='word_1_106' title='bbox 338 1303 573 1342; x_wconf 81' lang='lat' dir='ltr'>vationem</span> <span class='ocrx_word' id='word_1_107' title='bbox 598 1303 780 1353; x_wconf 87' lang='lat' dir='ltr'>attinet,</span> <span class='ocrx_word' id='word_1_108' title='bbox 807 1302 885 1342; x_wconf 89' lang='lat' dir='ltr'>filii</span> <span class='ocrx_word' id='word_1_109' title='bbox 907 1302 987 1352; x_wconf 89' lang='lat' dir='ltr'>tui,</span> <span class='ocrx_word' id='word_1_110' title='bbox 1012 1315 1070 1342; x_wconf 79' lang='lat' dir='ltr'>ex</span> <span class='ocrx_word' id='word_1_111' title='bbox 1092 1302 1213 1342; x_wconf 91' lang='lat' dir='ltr'>iusto</span> <span class='ocrx_word' id='word_1_112' title='bbox 1236 1313 1429 1342; x_wconf 89' lang='lat' dir='ltr'>numero</span> <span class='ocrx_word' id='word_1_113' title='bbox 1448 1302 1555 1341; x_wconf 89' lang='lat' dir='ltr'>hinc</span> <span class='ocrx_word' id='word_1_114' title='bbox 1573 1302 1787 1352; x_wconf 89' lang='lat' dir='ltr'>ablegato</span> <span class='ocrx_word' id='word_1_115' title='bbox 1810 1300 1973 1351; x_wconf 89' lang='lat' dir='ltr'>relicti,</span> 
     </span>
     <span class='ocr_line' id='line_1_17' title="bbox 341 1372 1976 1424; baseline -0.001 -11"><span class='ocrx_word' id='word_1_116' title='bbox 341 1373 550 1413; x_wconf 86' lang='lat' dir='ltr'>unanimi</span> <span class='ocrx_word' id='word_1_117' title='bbox 586 1384 818 1413; x_wconf 90' lang='lat' dir='ltr'>consensu</span> <span class='ocrx_word' id='word_1_118' title='bbox 854 1379 994 1424; x_wconf 89' lang='lat' dir='ltr'>atque</span> <span class='ocrx_word' id='word_1_119' title='bbox 1031 1379 1202 1412; x_wconf 90' lang='lat' dir='ltr'>conatu</span> <span class='ocrx_word' id='word_1_120' title='bbox 1240 1384 1422 1422; x_wconf 89' lang='lat' dir='ltr'>omnes,</span> <span class='ocrx_word' id='word_1_121' title='bbox 1461 1373 1579 1412; x_wconf 90' lang='lat' dir='ltr'>inter</span> <span class='ocrx_word' id='word_1_122' title='bbox 1620 1384 1736 1423; x_wconf 89' lang='lat' dir='ltr'>quos</span> <span class='ocrx_word' id='word_1_123' title='bbox 1769 1372 1976 1411; x_wconf 88' lang='lat' dir='ltr'>infimum</span> 
     </span>
     <span class='ocr_line' id='line_1_18' title="bbox 337 1443 1976 1495; baseline -0.001 -11"><span class='ocrx_word' id='word_1_124' title='bbox 337 1446 489 1484; x_wconf 74' lang='lat' dir='ltr'>locuni</span> <span class='ocrx_word' id='word_1_125' title='bbox 530 1444 671 1484; x_wconf 87' lang='lat' dir='ltr'>etiam</span> <span class='ocrx_word' id='word_1_126' title='bbox 720 1444 938 1495; x_wconf 91' lang='lat' dir='ltr'>indignus</span> <span class='ocrx_word' id='word_1_127' title='bbox 981 1455 1184 1494; x_wconf 88' lang='lat' dir='ltr'>occupo,</span> <span class='ocrx_word' id='word_1_128' title='bbox 1226 1443 1491 1483; x_wconf 84' lang='lat' dir='ltr'>vocationis</span> <span class='ocrx_word' id='word_1_129' title='bbox 1537 1455 1649 1483; x_wconf 87' lang='lat' dir='ltr'>suae</span> <span class='ocrx_word' id='word_1_130' title='bbox 1688 1443 1976 1494; x_wconf 87' lang='lat' dir='ltr'>professione</span> 
     </span>
     <span class='ocr_line' id='line_1_19' title="bbox 336 1512 1977 1566; baseline -0.001 -12"><span class='ocrx_word' id='word_1_131' title='bbox 336 1515 481 1566; x_wconf 86' lang='lat' dir='ltr'>probe</span> <span class='ocrx_word' id='word_1_132' title='bbox 503 1514 634 1565; x_wconf 89' lang='lat' dir='ltr'>fungi</span> <span class='ocrx_word' id='word_1_133' title='bbox 664 1514 880 1554; x_wconf 88' lang='lat' dir='ltr'>laborant</span> <span class='ocrx_word' id='word_1_134' title='bbox 908 1514 966 1553; x_wconf 89' lang='lat' dir='ltr'>ad</span> <span class='ocrx_word' id='word_1_135' title='bbox 997 1513 1292 1554; x_wconf 89' lang='lat' dir='ltr'>Christianae</span> <span class='ocrx_word' id='word_1_136' title='bbox 1318 1514 1443 1553; x_wconf 83' lang='lat' dir='ltr'>vitae</span> <span class='ocrx_word' id='word_1_137' title='bbox 1474 1512 1807 1565; x_wconf 87' lang='lat' dir='ltr'>perfectionem</span> <span class='ocrx_word' id='word_1_138' title='bbox 1840 1519 1977 1565; x_wconf 87' lang='lat' dir='ltr'>atque</span> 
     </span>
     <span class='ocr_line' id='line_1_20' title="bbox 346 1585 1976 1635; baseline -0.001 -9"><span class='ocrx_word' id='word_1_139' title='bbox 346 1587 577 1626; x_wconf 87' lang='lat' dir='ltr'>internam</span> <span class='ocrx_word' id='word_1_140' title='bbox 599 1592 643 1625; x_wconf 88' lang='lat' dir='ltr'>et</span> <span class='ocrx_word' id='word_1_141' title='bbox 665 1591 909 1625; x_wconf 78' lang='lat' dir='ltr'>externam</span> <span class='ocrx_word' id='word_1_142' title='bbox 930 1585 1225 1635; x_wconf 78' lang='lat' dir='ltr'>Religionem</span> <span class='ocrx_word' id='word_1_143' title='bbox 1247 1585 1403 1625; x_wconf 85' lang='lat' dir='ltr'>omnia</span> <span class='ocrx_word' id='word_1_144' title='bbox 1426 1596 1510 1624; x_wconf 89' lang='lat' dir='ltr'>sua</span> <span class='ocrx_word' id='word_1_145' title='bbox 1530 1585 1724 1625; x_wconf 89' lang='lat' dir='ltr'>consilia</span> <span class='ocrx_word' id='word_1_146' title='bbox 1747 1597 1801 1624; x_wconf 93' lang='lat' dir='ltr'>ac</span> <span class='ocrx_word' id='word_1_147' title='bbox 1823 1585 1976 1624; x_wconf 90' lang='lat' dir='ltr'>studia</span> 
     </span>
     <span class='ocr_line' id='line_1_21' title="bbox 336 1655 1978 1707; baseline -0.001 -12"><span class='ocrx_word' id='word_1_148' title='bbox 336 1657 655 1706; x_wconf 86' lang='lat' dir='ltr'>conferentes,</span> <span class='ocrx_word' id='word_1_149' title='bbox 680 1657 758 1707; x_wconf 83' lang='lat' dir='ltr'>qui</span> <span class='ocrx_word' id='word_1_150' title='bbox 783 1656 976 1705; x_wconf 86' lang='lat' dir='ltr'>Christi,</span> <span class='ocrx_word' id='word_1_151' title='bbox 1010 1655 1158 1695; x_wconf 90' lang='lat' dir='ltr'>Ducis</span> <span class='ocrx_word' id='word_1_152' title='bbox 1178 1656 1592 1707; x_wconf 86' lang='lat' dir='ltr'>praestantissimi,</span> <span class='ocrx_word' id='word_1_153' title='bbox 1615 1655 1849 1706; x_wconf 89' lang='lat' dir='ltr'>praesidio</span> <span class='ocrx_word' id='word_1_154' title='bbox 1871 1655 1978 1695; x_wconf 88' lang='lat' dir='ltr'>freti</span> 
     </span>
     <span class='ocr_line' id='line_1_22' title="bbox 337 1720 1973 1779; baseline -0.001 -12"><span class='ocrx_word' id='word_1_155' title='bbox 337 1728 572 1779; x_wconf 83' lang='lat' dir='ltr'>armisque</span> <span class='ocrx_word' id='word_1_156' title='bbox 607 1727 895 1778; x_wconf 87' lang='lat' dir='ltr'>spiritalibus</span> <span class='ocrx_word' id='word_1_157' title='bbox 931 1720 1228 1767; x_wconf 72' lang='lat' dir='ltr'>Christianae</span> <span class='ocrx_word' id='word_1_158' title='bbox 1267 1727 1457 1767; x_wconf 89' lang='lat' dir='ltr'>militiae</span> <span class='ocrx_word' id='word_1_159' title='bbox 1496 1726 1756 1777; x_wconf 83' lang='lat' dir='ltr'>insignibus</span> <span class='ocrx_word' id='word_1_160' title='bbox 1794 1726 1973 1777; x_wconf 87' lang='lat' dir='ltr'>muniti,</span> 
     </span>
     <span class='ocr_line' id='line_1_23' title="bbox 336 1797 1974 1848; baseline 0 -11"><span class='ocrx_word' id='word_1_161' title='bbox 336 1799 426 1838; x_wconf 66' lang='lat' dir='ltr'>tela</span> <span class='ocrx_word' id='word_1_162' title='bbox 455 1799 601 1838; x_wconf 87' lang='lat' dir='ltr'>hostis</span> <span class='ocrx_word' id='word_1_163' title='bbox 630 1798 914 1838; x_wconf 81' lang='lat' dir='ltr'>atrocissimi</span> <span class='ocrx_word' id='word_1_164' title='bbox 948 1810 1041 1837; x_wconf 89' lang='lat' dir='ltr'>non</span> <span class='ocrx_word' id='word_1_165' title='bbox 1077 1798 1214 1837; x_wconf 90' lang='lat' dir='ltr'>modo</span> <span class='ocrx_word' id='word_1_166' title='bbox 1249 1797 1494 1837; x_wconf 90' lang='lat' dir='ltr'>retundere</span> <span class='ocrx_word' id='word_1_167' title='bbox 1522 1809 1577 1837; x_wconf 90' lang='lat' dir='ltr'>ac</span> <span class='ocrx_word' id='word_1_168' title='bbox 1608 1797 1786 1848; x_wconf 90' lang='lat' dir='ltr'>seipsos</span> <span class='ocrx_word' id='word_1_169' title='bbox 1816 1797 1974 1837; x_wconf 85' lang='lat' dir='ltr'>divina</span> 
     </span>
     <span class='ocr_line' id='line_1_24' title="bbox 335 1868 1974 1920; baseline 0 -12"><span class='ocrx_word' id='word_1_170' title='bbox 335 1869 626 1920; x_wconf 86' lang='lat' dir='ltr'>protectione</span> <span class='ocrx_word' id='word_1_171' title='bbox 662 1869 917 1908; x_wconf 86' lang='lat' dir='ltr'>incolumes</span> <span class='ocrx_word' id='word_1_172' title='bbox 953 1880 1159 1916; x_wconf 80' lang='lat' dir='ltr'>servare,</span> <span class='ocrx_word' id='word_1_173' title='bbox 1189 1880 1352 1908; x_wconf 83' lang='lat' dir='ltr'>verum</span> <span class='ocrx_word' id='word_1_174' title='bbox 1388 1868 1527 1908; x_wconf 84' lang='lat' dir='ltr'>etiam</span> <span class='ocrx_word' id='word_1_175' title='bbox 1563 1868 1726 1907; x_wconf 90' lang='lat' dir='ltr'>alienis</span> <span class='ocrx_word' id='word_1_176' title='bbox 1758 1868 1974 1919; x_wconf 90' lang='lat' dir='ltr'>periculis</span> 
     </span>
     <span class='ocr_line' id='line_1_25' title="bbox 337 1938 1974 1990; baseline 0 -12"><span class='ocrx_word' id='word_1_177' title='bbox 337 1947 499 1979; x_wconf 83' lang='lat' dir='ltr'>contra</span> <span class='ocrx_word' id='word_1_178' title='bbox 524 1940 715 1979; x_wconf 89' lang='lat' dir='ltr'>hostiles</span> <span class='ocrx_word' id='word_1_179' title='bbox 738 1939 1119 1990; x_wconf 88' lang='lat' dir='ltr'>impugnationes</span> <span class='ocrx_word' id='word_1_180' title='bbox 1141 1939 1380 1990; x_wconf 85' lang='lat' dir='ltr'>suppetias</span> <span class='ocrx_word' id='word_1_181' title='bbox 1401 1938 1522 1978; x_wconf 86' lang='lat' dir='ltr'>ferre</span> <span class='ocrx_word' id='word_1_182' title='bbox 1544 1945 1609 1989; x_wconf 90' lang='lat' dir='ltr'>et,</span> <span class='ocrx_word' id='word_1_183' title='bbox 1634 1939 1756 1990; x_wconf 89' lang='lat' dir='ltr'>quod</span> <span class='ocrx_word' id='word_1_184' title='bbox 1782 1939 1974 1979; x_wconf 90' lang='lat' dir='ltr'>alacrio-</span> 
     </span>
     <span class='ocr_line' id='line_1_26' title="bbox 336 2009 1976 2060; baseline -0.001 -10"><span class='ocrx_word' id='word_1_185' title='bbox 336 2011 401 2050; x_wconf 89' lang='lat' dir='ltr'>ris</span> <span class='ocrx_word' id='word_1_186' title='bbox 442 2017 510 2049; x_wconf 82' lang='lat' dir='ltr'>est</span> <span class='ocrx_word' id='word_1_187' title='bbox 548 2010 766 2060; x_wconf 83' lang='lat' dir='ltr'>fiduciae,</span> <span class='ocrx_word' id='word_1_188' title='bbox 809 2010 981 2049; x_wconf 89' lang='lat' dir='ltr'>misera</span> <span class='ocrx_word' id='word_1_189' title='bbox 1024 2010 1250 2049; x_wconf 84' lang='lat' dir='ltr'>servitute</span> <span class='ocrx_word' id='word_1_190' title='bbox 1293 2021 1565 2060; x_wconf 87' lang='lat' dir='ltr'>oppressos,</span> <span class='ocrx_word' id='word_1_191' title='bbox 1614 2009 1761 2049; x_wconf 87' lang='lat' dir='ltr'>hostis</span> <span class='ocrx_word' id='word_1_192' title='bbox 1799 2010 1976 2049; x_wconf 84' lang='lat' dir='ltr'>viribus</span> 
     </span>
     <span class='ocr_line' id='line_1_27' title="bbox 343 2080 1976 2131; baseline -0.001 -10"><span class='ocrx_word' id='word_1_193' title='bbox 343 2081 601 2131; x_wconf 81' lang='lat' dir='ltr'>enervatis,</span> <span class='ocrx_word' id='word_1_194' title='bbox 639 2082 684 2120; x_wconf 92' lang='lat' dir='ltr'>in</span> <span class='ocrx_word' id='word_1_195' title='bbox 713 2082 977 2120; x_wconf 83' lang='lat' dir='ltr'>libertatem</span> <span class='ocrx_word' id='word_1_196' title='bbox 1001 2092 1213 2120; x_wconf 88' lang='lat' dir='ltr'>asserere</span> <span class='ocrx_word' id='word_1_197' title='bbox 1236 2086 1470 2131; x_wconf 90' lang='lat' dir='ltr'>satagunt,</span> <span class='ocrx_word' id='word_1_198' title='bbox 1495 2080 1706 2120; x_wconf 88' lang='lat' dir='ltr'>omnibus</span> <span class='ocrx_word' id='word_1_199' title='bbox 1728 2080 1976 2120; x_wconf 89' lang='lat' dir='ltr'>suadentes</span> 
     </span>
     <span class='ocr_line' id='line_1_28' title="bbox 336 2150 1975 2205; baseline -0.001 -13"><span class='ocrx_word' id='word_1_200' title='bbox 336 2158 385 2192; x_wconf 85' lang='lat' dir='ltr'>ut</span> <span class='ocrx_word' id='word_1_201' title='bbox 407 2153 491 2192; x_wconf 91' lang='lat' dir='ltr'>sub</span> <span class='ocrx_word' id='word_1_202' title='bbox 513 2152 808 2203; x_wconf 85' lang='lat' dir='ltr'>imperatoris</span> <span class='ocrx_word' id='word_1_203' title='bbox 840 2151 1188 2191; x_wconf 82' lang='lat' dir='ltr'>clementissimi</span> <span class='ocrx_word' id='word_1_204' title='bbox 1216 2151 1318 2190; x_wconf 74' lang='lat' dir='ltr'>Iesu</span> <span class='ocrx_word' id='word_1_205' title='bbox 1340 2150 1512 2191; x_wconf 88' lang='lat' dir='ltr'>Christi</span> <span class='ocrx_word' id='word_1_206' title='bbox 1541 2151 1775 2191; x_wconf 87' lang='lat' dir='ltr'>crucifero</span> <span class='ocrx_word' id='word_1_207' title='bbox 1804 2151 1975 2205; x_wconf 83' lang='lat' dir='ltr'>vexillo</span> 
     </span>
     <span class='ocr_line' id='line_1_29' title="bbox 337 2221 1971 2263; baseline -0.001 -1"><span class='ocrx_word' id='word_1_208' title='bbox 337 2223 623 2263; x_wconf 89' lang='lat' dir='ltr'>christianae</span> <span class='ocrx_word' id='word_1_209' title='bbox 659 2222 851 2262; x_wconf 85' lang='lat' dir='ltr'>militiae</span> <span class='ocrx_word' id='word_1_210' title='bbox 887 2234 1057 2262; x_wconf 92' lang='lat' dir='ltr'>nomen</span> <span class='ocrx_word' id='word_1_211' title='bbox 1093 2222 1204 2261; x_wconf 91' lang='lat' dir='ltr'>dare</span> <span class='ocrx_word' id='word_1_212' title='bbox 1240 2223 1285 2261; x_wconf 89' lang='lat' dir='ltr'>in</span> <span class='ocrx_word' id='word_1_213' title='bbox 1321 2222 1514 2261; x_wconf 84' lang='lat' dir='ltr'>summis</span> <span class='ocrx_word' id='word_1_214' title='bbox 1549 2222 1671 2261; x_wconf 80' lang='lat' dir='ltr'>votis</span> <span class='ocrx_word' id='word_1_215' title='bbox 1706 2222 1907 2262; x_wconf 90' lang='lat' dir='ltr'>habeant</span> <span class='ocrx_word' id='word_1_216' title='bbox 1945 2221 1971 2262; x_wconf 91' lang='lat'>¹.</span> 
     </span>
     <span class='ocr_line' id='line_1_30' title="bbox 335 2292 1972 2345; baseline -0.001 -11"><span class='ocrx_word' id='word_1_217' title='bbox 335 2294 497 2345; x_wconf 87' lang='lat' dir='ltr'>Itaque</span> <span class='ocrx_word' id='word_1_218' title='bbox 518 2293 748 2342; x_wconf 85' lang='lat' dir='ltr'>nonnulli,</span> <span class='ocrx_word' id='word_1_219' title='bbox 774 2293 944 2344; x_wconf 88' lang='lat' dir='ltr'>partim</span> <span class='ocrx_word' id='word_1_220' title='bbox 966 2293 1153 2343; x_wconf 86' lang='lat' dir='ltr'>pietatis</span> <span class='ocrx_word' id='word_1_221' title='bbox 1185 2292 1381 2341; x_wconf 89' lang='lat' dir='ltr'>affectu,</span> <span class='ocrx_word' id='word_1_222' title='bbox 1414 2293 1583 2342; x_wconf 88' lang='lat' dir='ltr'>partim</span> <span class='ocrx_word' id='word_1_223' title='bbox 1613 2293 1849 2343; x_wconf 90' lang='lat' dir='ltr'>profectus</span> <span class='ocrx_word' id='word_1_224' title='bbox 1879 2293 1972 2332; x_wconf 88' lang='lat' dir='ltr'>lite-</span> 
     </span>
     <span class='ocr_line' id='line_1_31' title="bbox 336 2363 1972 2415; baseline -0.001 -11"><span class='ocrx_word' id='word_1_225' title='bbox 336 2365 449 2404; x_wconf 88' lang='lat' dir='ltr'>rarii</span> <span class='ocrx_word' id='word_1_226' title='bbox 472 2376 568 2415; x_wconf 88' lang='lat' dir='ltr'>spe,</span> <span class='ocrx_word' id='word_1_227' title='bbox 593 2376 677 2404; x_wconf 92' lang='lat' dir='ltr'>ceu</span> <span class='ocrx_word' id='word_1_228' title='bbox 694 2364 834 2403; x_wconf 91' lang='lat' dir='ltr'>hamo</span> <span class='ocrx_word' id='word_1_229' title='bbox 858 2363 1057 2414; x_wconf 85' lang='lat' dir='ltr'>quodam</span> <span class='ocrx_word' id='word_1_230' title='bbox 1080 2363 1288 2409; x_wconf 86' lang='lat' dir='ltr'>inescati,</span> <span class='ocrx_word' id='word_1_231' title='bbox 1309 2364 1354 2402; x_wconf 93' lang='lat' dir='ltr'>in</span> <span class='ocrx_word' id='word_1_232' title='bbox 1372 2371 1581 2403; x_wconf 86' lang='lat' dir='ltr'>nostram</span> <span class='ocrx_word' id='word_1_233' title='bbox 1599 2364 1894 2415; x_wconf 89' lang='lat' dir='ltr'>pelliciuntur</span> <span class='ocrx_word' id='word_1_234' title='bbox 1911 2363 1972 2403; x_wconf 90' lang='lat' dir='ltr'>fa-</span> 
     </span>
     <span class='ocr_line' id='line_1_32' title="bbox 337 2434 1970 2486; baseline -0.002 -11"><span class='ocrx_word' id='word_1_235' title='bbox 337 2436 668 2483; x_wconf 86' lang='lat' dir='ltr'>miliaritatem,</span> <span class='ocrx_word' id='word_1_236' title='bbox 692 2435 863 2474; x_wconf 89' lang='lat' dir='ltr'>bonam</span> <span class='ocrx_word' id='word_1_237' title='bbox 886 2435 1113 2474; x_wconf 91' lang='lat' dir='ltr'>uberioris</span> <span class='ocrx_word' id='word_1_238' title='bbox 1135 2434 1313 2473; x_wconf 91' lang='lat' dir='ltr'>fructus</span> <span class='ocrx_word' id='word_1_239' title='bbox 1331 2446 1460 2485; x_wconf 88' lang='lat' dir='ltr'>spem</span> <span class='ocrx_word' id='word_1_240' title='bbox 1481 2435 1614 2475; x_wconf 91' lang='lat' dir='ltr'>nobis</span> <span class='ocrx_word' id='word_1_241' title='bbox 1631 2435 1970 2486; x_wconf 88' lang='lat' dir='ltr'>promittentes.</span> 
     </span>
     <span class='ocr_line' id='line_1_33' title="bbox 335 2504 1973 2557; baseline -0.001 -11"><span class='ocrx_word' id='word_1_242' title='bbox 335 2506 465 2556; x_wconf 80' lang='lat' dir='ltr'>Quae</span> <span class='ocrx_word' id='word_1_243' title='bbox 501 2518 682 2557; x_wconf 82' lang='lat' dir='ltr'>quoque</span> <span class='ocrx_word' id='word_1_244' title='bbox 709 2505 843 2555; x_wconf 89' lang='lat' dir='ltr'>ratio,</span> <span class='ocrx_word' id='word_1_245' title='bbox 870 2504 1072 2544; x_wconf 87' lang='lat' dir='ltr'>familiae</span> <span class='ocrx_word' id='word_1_246' title='bbox 1095 2511 1296 2555; x_wconf 88' lang='lat' dir='ltr'>nostrae,</span> <span class='ocrx_word' id='word_1_247' title='bbox 1320 2505 1516 2545; x_wconf 82' lang='lat' dir='ltr'>fratrum</span> <span class='ocrx_word' id='word_1_248' title='bbox 1538 2506 1807 2546; x_wconf 88' lang='lat' dir='ltr'>accessione</span> <span class='ocrx_word' id='word_1_249' title='bbox 1831 2506 1973 2557; x_wconf 84' lang='lat' dir='ltr'>(quac</span> 
     </span>
     <span class='ocr_line' id='line_1_34' title="bbox 339 2575 1972 2628; baseline 0.001 -13"><span class='ocrx_word' id='word_1_250' title='bbox 339 2577 529 2627; x_wconf 85' lang='lat' dir='ltr'>reliquis</span> <span class='ocrx_word' id='word_1_251' title='bbox 552 2576 877 2616; x_wconf 88' lang='lat' dir='ltr'>emolumentis</span> <span class='ocrx_word' id='word_1_252' title='bbox 907 2576 1049 2626; x_wconf 92' lang='lat' dir='ltr'>longo</span> <span class='ocrx_word' id='word_1_253' title='bbox 1081 2575 1326 2615; x_wconf 83' lang='lat' dir='ltr'>intervallo</span> <span class='ocrx_word' id='word_1_254' title='bbox 1354 2576 1587 2627; x_wconf 88' lang='lat' dir='ltr'>praestat)</span> <span class='ocrx_word' id='word_1_255' title='bbox 1618 2577 1842 2628; x_wconf 90' lang='lat' dir='ltr'>temporis</span> <span class='ocrx_word' id='word_1_256' title='bbox 1874 2588 1972 2616; x_wconf 90' lang='lat' dir='ltr'>suc-</span> 
     </span>
     <span class='ocr_line' id='line_1_35' title="bbox 336 2646 1971 2698; baseline 0 -12"><span class='ocrx_word' id='word_1_257' title='bbox 336 2648 547 2686; x_wconf 89' lang='lat' dir='ltr'>cessione</span> <span class='ocrx_word' id='word_1_258' title='bbox 578 2646 949 2697; x_wconf 87' lang='lat' dir='ltr'>locupletandae,</span> <span class='ocrx_word' id='word_1_259' title='bbox 982 2658 1067 2685; x_wconf 86' lang='lat' dir='ltr'>nos</span> <span class='ocrx_word' id='word_1_260' title='bbox 1096 2646 1140 2685; x_wconf 89' lang='lat' dir='ltr'>in</span> <span class='ocrx_word' id='word_1_261' title='bbox 1169 2652 1345 2685; x_wconf 88' lang='lat' dir='ltr'>certam</span> <span class='ocrx_word' id='word_1_262' title='bbox 1381 2647 1572 2686; x_wconf 83' lang='lat' dir='ltr'>adduxit</span> <span class='ocrx_word' id='word_1_263' title='bbox 1605 2647 1971 2698; x_wconf 82' lang='lat' dir='ltr'>persuasionem3</span> 
     </span>
     <span class='ocr_line' id='line_1_36' title="bbox 339 2716 1972 2769; baseline 0 -12"><span class='ocrx_word' id='word_1_264' title='bbox 339 2729 424 2757; x_wconf 90' lang='lat' dir='ltr'>nec</span> <span class='ocrx_word' id='word_1_265' title='bbox 446 2730 571 2757; x_wconf 74' lang='lat' dir='ltr'>vana</span> <span class='ocrx_word' id='word_1_266' title='bbox 600 2729 681 2768; x_wconf 89' lang='lat' dir='ltr'>spe</span> <span class='ocrx_word' id='word_1_267' title='bbox 711 2718 910 2756; x_wconf 89' lang='lat' dir='ltr'>laetatos</span> <span class='ocrx_word' id='word_1_268' title='bbox 939 2728 1025 2756; x_wconf 94' lang='lat' dir='ltr'>nos</span> <span class='ocrx_word' id='word_1_269' title='bbox 1055 2716 1214 2756; x_wconf 87' lang='lat' dir='ltr'>fefellit</span> <span class='ocrx_word' id='word_1_270' title='bbox 1242 2723 1401 2756; x_wconf 85' lang='lat' dir='ltr'>nostra</span> <span class='ocrx_word' id='word_1_271' title='bbox 1431 2718 1601 2768; x_wconf 90' lang='lat' dir='ltr'>opinio,</span> <span class='ocrx_word' id='word_1_272' title='bbox 1630 2729 1738 2757; x_wconf 90' lang='lat' dir='ltr'>nam</span> <span class='ocrx_word' id='word_1_273' title='bbox 1769 2718 1867 2769; x_wconf 88' lang='lat' dir='ltr'>spei</span> <span class='ocrx_word' id='word_1_274' title='bbox 1895 2729 1972 2757; x_wconf 91' lang='lat' dir='ltr'>no-</span> 
     </span>
     <span class='ocr_line' id='line_1_37' title="bbox 339 2788 1973 2840; baseline 0.001 -13"><span class='ocrx_word' id='word_1_275' title='bbox 339 2794 465 2828; x_wconf 85' lang='lat' dir='ltr'>strae</span> <span class='ocrx_word' id='word_1_276' title='bbox 487 2788 608 2827; x_wconf 75' lang='lat' dir='ltr'>votis</span> <span class='ocrx_word' id='word_1_277' title='bbox 631 2794 818 2839; x_wconf 88' lang='lat' dir='ltr'>optatus</span> <span class='ocrx_word' id='word_1_278' title='bbox 847 2788 913 2827; x_wconf 90' lang='lat' dir='ltr'>rei</span> <span class='ocrx_word' id='word_1_279' title='bbox 942 2794 1138 2827; x_wconf 86' lang='lat' dir='ltr'>eventus</span> <span class='ocrx_word' id='word_1_280' title='bbox 1171 2788 1398 2838; x_wconf 76' lang='lat' dir='ltr'>proximis</span> <span class='ocrx_word' id='word_1_281' title='bbox 1428 2788 1603 2829; x_wconf 90' lang='lat' dir='ltr'>foribus</span> <span class='ocrx_word' id='word_1_282' title='bbox 1633 2789 1831 2840; x_wconf 85' lang='lat' dir='ltr'>aspirat,</span> <span class='ocrx_word' id='word_1_283' title='bbox 1866 2789 1973 2828; x_wconf 94' lang='lat' dir='ltr'>duo-</span> 
     </span>
    </p>
   </div>
   <div class='ocr_carea' id='block_1_3' title="bbox 335 2923 1976 3053">
    <p class='ocr_par' dir='ltr' id='par_1_4' title="bbox 335 2923 1976 3053">
     <span class='ocr_line' id='line_1_38' title="bbox 389 2923 1976 2958; baseline 0.001 -8"><span class='ocrx_word' id='word_1_284' title='bbox 389 2924 398 2943; x_wconf 93' lang='lat'>¹</span> <span class='ocrx_word' id='word_1_285' title='bbox 440 2923 531 2955; x_wconf 82' lang='lat' dir='ltr'>Quae</span> <span class='ocrx_word' id='word_1_286' title='bbox 549 2930 567 2949; x_wconf 85' lang='lat' dir='ltr'>a</span> <span class='ocrx_word' id='word_1_287' title='bbox 582 2923 697 2950; x_wconf 81' lang='lat' dir='ltr'>verbis</span> <span class='ocrx_word' id='word_1_288' title='bbox 714 2923 758 2949; x_wconf 78' lang='lat' dir='ltr'>ad</span> <span class='ocrx_word' id='word_1_289' title='bbox 774 2923 992 2949; x_wconf 74' lang='lat' dir='ltr'>rlzrsslianae</span> <span class='ocrx_word' id='word_1_290' title='bbox 1010 2924 1105 2949; x_wconf 73' lang='lat' dir='ltr'>vitae</span> <span class='ocrx_word' id='word_1_291' title='bbox 1124 2923 1379 2958; x_wconf 70' lang='lat' dir='ltr'>perfectionem</span> <span class='ocrx_word' id='word_1_292' title='bbox 1403 2924 1445 2951; x_wconf 86' lang='lat' dir='ltr'>ad</span> <span class='ocrx_word' id='word_1_293' title='bbox 1463 2926 1569 2951; x_wconf 82' lang='lat' dir='ltr'>verba</span> <span class='ocrx_word' id='word_1_294' title='bbox 1590 2925 1680 2951; x_wconf 80' lang='lat' dir='ltr'>volt&#39;s</span> <span class='ocrx_word' id='word_1_295' title='bbox 1702 2924 1855 2951; x_wconf 76' lang='lat' dir='ltr'>habeant</span> <span class='ocrx_word' id='word_1_296' title='bbox 1871 2923 1976 2951; x_wconf 78' lang='lat' dir='ltr'>conti-</span> 
     </span>
     <span class='ocr_line' id='line_1_39' title="bbox 336 2970 1971 3003; baseline 0.001 -7"><span class='ocrx_word' id='word_1_297' title='bbox 336 2975 470 3003; x_wconf 85' lang='lat' dir='ltr'>nentur,</span> <span class='ocrx_word' id='word_1_298' title='bbox 488 2970 640 3001; x_wconf 79' lang='lat' dir='ltr'>linea,ne</span> <span class='ocrx_word' id='word_1_299' title='bbox 664 2970 913 3003; x_wconf 74' lang='lat' dir='ltr'>exscribantur,</span> <span class='ocrx_word' id='word_1_300' title='bbox 937 2974 1012 2997; x_wconf 88' lang='lat' dir='ltr'>sunt</span> <span class='ocrx_word' id='word_1_301' title='bbox 1037 2971 1164 3003; x_wconf 84' lang='lat' dir='ltr'>clausa,</span> <span class='ocrx_word' id='word_1_302' title='bbox 1188 2971 1246 2997; x_wconf 85' lang='lat' dir='ltr'>sed</span> <span class='ocrx_word' id='word_1_303' title='bbox 1263 2974 1299 2997; x_wconf 90' lang='lat' dir='ltr'>ut</span> <span class='ocrx_word' id='word_1_304' title='bbox 1322 2979 1436 2998; x_wconf 87' lang='lat' dir='ltr'>eorum</span> <span class='ocrx_word' id='word_1_305' title='bbox 1458 2972 1530 2998; x_wconf 88' lang='lat' dir='ltr'>loco</span> <span class='ocrx_word' id='word_1_306' title='bbox 1553 2972 1813 3001; x_wconf 81' lang='lat' dir='ltr'>substituantur.</span> <span class='ocrx_word' id='word_1_307' title='bbox 1834 2972 1917 2998; x_wconf 86' lang='lat' dir='ltr'>haec</span> <span class='ocrx_word' id='word_1_308' title='bbox 1938 2972 1971 2998; x_wconf 86' lang='lat' dir='ltr'>in</span> 
     </span>
     <span class='ocr_line' id='line_1_40' title="bbox 335 3018 1822 3053; baseline -0.001 -8"><span class='ocrx_word' id='word_1_309' title='bbox 335 3018 480 3053; x_wconf 84' lang='lat' dir='ltr'>paginae</span> <span class='ocrx_word' id='word_1_310' title='bbox 497 3025 557 3045; x_wconf 86' lang='lat' dir='ltr'>ora</span> <span class='ocrx_word' id='word_1_311' title='bbox 572 3021 648 3045; x_wconf 86' lang='lat' dir='ltr'>sunt</span> <span class='ocrx_word' id='word_1_312' title='bbox 664 3018 802 3052; x_wconf 83' lang='lat' dir='ltr'>scripta:</span> <span class='ocrx_word' id='word_1_313' title='bbox 820 3025 887 3044; x_wconf 73' lang='lat' dir='ltr'>non</span> <span class='ocrx_word' id='word_1_314' title='bbox 903 3018 972 3044; x_wconf 80' lang='lat' dir='ltr'>sz&#39;bs</span> <span class='ocrx_word' id='word_1_315' title='bbox 987 3018 1174 3045; x_wconf 80' lang='lat' dir='ltr'>dumtaxat</span> <span class='ocrx_word' id='word_1_316' title='bbox 1190 3019 1252 3045; x_wconf 80' lang='lat' dir='ltr'>sed</span> <span class='ocrx_word' id='word_1_317' title='bbox 1265 3020 1297 3045; x_wconf 77' lang='lat' dir='ltr'>et</span> <span class='ocrx_word' id='word_1_318' title='bbox 1313 3018 1397 3045; x_wconf 77' lang='lat' dir='ltr'>alizs</span> <span class='ocrx_word' id='word_1_319' title='bbox 1411 3020 1576 3052; x_wconf 78' lang='lat' dir='ltr'>gnaviter</span> <span class='ocrx_word' id='word_1_320' title='bbox 1590 3019 1822 3046; x_wconf 73' lang='lat' dir='ltr'>consulentes.</span> 
     </span>
    </p>
   </div>
  </div>
 </body>
</html>
