2080 3392
297 181 366 217 090
805 180 1031 217 LITTERAE
1058 191 1415 223 QUADRIMESTRES

296 277 486 317 nisterio
507 277 582 316 hic
599 276 828 316 Dominus
849 277 959 327 egit,
980 278 1283 328 cognoveris,
1308 283 1352 317 et
1369 277 1466 328 jam
1483 285 1589 318 ante
1607 279 1728 319 dicta
1746 281 1920 322 frustra

295 359 417 387 nunc
450 346 614 386 videar
642 347 809 387 iterum
843 348 1094 398 relaturus,
1130 348 1302 388 faciam
1336 354 1491 388 tamen
1525 349 1571 389 in
1606 349 1830 400 majorem
1864 353 1921 393 ob

295 423 507 457 sanctam
529 417 839 457 obedientiam
861 418 1248 469 consolationem,
1278 424 1348 469 ut,
1380 430 1520 469 quam
1545 420 1820 460 brevissime
1841 434 1917 473 po-

294 494 413 538 tero,
438 488 594 528 omnia
616 489 916 539 complectar.

372 558 564 598 Patrum
588 558 920 610 Fratrumque,
944 564 988 598 et
1009 570 1193 610 eorum,
1224 560 1301 610 qui
1329 560 1376 599 in
1402 559 1632 611 Collegio,
1665 567 1710 601 et
1740 574 1917 613 eorum,

293 629 369 680 qui
385 630 432 669 in
448 629 585 669 domo
606 629 895 680 probationis
911 634 1176 680 versantur,
1205 641 1451 670 numerum
1468 631 1766 683 ipsorumque
1783 633 1919 673 simul

290 700 480 740 nomina
501 712 559 740 ex
581 700 851 750 cathalogo,
876 700 999 751 quod
1025 711 1149 739 nunc
1177 701 1333 751 mitto,
1366 712 1653 752 cognoscere
1680 702 1818 743 facile
1839 710 1917 744 tua

290 770 338 810 P.
361 771 547 822 poterit.
581 770 670 821 Qui
700 782 861 810 omnes
892 770 964 820 (ob
995 770 1118 822 quod
1138 770 1239 811 Deo
1262 771 1436 823 optimo
1466 773 1672 813 maximo
1704 774 1918 824 ingentes

290 848 333 881 et
355 842 538 893 agimus
560 847 604 881 et
624 841 849 881 habemus
879 841 1074 892 gratias)
1099 853 1280 882 summa
1302 854 1407 882 cum
1429 843 1572 883 animi
1593 855 1709 894 pace
1730 851 1774 884 et
1795 851 1917 885 tran-

289 913 516 964 quillitate
547 924 653 952 cum
679 923 859 952 summa
891 918 935 952 et
970 924 1151 952 morum
1181 918 1225 952 et
1254 913 1510 953 voluntatis
1540 914 1816 966 concordia,
1841 916 1918 955 alii

288 984 364 1031 iis,
415 983 581 1035 quibus
624 983 934 1023 humilitatem
978 989 1163 1035 parent,
1214 984 1418 1024 orationi
1463 996 1518 1025 ac
1564 986 1917 1036 probationibus

286 1060 481 1105 vacant,
519 1054 597 1094 alii
629 1066 714 1094 sua
743 1055 986 1094 literarum
1016 1054 1197 1105 studia,
1234 1067 1327 1094 non
1358 1061 1515 1096 tamen
1549 1068 1705 1096 rerum
1735 1058 1921 1108 spirita«

286 1126 398 1166 lium
419 1137 533 1165 cura
553 1125 834 1176 intermissa,
851 1124 983 1176 juxta
1005 1126 1389 1166 constitutionum
1404 1127 1614 1167 ordinem
1631 1139 1915 1179 prosequun-

286 1202 375 1236 tur.
413 1196 543 1247 Quae
572 1196 758 1247 quidem
793 1196 852 1235 ad
881 1196 1138 1247 spiritalem
1170 1196 1453 1248 profectum,
1490 1198 1537 1238 in
1571 1197 1796 1248 majorem
1827 1199 1915 1239 Dei

286 1267 616 1318 omnipotentis
642 1267 845 1316 laudem,
876 1278 1049 1306 novam
1076 1266 1327 1318 quamdam
1349 1268 1482 1308 nobis
1504 1269 1647 1308 veluti
1674 1270 1827 1309 lucem
1848 1276 1914 1309 at-

285 1339 446 1378 tulere.

364 1408 530 1448 Frater
563 1408 798 1449 Antonius
828 1408 1053 1458 AlvareZ,
1084 1414 1151 1448 tot
1181 1409 1421 1449 variorum
1449 1410 1719 1450 morborum
1748 1411 1913 1450 dolori-

283 1481 369 1520 bus
384 1479 481 1531 jam
503 1480 579 1519 diu
603 1480 892 1530 exagitatus,
916 1491 1057 1519 carne
1081 1481 1202 1527 (cum
1231 1491 1279 1519 se
1300 1491 1382 1531 per
1404 1481 1579 1532 aliquot
1601 1481 1699 1521 dies
1721 1492 1911 1521 movere

284 1551 471 1590 omnino
498 1562 592 1590 non
622 1552 796 1601 posset)
826 1550 923 1590 fere
954 1551 1137 1601 attrita,
1171 1551 1335 1601 spiritu
1365 1563 1480 1591 vero
1515 1552 1630 1592 satis
1664 1552 1909 1592 vehemen-

282 1622 397 1662 tium
418 1621 726 1673 quorumdam
748 1621 958 1661 dolorum
979 1621 1300 1672 magnitudine
1327 1623 1643 1674 comprobato,
1669 1634 1692 1662 e
1713 1623 1911 1663 miserae

282 1692 469 1732 tandem
508 1692 644 1744 hujus
682 1692 807 1731 vitae
843 1692 1041 1731 statione
1082 1691 1423 1743 Omnipotentis
1461 1693 1571 1743 Dei,
1612 1693 1912 1744 Imperatoris

282 1763 460 1814 Nostri,
481 1762 613 1814 jussu
635 1763 862 1802 discessit.
887 1762 1035 1813 Quem
1052 1773 1139 1813 ego
1157 1774 1280 1802 nunc
1298 1769 1535 1803 tantorum
1550 1764 1763 1804 laborum
1780 1776 1909 1815 prae-

282 1834 374 1873 mio
401 1845 617 1873 securum
646 1845 701 1872 ac
735 1834 908 1873 laetum
938 1833 1029 1873 frui
1059 1833 1174 1873 satis
1204 1845 1435 1885 superque
1467 1834 1622 1874 credo.
1656 1834 1753 1874 Nec
1788 1835 1909 1875 enim

283 1904 381 1956 ejus
402 1905 566 1955 solum,
590 1910 841 1955 antequam
863 1909 1144 1955 aegrotaret,
1164 1910 1261 1944 tam
1277 1911 1439 1944 sancte
1456 1911 1721 1945 anteactam
1743 1905 1906 1955 vitam,

283 1987 446 2015 verum
467 1982 511 2015 et
532 1975 715 2015 felicem
734 1975 1013 2026 beatumque
1035 1975 1210 2014 exitum
1232 1975 1533 2015 admiramur.

360 2046 494 2087 Alter
514 2047 624 2086 item
645 2046 810 2096 frater,
835 2046 908 2085 cui
930 2046 1135 2086 Antonio
1157 2045 1346 2096 Bragae
1367 2058 1536 2099 nomen
1558 2052 1680 2097 erat,
1704 2048 1908 2098 superio-

282 2118 409 2157 ribus
430 2118 592 2157 diebus
614 2117 739 2156 obiit.
772 2116 878 2167 Cui,
902 2117 989 2156 etsi
1016 2117 1167 2156 adhuc
1196 2117 1397 2168 primum
1423 2117 1712 2168 probationis
1737 2129 1909 2158 annum

280 2200 374 2228 non
394 2188 690 2239 impleverat,
713 2193 780 2226 tot
800 2193 957 2226 tamen
978 2192 1201 2238 tantaque
1220 2187 1450 2227 Dominus
1467 2188 1649 2238 gratiae
1667 2199 1780 2228 suae
1802 2200 1908 2228 con-

281 2260 450 2299 tulerat
472 2259 614 2308 dona,
639 2264 687 2297 ut
709 2269 793 2297 nos
824 2269 985 2297 omnes
1012 2269 1107 2296 non
1133 2269 1302 2308 parum
1329 2258 1610 2298 aedificaret.
1640 2258 1729 2298 Hic
1760 2258 1905 2308 brevi,

279 2336 329 2370 ut
349 2329 553 2379 videtur,
577 2335 784 2379 tempore
804 2338 951 2378 regno
973 2328 1163 2367 coelesti
1192 2334 1348 2379 aptus,
1373 2335 1478 2379 post
1499 2339 1694 2379 gravem
1717 2340 1772 2369 ac
1790 2329 1904 2368 satis

281 2400 549 2440 diuturnum
571 2399 786 2438 morbum
808 2410 831 2438 e
852 2398 950 2438 vita
974 2398 1206 2438 discessit.

358 2470 523 2510 Frater
560 2469 798 2519 Antunez,
830 2480 935 2508 cum
965 2475 1157 2520 propter
1193 2469 1436 2520 sanguinis
1471 2469 1762 2520 effusionem,
1799 2481 1905 2509 cum

278 2541 395 2581 febri
416 2541 734 2592 conjunctam,
759 2538 923 2590 majori
943 2539 990 2578 in
1011 2539 1109 2578 dies
1131 2540 1343 2591 corporis
1365 2540 1603 2580 debilitate
1625 2540 1901 2590 afficeretur,

278 2619 328 2651 ut
356 2612 464 2651 hinc
498 2611 588 2650 alio
626 2610 780 2661 aliquo
816 2609 1212 2649 transmitteretur
1246 2609 1555 2650 decreverunt
1587 2611 1773 2661 medici,
1810 2622 1903 2650 non

278 2683 347 2733 id,
371 2681 495 2733 quod
514 2681 561 2720 in
583 2680 786 2732 aliquam
807 2679 905 2732 ejus
933 2679 1083 2719 bonae
1109 2680 1391 2720 valetudinis
1412 2692 1542 2732 spem
1562 2679 1797 2731 venirent,
1821 2680 1901 2720 sed

277 2752 401 2804 quod
422 2752 597 2791 nullum
623 2749 718 2801 jam
747 2754 1010 2801 superesset
1041 2749 1180 2800 (quod
1211 2750 1422 2790 adhiberi
1441 2751 1604 2802 possit)
1628 2751 1898 2791 remedium.

277 2824 358 2863 Est
391 2834 515 2862 nunc
550 2821 672 2872 apud
706 2820 930 2861 Sanctum
964 2819 1190 2871 Felicem,
1226 2821 1305 2860 ubi
1340 2833 1464 2870 eum,
1508 2822 1720 2873 corporis
1760 2828 1900 2861 exuta

276 2894 484 2944 sarcina,
510 2892 569 2932 ad
590 2891 841 2932 Dominum
863 2891 1094 2931 credimus
1115 2892 1442 2942 migraturum.
1467 2891 1591 2933 Satis
1611 2904 1724 2932 vero
1745 2892 1896 2941 facile,

275 2964 349 3003 vel
382 2964 469 3003 hoc
509 2962 608 3014 ejus
642 2961 949 3012 aegritudinis
982 2967 1210 3013 tempore,
1250 2968 1423 3013 quanta
1460 2958 1607 3014 ipsius
1639 2962 1897 3002 ministerio
