2080 3392
862 181 945 218 AN.
977 181 1069 218 1554
1719 181 1790 218 699

320 578 602 607 Praecedentium
617 579 732 607 Patris
747 580 888 608 Antonii
904 581 943 608 de
960 581 1114 614 Quadi-os
1130 581 1325 608 litterarum
1340 581 1447 608 latina
1464 581 1576 608 versio
1595 580 1614 608 ¹.

894 813 1030 865 Jesus

223 1060 325 1101 Rfle
348 1061 395 1101 in
416 1061 604 1102 Christo
626 1062 779 1102 Pater.

222 1131 322 1172 Pax
343 1139 387 1172 et
408 1133 564 1183 gratia
586 1133 776 1174 Domini
810 1133 959 1174 nostri
985 1133 1096 1186 Jesu
1123 1133 1297 1173 Christi
1329 1135 1388 1174 sit
1420 1146 1604 1186 semper
1635 1136 1789 1175 nobis-

146 1214 266 1244 cum.
287 1203 456 1244 Amen.

223 1274 359 1325 Quod
388 1275 502 1315 mihi
530 1287 631 1316 sese
667 1276 999 1328 quadrimestri
1033 1276 1123 1316 hoc
1153 1277 1367 1328 proxime
1402 1278 1562 1329 elapso
1598 1283 1785 1329 gestum

142 1345 441 1386 scribendum
470 1358 594 1386 nunc
624 1346 779 1398 offert,
810 1346 910 1387 Rde
935 1347 982 1387 in
1012 1347 1198 1387 Christo
1229 1347 1302 1399 Ρ.,
1337 1348 1449 1388 illud
1478 1349 1681 1401 primum
1702 1356 1786 1400 est,

140 1415 329 1457 Patrem
350 1417 661 1457 Gondizalum
682 1419 843 1458 solitas
865 1418 1027 1458 diebus
1050 1419 1296 1459 dominicis
1315 1425 1359 1459 et
1376 1420 1560 1460 festivis
1583 1419 1788 1472 [habuis-

139 1486 204 1539 se]
237 1488 488 1528 conciones
516 1500 558 1528 m
567 1500 690 1540 igna
718 1501 824 1529 cum
849 1489 1133 1530 aud1t011um
1154 1490 1417 1541 frequentia
1440 1492 1785 1543 multorumque

138 1560 417 1609 praesertim
450 1560 675 1600 nobilium
708 1572 781 1600 vn
785 1572 942 1611 orum
980 1561 1146 1612 quibus
1184 1562 1281 1612 ille,
1319 1562 1376 1602 ob
1406 1563 1611 1613 gratiam
1641 1563 1729 1641 sibi
1760 1575 1787 1603 a

139 1628 341 1670 Domino
364 1630 486 1671 hac
475 1643 522 1671 1n
543 1643 594 1671 re
616 1643 914 1681 concessam,
939 1643 1227 1683 magnopere
1249 1633 1488 1685 probatur.

220 1701 631 1753 Quadragesimali
650 1714 765 1742 vero
787 1708 1011 1754 tempore,
1035 1702 1198 1742 diebus
1219 1704 1361 1744 etiam
1381 1716 1527 1744 vener
1532 1705 1570 1744 is
1592 1717 1647 1745 ac
1670 1717 1787 1745 mer-

140 1773 258 1812 curii
275 1773 657 1814 concionabatur.
681 1773 823 1826 Cujus
841 1774 1092 1814 conciones
1109 1781 1334 1826 quantam
1351 1776 1508 1815 multis
1526 1776 1789 1816 animarum

139 1855 331 1884 suarum
365 1845 615 1885 utilitatem
650 1857 925 1898 morumque
955 1846 1002 1885 in
1033 1846 1198 1886 melius
1232 1847 1540 1888 mutationem
1571 1847 1786 1898 afferant,

142 1914 281 1956 facile
303 1927 361 1956 ex
383 1916 759 1957 confessionibus
782 1917 940 1968 colligi
960 1923 1129 1969 potest.

218 1986 357 2027 Pater
379 1987 666 2028 Gondizalus
686 1988 732 2029 V
737 2001 791 2029 az
814 1989 977 2029 diebus
999 1989 1110 2029 item
1131 1989 1378 2030 dominicis
1397 2002 1452 2030 ac
1472 1990 1655 2030 festivis
1685 1990 1792 2041 (nisi

144 2070 249 2099 cum
284 2059 467 2099 infirma
501 2060 715 2112 corporis
749 2060 1019 2100 valetudine
1065 2060 1432 2112 impediebatur)
1467 2073 1642 2113 magna
1684 2073 1790 2101 cum

142 2130 409 2170 auditorum
446 2131 738 2183 frequentia,
780 2132 965 2171 etiamsi
999 2131 1122 2171 idern
1156 2133 1549 2184 quadragesimae
1580 2139 1790 2184 ternpore

141 2203 375 2253 praeclari
424 2203 503 2243 alii
547 2203 909 2243 concionatores
949 2203 1188 2254 facerent,
1239 2205 1503 2245 doctrinam
1559 2204 1790 2256 praelegit

142 2273 463 2314 christianam.
487 2274 692 2314 Tantum
713 2275 837 2314 enim
864 2275 906 2314 ei
931 2274 1163 2314 Dominus
1194 2275 1242 2315 in
1263 2275 1460 2316 dicendo
1492 2276 1658 2326 salem,
1694 2281 1790 2315 tan-

141 2350 238 2384 tam
259 2351 556 2386 venustatem
577 2345 804 2396 elargitus
835 2352 928 2397 est,
959 2353 1008 2386 ut
1036 2358 1094 2386 ne
1122 2346 1212 2386 hoc
1246 2347 1452 2398 quidem,
1485 2347 1791 2398 egregiorum

142 2415 321 2456 scilicet
357 2416 744 2457 concionatorum
770 2417 1016 2457 doctrinae
1044 2417 1331 2458 christianae
1362 2419 1586 2468 lectione,
1617 2417 1792 2469 quomi-

141 2498 228 2526 nus
250 2486 308 2526 ad
330 2498 436 2527 eum
458 2487 591 2527 multi
612 2488 902 2528 confluerent
922 2488 1274 2540 impedirentur.
1300 2487 1506 2539 Singulis
1523 2501 1637 2528 vero
1660 2500 1792 2540 prae-

141 2563 270 2597 terea
296 2557 603 2598 hebdomadis
625 2559 672 2598 in
692 2558 842 2610 Regia
873 2560 979 2599 aula
1011 2559 1265 2599 conciones
1296 2561 1547 2600 nonnullas
1578 2560 1791 2611 privatas

141 2629 294 2668 habet.
320 2628 530 2680 Quarum
550 2629 753 2670 fructum
775 2631 926 2681 multi,
959 2631 1038 2682 qui
1066 2629 1164 2681 jam
1193 2637 1390 2682 peccata
1417 2631 1646 2681 fatentur,
1678 2631 1792 2671 satis

141 2700 364 2740 indicant.
394 2701 446 2741 In
473 2701 611 2741 domo
645 2702 786 2742 etiam
816 2701 1008 2742 infantis
1043 2701 1100 2741 D.
1140 2702 1368 2753 Elizabet,
1405 2701 1653 2753 ejusmodi,
1688 2702 1791 2754 pari

143 2771 406 2812 animarum
425 2772 603 2824 fructu,
628 2773 1149 2824 concionem‘habebat,
1184 2774 1258 2814 cui
1289 2780 1333 2814 et
1365 2774 1467 2825 ipsa
1490 2780 1534 2814 et
1555 2786 1640 2814 suo
1659 2772 1791 2824 jussu

142 2842 222 2882 filii
242 2855 402 2884 omnes
424 2845 642 2895 aderant,
667 2858 694 2885 a
723 2846 888 2897 quibus
920 2845 998 2885 illa
1030 2845 1262 2885 rationem
1290 2857 1476 2897 eorum,
1512 2857 1631 2897 quae
1652 2845 1792 2885 Pater

201 3005 209 3023 ¹
251 3006 501 3040 Apographum
517 3006 549 3033 in
565 3006 645 3033 folio
663 3006 798 3040 duplici,
816 3014 846 3033 n.
862 3006 923 3033 436.
