2080 3392
816 198 900 235 AN.
934 198 1026 236 1553
1675 195 1746 232 203

101 310 224 352 quae
254 297 330 338 hic
359 301 601 348 geruntur,
641 301 808 347 quarto
839 306 1024 346 quoque
1055 306 1214 334 mense
1246 294 1472 334 certiores
1502 291 1748 342 faciamus,

105 369 293 412 tentabo
314 367 527 420 proxime
549 367 697 418 elapsi
719 365 1076 418 quadrimestris
1098 372 1227 416 acta,
1250 377 1345 405 non
1367 364 1554 416 quidem
1576 363 1749 413 omnia,

103 441 188 483 sed
203 439 525 493 praeclariora
541 444 724 478 tantum
741 449 797 477 ac
810 436 1126 488 praestantior
1140 448 1310 488 aquam
1324 436 1602 476 brevissime
1615 434 1752 474 vobis

108 521 362 564 exponere;
387 520 588 561 quornm
612 508 841 548 nimirum
870 507 1360 548 commemorationem
1389 507 1486 546 Deo
1514 505 1754 557 imprimis

107 582 263 632 laudi,
284 581 416 621 vobis
438 585 595 621 antem
617 580 928 632 caeterisque,
956 579 1018 619 ad
1046 590 1248 630 quornm
1277 590 1449 617 mamis
1478 578 1574 618 ista
1596 577 1752 628 perse-

109 658 294 704 rentm‘,
321 657 366 693 et
395 652 640 704 voluptati
663 656 705 692 et
733 652 796 691 ad
822 651 1060 691 virtutum
1083 661 1293 689 altiorem
1314 649 1618 689 incitamento
1638 649 1755 699 fore

110 725 394 778 confidimus
419 723 444 764 ¹.

187 796 341 848 Atque
362 801 412 836 ut
433 807 459 834 a
479 794 787 836 Sacramento
819 793 1136 845 poenitentiae
1167 793 1353 832 initium
1383 802 1646 841 sumamus,
1671 802 1753 842 per

110 869 198 909 hoc
237 867 359 908 enim
394 867 597 918 gratiam
631 866 882 906 coelestem
916 865 963 905 in
998 864 1239 904 hominum
1275 869 1455 903 mentes
1485 862 1754 913 largissime

106 939 314 980 derivari
335 938 622 990 experimur,
647 937 833 988 mulier,
864 947 983 988 quae
1005 936 1099 976 iam
1126 941 1253 975 totos
1282 940 1387 975 octo
1416 945 1565 973 annos
1594 933 1754 974 mariti

110 1010 346 1051 consortio
365 1021 419 1049 ac
438 1008 744 1049 contubernio
764 1012 996 1058 caruerat,
1013 1018 1187 1058 eosque
1205 1005 1477 1057 turpissime
1495 1016 1579 1056 per
1595 1005 1757 1044 luxum

110 1083 157 1123 in
177 1081 435 1134 prostibulo
466 1085 846 1131 consumpserat,
879 1084 985 1130 post
1015 1083 1194 1118 retecta
1226 1077 1350 1128 apud
1380 1087 1466 1116 nos
1502 1076 1550 1116 in
1580 1075 1758 1116 confes-

111 1154 240 1194 sione
274 1158 492 1204 peccata,
530 1151 668 1191 huius
703 1150 999 1191 Sacramenti
1033 1149 1206 1189 virtute
1241 1148 1410 1188 marito
1448 1153 1518 1187 est
1552 1147 1758 1187 reconci-

113 1225 243 1275 liata,
276 1235 366 1275 quo
398 1223 610 1263 similiter
640 1234 724 1274 per
755 1221 1100 1262 confessionem
1130 1220 1398 1270 emundato,
1432 1219 1702 1258 intermissa
1732 1231 1759 1258 a

113 1302 181 1336 tot
202 1296 337 1336 annis
358 1295 480 1335 inter
501 1306 581 1335 eos
602 1305 793 1334 mensae
816 1293 1075 1344 domusque
1093 1290 1457 1332 communicatio
1481 1302 1537 1330 ac
1559 1290 1760 1330 societas

116 1367 428 1408 concordibus
449 1367 667 1418 utrinque
692 1365 860 1405 animis
882 1370 952 1404 est
982 1364 1195 1415 repetita.
1220 1362 1317 1403 Nec
1344 1362 1498 1402 minus
1522 1362 1570 1401 in
1597 1361 1761 1402 eodem

112 1438 419 1479 Sacramento
441 1436 634 1489 presidii
656 1442 877 1488 expertus
899 1442 968 1476 est
988 1435 1062 1476 vir
1089 1435 1299 1487 quidam,
1325 1433 1401 1485 qui
1429 1446 1455 1473 a
1484 1434 1628 1473 multo
1651 1442 1760 1472 tem-

114 1521 225 1561 pore
257 1509 314 1549 ab
345 1509 435 1549 hoc
466 1509 568 1560 ipso
601 1520 650 1548 se
682 1508 995 1557 alienaverat3
1026 1518 1137 1546 nam
1170 1518 1229 1545 ex
1263 1505 1560 1545 confessione
1596 1503 1762 1544 fortior

114 1581 264 1621 factus
287 1581 483 1621 iniurias
506 1592 689 1630 omnes,
722 1591 841 1631 quae
863 1584 907 1619 et
934 1578 1162 1630 plurimae
1198 1584 1242 1617 et
1269 1576 1584 1628 gravissimae
1611 1581 1760 1625 erant,

115 1652 189 1702 iis,
216 1652 293 1704 qui
315 1652 418 1692 illas
447 1651 535 1691 sibi
567 1651 854 1700 intulissent,
879 1662 938 1690 ex
965 1649 1121 1689 animo
1152 1648 1346 1688 remisit.
1379 1646 1484 1687 Duo
1517 1652 1769 1698 praeterea

116 1735 219 1764 cum
238 1723 376 1763 huius
399 1722 684 1763 sacramenti
706 1721 1156 1773 frequentationem,
1187 1719 1347 1759 nescio
1381 1730 1471 1770 qua
1501 1718 1683 1758 incuria
1706 1729 1761 1758 ac

116 1794 424 1846 negligentia,
463 1794 751 1844 omisissent,
789 1804 844 1833 ac
876 1792 983 1832 inde
1020 1793 1067 1832 in
1100 1790 1373 1831 foedissima
1405 1801 1618 1842 quaeque
1651 1789 1763 1829 vitia

115 1866 322 1918 prolapsi
357 1872 533 1915 essent,
572 1865 862 1917 puderetque
899 1875 981 1904 seu
1012 1863 1193 1915 pigeret
1228 1862 1476 1914 pristinam
1513 1860 1765 1901 confitendi

117 1936 502 1977 consuetudinem
524 1947 783 1987 resumere,
807 1934 997 1975 tandem
1019 1946 1125 1974 cum
1148 1946 1174 1974 a
1197 1945 1246 1973 se
1268 1933 1281 1951 ‘²
1303 1939 1351 1973 ut
1374 1932 1499 1984 apud
1519 1944 1603 1972 nos
1626 1931 1763 1972 confi-

119 2015 328 2048 terentur
365 2008 718 2059 impetrassent,
761 2007 826 2047 ita
866 2014 973 2046 sunt
1012 2006 1062 2045 vi
1100 2004 1386 2045 sacramenti
1422 2003 1685 2044 confirmati
1719 2011 1766 2042 ut

126 2080 314 2130 antiquo
335 2091 465 2119 more
493 2078 705 2119 confiteri
734 2079 780 2118 in
811 2078 934 2118 hunc
965 2089 1111 2128 usque
1141 2076 1262 2116 diem
1293 2086 1398 2115 cnm
1426 2074 1639 2115 maximo
1669 2074 1767 2114 cmi-

123 2162 311 2190 martem
345 2162 547 2190 suarum
583 2149 834 2202 spirituali
863 2150 1089 2201 prosectu
1124 2153 1444 2200 perseverent.
1478 2146 1569 2187 Sed
1601 2153 1645 2186 et
1679 2146 1767 2185 duo

126 2222 224 2273 alii,
257 2222 334 2273 qui
368 2221 549 2273 aliquot
583 2232 739 2261 annos
768 2220 781 2237 ⁵
812 2227 944 2261 tanto
981 2219 1217 2271 praesidio
1250 2224 1528 2268 caruerant,
1565 2216 1769 2257 confessi

124 2299 232 2333 sunt
260 2305 353 2334 non
388 2294 487 2333 sine
521 2293 766 2344 proposito
802 2292 1005 2343 idipsum
1041 2291 1251 2331 crebrius
1286 2290 1334 2330 in
1367 2295 1609 2341 posterum
1638 2288 1769 2328 facti-

127 2364 274 2414 tandi,
299 2376 497 2416 quorum
519 2364 662 2403 itm'us
684 2362 698 2381 4
718 2375 838 2404 uxor
861 2375 1044 2414 quoque
1067 2374 1122 2402 ac
1144 2361 1237 2402 filia
1259 2361 1353 2401 iam
1374 2361 1449 2400 hic
1472 2360 1614 2400 etiam
1637 2359 1739 2398 eins
1758 2357 1771 2376 ⁵

128 2436 341 2486 exemplo
363 2435 608 2475 confessae
630 2442 752 2475 sunt.
776 2434 953 2475 Audita
975 2440 1044 2474 est
1077 2434 1218 2473 etiam
1247 2433 1495 2484 opulentae
1518 2430 1772 2470 admodum

129 2512 370 2546 matronae
405 2505 659 2555 confessio,
692 2518 812 2557 quae
849 2517 955 2545 cum
990 2505 1088 2545 ruri
1124 2510 1308 2556 ageret,
1343 2513 1603 2543 conscenso
1636 2512 1769 2552 equo,

131 2589 223 2617 non
255 2578 347 2617 alia
379 2578 434 2617 de
470 2589 613 2617 causa
650 2577 710 2617 ad
743 2588 829 2617 nos
864 2576 1132 2626 advolarat;
1172 2581 1333 2626 estque
1368 2585 1562 2614 reversa
1598 2573 1770 2622 animo,

190 2784 196 2802 ¹
240 2784 332 2817 Quae
349 2785 473 2812 italicis
490 2785 742 2819 descripsimus,
759 2793 778 2811 a
795 2785 941 2812 Polanco
957 2791 1142 2818 suppressa
1159 2786 1246 2810 sunt.

188 2832 200 2850 2¹
238 2831 301 2865 Ita;
327 2833 383 2859 sed
412 2833 538 2860 clarius
563 2833 648 2859 haec
674 2833 747 2867 ipsa
771 2833 923 2866 reperies
946 2832 1035 2866 apud
1059 2832 1253 2863 Polancum,
1281 2829 1486 2859 Clzronz'con,
1508 2833 1529 2856 t.
1547 2836 1592 2863 111,
1618 2837 1671 2857 an.
1696 2828 1775 2860 1553,

142 2880 294 2914 png.110,
311 2880 422 2908 n.‘207.
519 2891 540 2906 ι

190 2928 203 2945 ⁷·
242 2928 420 2962 integrum
437 2930 637 2956 triennimn
653 2930 841 2964 scripserat
858 2929 1043 2956 Fontanus:

192 2975 204 2994 4
241 2975 403 3004 alterius,
421 2976 605 3003 Fontanus.

191 3020 205 3040 ὅ
243 3023 367 3050 simili.
389 3023 575 3051 Fontanus.
