<?xml version="1.0" encoding="UTF-8"?>
<!DOCTYPE html PUBLIC "-//W3C//DTD XHTML 1.0 Transitional//EN"
    "http://www.w3.org/TR/xhtml1/DTD/xhtml1-transitional.dtd">
<html xmlns="http://www.w3.org/1999/xhtml" xml:lang="en" lang="en">
 <head>
  <title>
</title>
<meta http-equiv="Content-Type" content="text/html;charset=utf-8" />
  <meta name='ocr-system' content='tesseract 3.04.00' />
  <meta name='ocr-capabilities' content='ocr_page ocr_carea ocr_par ocr_line ocrx_word'/>
</head>
<body>
  <div class='ocr_page' id='page_1' title='image "./litteraequadrime14lain_0189.png"; bbox 0 0 2080 3392; ppageno 0'>
   <div class='ocr_carea' id='block_1_1' title="bbox 842 185 1777 225">
    <p class='ocr_par' dir='ltr' id='par_1_1' title="bbox 842 185 1777 225">
     <span class='ocr_line' id='line_1_1' title="bbox 842 185 1777 225; baseline -0.004 0"><span class='ocrx_word' id='word_1_1' title='bbox 842 189 923 225; x_wconf 77' lang='lat' dir='ltr'>AN.</span> <span class='ocrx_word' id='word_1_2' title='bbox 956 188 1047 225; x_wconf 77' lang='lat'>1553</span> <span class='ocrx_word' id='word_1_3' title='bbox 1705 185 1777 222; x_wconf 68' lang='lat'>155</span> 
     </span>
    </p>
   </div>
   <div class='ocr_carea' id='block_1_2' title="bbox 128 284 1792 3044">
    <p class='ocr_par' dir='ltr' id='par_1_2' title="bbox 128 284 1792 3044">
     <span class='ocr_line' id='line_1_2' title="bbox 128 284 1775 336; baseline -0.005 -6"><span class='ocrx_word' id='word_1_4' title='bbox 128 291 374 330; x_wconf 89' lang='lat' dir='ltr'>literarum</span> <span class='ocrx_word' id='word_1_5' title='bbox 400 286 566 326; x_wconf 86' lang='lat' dir='ltr'>studiis</span> <span class='ocrx_word' id='word_1_6' title='bbox 596 292 695 326; x_wconf 91' lang='lat' dir='ltr'>tum</span> <span class='ocrx_word' id='word_1_7' title='bbox 725 286 780 326; x_wconf 87' lang='lat' dir='ltr'>de</span> <span class='ocrx_word' id='word_1_8' title='bbox 811 285 1123 336; x_wconf 77' lang='lat' dir='ltr'>scholasticis,</span> <span class='ocrx_word' id='word_1_9' title='bbox 1163 284 1241 335; x_wconf 90' lang='lat' dir='ltr'>qui</span> <span class='ocrx_word' id='word_1_10' title='bbox 1262 289 1473 324; x_wconf 87' lang='lat' dir='ltr'>nostram</span> <span class='ocrx_word' id='word_1_11' title='bbox 1508 286 1775 333; x_wconf 71' lang='lat' dir='ltr'>sequuntur</span> 
     </span>
     <span class='ocr_line' id='line_1_3' title="bbox 129 354 1772 408; baseline -0.005 -7"><span class='ocrx_word' id='word_1_12' title='bbox 129 361 353 402; x_wconf 90' lang='lat' dir='ltr'>scholam.</span> <span class='ocrx_word' id='word_1_13' title='bbox 378 358 585 398; x_wconf 84' lang='lat' dir='ltr'>Primum</span> <span class='ocrx_word' id='word_1_14' title='bbox 607 357 751 408; x_wconf 86' lang='lat' dir='ltr'>igitur</span> <span class='ocrx_word' id='word_1_15' title='bbox 769 357 874 397; x_wconf 87' lang='lat' dir='ltr'>dico</span> <span class='ocrx_word' id='word_1_16' title='bbox 896 367 1141 396; x_wconf 88' lang='lat' dir='ltr'>numerum</span> <span class='ocrx_word' id='word_1_17' title='bbox 1170 355 1562 395; x_wconf 87' lang='lat' dir='ltr'>scholasticorum</span> <span class='ocrx_word' id='word_1_18' title='bbox 1589 354 1636 393; x_wconf 86' lang='lat' dir='ltr'>in</span> <span class='ocrx_word' id='word_1_19' title='bbox 1664 365 1772 405; x_wconf 90' lang='lat' dir='ltr'>qua-</span> 
     </span>
     <span class='ocr_line' id='line_1_4' title="bbox 130 425 1773 477; baseline -0.004 -6"><span class='ocrx_word' id='word_1_20' title='bbox 130 438 234 472; x_wconf 85' lang='lat' dir='ltr'>tuor</span> <span class='ocrx_word' id='word_1_21' title='bbox 261 429 560 469; x_wconf 84' lang='lat' dir='ltr'>distributum</span> <span class='ocrx_word' id='word_1_22' title='bbox 591 439 694 467; x_wconf 86' lang='lat' dir='ltr'>esse</span> <span class='ocrx_word' id='word_1_23' title='bbox 729 428 921 477; x_wconf 84' lang='lat' dir='ltr'>classes,</span> <span class='ocrx_word' id='word_1_24' title='bbox 955 433 999 466; x_wconf 91' lang='lat' dir='ltr'>et</span> <span class='ocrx_word' id='word_1_25' title='bbox 1034 427 1081 466; x_wconf 89' lang='lat' dir='ltr'>in</span> <span class='ocrx_word' id='word_1_26' title='bbox 1116 426 1315 477; x_wconf 88' lang='lat' dir='ltr'>singulis</span> <span class='ocrx_word' id='word_1_27' title='bbox 1350 437 1452 465; x_wconf 89' lang='lat' dir='ltr'>esse</span> <span class='ocrx_word' id='word_1_28' title='bbox 1493 425 1773 465; x_wconf 88' lang='lat' dir='ltr'>constitutos</span> 
     </span>
     <span class='ocr_line' id='line_1_5' title="bbox 130 496 1772 554; baseline -0.004 -13"><span class='ocrx_word' id='word_1_29' title='bbox 130 506 476 554; x_wconf 78' lang='lat' dir='ltr'>praeceptores,</span> <span class='ocrx_word' id='word_1_30' title='bbox 500 499 578 550; x_wconf 92' lang='lat' dir='ltr'>qui</span> <span class='ocrx_word' id='word_1_31' title='bbox 599 499 936 550; x_wconf 90' lang='lat' dir='ltr'>discipulorum</span> <span class='ocrx_word' id='word_1_32' title='bbox 963 497 1128 548; x_wconf 74' lang='lat' dir='ltr'>captui</span> <span class='ocrx_word' id='word_1_33' title='bbox 1144 497 1367 536; x_wconf 89' lang='lat' dir='ltr'>lectiones</span> <span class='ocrx_word' id='word_1_34' title='bbox 1398 496 1772 545; x_wconf 78' lang='lat' dir='ltr'>accommodant3</span> 
     </span>
     <span class='ocr_line' id='line_1_6' title="bbox 131 567 1782 618; baseline -0.004 -7"><span class='ocrx_word' id='word_1_35' title='bbox 131 576 174 612; x_wconf 84' lang='lat' dir='ltr'>et</span> <span class='ocrx_word' id='word_1_36' title='bbox 195 583 310 611; x_wconf 78' lang='lat' dir='ltr'>sane</span> <span class='ocrx_word' id='word_1_37' title='bbox 331 574 432 610; x_wconf 76' lang='lat' dir='ltr'>tum</span> <span class='ocrx_word' id='word_1_38' title='bbox 452 569 500 609; x_wconf 79' lang='lat' dir='ltr'>in</span> <span class='ocrx_word' id='word_1_39' title='bbox 524 569 803 609; x_wconf 72' lang='lat' dir='ltr'>lectz&#39;om&#39;bzts</span> <span class='ocrx_word' id='word_1_40' title='bbox 823 572 924 608; x_wconf 75' lang='lat' dir='ltr'>tum</span> <span class='ocrx_word' id='word_1_41' title='bbox 945 568 994 607; x_wconf 74' lang='lat' dir='ltr'>sn</span> <span class='ocrx_word' id='word_1_42' title='bbox 1017 567 1440 607; x_wconf 65' lang='lat' dir='ltr'>exercitationibus</span> <span class='ocrx_word' id='word_1_43' title='bbox 1468 567 1782 618; x_wconf 65' lang='lat' dir='ltr'>componendi</span> 
     </span>
     <span class='ocr_line' id='line_1_7' title="bbox 130 637 1773 694; baseline -0.004 -13"><span class='ocrx_word' id='word_1_44' title='bbox 130 653 184 683; x_wconf 80' lang='lat' dir='ltr'>ac</span> <span class='ocrx_word' id='word_1_45' title='bbox 203 640 567 694; x_wconf 68' lang='lat' dir='ltr'>pronuncianda·</span> <span class='ocrx_word' id='word_1_46' title='bbox 581 640 824 680; x_wconf 69' lang='lat' dir='ltr'>orationes</span> <span class='ocrx_word' id='word_1_47' title='bbox 844 650 899 679; x_wconf 82' lang='lat' dir='ltr'>ac</span> <span class='ocrx_word' id='word_1_48' title='bbox 919 638 1047 686; x_wconf 67' lang='lat' dir='ltr'>allis,</span> <span class='ocrx_word' id='word_1_49' title='bbox 1068 638 1397 678; x_wconf 68' lang='lat' dir='ltr'>studiosorum</span> <span class='ocrx_word' id='word_1_50' title='bbox 1414 637 1664 689; x_wconf 70' lang='lat' dir='ltr'>profectui</span> <span class='ocrx_word' id='word_1_51' title='bbox 1678 637 1773 676; x_wconf 76' lang='lat' dir='ltr'>ido-</span> 
     </span>
     <span class='ocr_line' id='line_1_8' title="bbox 137 693 1792 764; baseline -0.004 -11"><span class='ocrx_word' id='word_1_52' title='bbox 137 713 255 764; x_wconf 77' lang='lat' dir='ltr'>neis,</span> <span class='ocrx_word' id='word_1_53' title='bbox 289 713 418 752; x_wconf 75' lang='lat' dir='ltr'>leand</span> <span class='ocrx_word' id='word_1_54' title='bbox 453 711 705 751; x_wconf 71' lang='lat' dir='ltr'>mediocris</span> <span class='ocrx_word' id='word_1_55' title='bbox 732 711 986 762; x_wconf 72' lang='lat' dir='ltr'>profectus</span> <span class='ocrx_word' id='word_1_56' title='bbox 1005 709 1288 761; x_wconf 68' lang='lat' dir='ltr'>percipitur.</span> <span class='ocrx_word' id='word_1_57' title='bbox 1326 708 1441 749; x_wconf 83' lang='lat' dir='ltr'>Sunt</span> <span class='ocrx_word' id='word_1_58' title='bbox 1464 722 1521 749; x_wconf 75' lang='lat' dir='ltr'>ex</span> <span class='ocrx_word' id='word_1_59' title='bbox 1551 709 1641 748; x_wconf 86' lang='lat' dir='ltr'>illis</span> <span class='ocrx_word' id='word_1_60' title='bbox 1663 693 1792 748; x_wconf 76' lang='lat' dir='ltr'>non-&#39;</span> 
     </span>
     <span class='ocr_line' id='line_1_9' title="bbox 134 781 1777 836; baseline -0.004 -11"><span class='ocrx_word' id='word_1_61' title='bbox 134 785 247 826; x_wconf 91' lang='lat' dir='ltr'>nulli</span> <span class='ocrx_word' id='word_1_62' title='bbox 267 784 514 836; x_wconf 83' lang='lat' dir='ltr'>praeclaro</span> <span class='ocrx_word' id='word_1_63' title='bbox 542 784 732 834; x_wconf 89' lang='lat' dir='ltr'>ingenio</span> <span class='ocrx_word' id='word_1_64' title='bbox 764 790 808 823; x_wconf 91' lang='lat' dir='ltr'>et</span> <span class='ocrx_word' id='word_1_65' title='bbox 837 783 994 822; x_wconf 87' lang='lat' dir='ltr'>animo</span> <span class='ocrx_word' id='word_1_66' title='bbox 1017 782 1238 833; x_wconf 71' lang='lat' dir='ltr'>praediti,</span> <span class='ocrx_word' id='word_1_67' title='bbox 1275 784 1318 820; x_wconf 78' lang='lat' dir='ltr'>ct</span> <span class='ocrx_word' id='word_1_68' title='bbox 1340 788 1436 820; x_wconf 81' lang='lat' dir='ltr'>tam</span> <span class='ocrx_word' id='word_1_69' title='bbox 1468 781 1606 832; x_wconf 77' lang='lat' dir='ltr'>parvi</span> <span class='ocrx_word' id='word_1_70' title='bbox 1637 792 1777 832; x_wconf 85' lang='lat' dir='ltr'>quam</span> 
     </span>
     <span class='ocr_line' id='line_1_10' title="bbox 137 853 1779 908; baseline -0.003 -12"><span class='ocrx_word' id='word_1_71' title='bbox 137 855 416 908; x_wconf 75' lang='lat' dir='ltr'>grandiores</span> <span class='ocrx_word' id='word_1_72' title='bbox 432 861 546 895; x_wconf 88' lang='lat' dir='ltr'>natu</span> <span class='ocrx_word' id='word_1_73' title='bbox 567 866 669 894; x_wconf 90' lang='lat' dir='ltr'>sese</span> <span class='ocrx_word' id='word_1_74' title='bbox 690 854 921 894; x_wconf 83' lang='lat' dir='ltr'>submisse</span> <span class='ocrx_word' id='word_1_75' title='bbox 944 865 998 894; x_wconf 90' lang='lat' dir='ltr'>ac</span> <span class='ocrx_word' id='word_1_76' title='bbox 1024 853 1277 905; x_wconf 89' lang='lat' dir='ltr'>prudenter</span> <span class='ocrx_word' id='word_1_77' title='bbox 1298 858 1482 904; x_wconf 80' lang='lat' dir='ltr'>gerunt,</span> <span class='ocrx_word' id='word_1_78' title='bbox 1507 858 1779 903; x_wconf 71' lang='lat' dir='ltr'>tantamque</span> 
     </span>
     <span class='ocr_line' id='line_1_11' title="bbox 135 924 1776 977; baseline -0.004 -10"><span class='ocrx_word' id='word_1_79' title='bbox 135 926 413 967; x_wconf 81' lang='lat' dir='ltr'>modestiam</span> <span class='ocrx_word' id='word_1_80' title='bbox 433 937 546 977; x_wconf 86' lang='lat' dir='ltr'>prae</span> <span class='ocrx_word' id='word_1_81' title='bbox 568 937 617 965; x_wconf 89' lang='lat' dir='ltr'>se</span> <span class='ocrx_word' id='word_1_82' title='bbox 638 925 809 976; x_wconf 87' lang='lat' dir='ltr'>ferunt,</span> <span class='ocrx_word' id='word_1_83' title='bbox 833 930 882 964; x_wconf 89' lang='lat' dir='ltr'>ut</span> <span class='ocrx_word' id='word_1_84' title='bbox 902 936 1097 976; x_wconf 88' lang='lat' dir='ltr'>prorsus</span> <span class='ocrx_word' id='word_1_85' title='bbox 1118 936 1167 964; x_wconf 92' lang='lat' dir='ltr'>se</span> <span class='ocrx_word' id='word_1_86' title='bbox 1185 924 1395 974; x_wconf 86' lang='lat' dir='ltr'>integros</span> <span class='ocrx_word' id='word_1_87' title='bbox 1413 929 1661 973; x_wconf 86' lang='lat' dir='ltr'>castosque</span> <span class='ocrx_word' id='word_1_88' title='bbox 1684 935 1776 962; x_wconf 89' lang='lat' dir='ltr'>ser-</span> 
     </span>
     <span class='ocr_line' id='line_1_12' title="bbox 136 993 1782 1045; baseline -0.003 -7"><span class='ocrx_word' id='word_1_89' title='bbox 136 1010 249 1038; x_wconf 83' lang='lat' dir='ltr'>vare</span> <span class='ocrx_word' id='word_1_90' title='bbox 271 1003 315 1038; x_wconf 89' lang='lat' dir='ltr'>et</span> <span class='ocrx_word' id='word_1_91' title='bbox 334 1010 359 1037; x_wconf 90' lang='lat' dir='ltr'>a</span> <span class='ocrx_word' id='word_1_92' title='bbox 376 997 538 1037; x_wconf 84' lang='lat' dir='ltr'>mundi</span> <span class='ocrx_word' id='word_1_93' title='bbox 558 996 792 1037; x_wconf 84' lang='lat' dir='ltr'>illecebris</span> <span class='ocrx_word' id='word_1_94' title='bbox 812 996 1062 1036; x_wconf 72' lang='lat' dir='ltr'>videantur</span> <span class='ocrx_word' id='word_1_95' title='bbox 1079 995 1269 1035; x_wconf 68' lang='lat' dir='ltr'>omniuo</span> <span class='ocrx_word' id='word_1_96' title='bbox 1298 1006 1542 1034; x_wconf 74' lang='lat' dir='ltr'>sevocare.</span> <span class='ocrx_word' id='word_1_97' title='bbox 1574 993 1782 1045; x_wconf 80' lang='lat' dir='ltr'>Singulis</span> 
     </span>
     <span class='ocr_line' id='line_1_13' title="bbox 136 1065 1775 1118; baseline -0.003 -9"><span class='ocrx_word' id='word_1_98' title='bbox 136 1069 374 1110; x_wconf 79' lang='lat' dir='ltr'>mensibus</span> <span class='ocrx_word' id='word_1_99' title='bbox 403 1067 627 1117; x_wconf 78' lang='lat' dir='ltr'>universi,</span> <span class='ocrx_word' id='word_1_100' title='bbox 651 1072 744 1118; x_wconf 68' lang='lat' dir='ltr'>pro</span> <span class='ocrx_word' id='word_1_101' title='bbox 767 1078 897 1107; x_wconf 68' lang='lat' dir='ltr'>more</span> <span class='ocrx_word' id='word_1_102' title='bbox 926 1066 1241 1117; x_wconf 66' lang='lat' dir='ltr'>collegiorum</span> <span class='ocrx_word' id='word_1_103' title='bbox 1270 1066 1540 1115; x_wconf 75' lang='lat' dir='ltr'>Socz&#39;etatl&#39;s,</span> <span class='ocrx_word' id='word_1_104' title='bbox 1568 1065 1656 1104; x_wconf 71' lang='lat' dir='ltr'>alli</span> <span class='ocrx_word' id='word_1_105' title='bbox 1672 1065 1775 1115; x_wconf 69' lang='lat' dir='ltr'>fre-</span> 
     </span>
     <span class='ocr_line' id='line_1_14' title="bbox 131 1136 1779 1192; baseline -0.002 -12"><span class='ocrx_word' id='word_1_106' title='bbox 131 1140 369 1192; x_wconf 71' lang='lat' dir='ltr'>quentius,</span> <span class='ocrx_word' id='word_1_107' title='bbox 381 1145 578 1191; x_wconf 89' lang='lat' dir='ltr'>peccata</span> <span class='ocrx_word' id='word_1_108' title='bbox 596 1138 889 1178; x_wconf 86' lang='lat' dir='ltr'>confitentur.</span> <span class='ocrx_word' id='word_1_109' title='bbox 902 1138 1042 1178; x_wconf 81' lang='lat' dir='ltr'>Haud</span> <span class='ocrx_word' id='word_1_110' title='bbox 1059 1138 1256 1177; x_wconf 80' lang='lat' dir='ltr'>obscure</span> <span class='ocrx_word' id='word_1_111' title='bbox 1274 1144 1529 1177; x_wconf 87' lang='lat' dir='ltr'>cernuntur</span> <span class='ocrx_word' id='word_1_112' title='bbox 1549 1137 1595 1176; x_wconf 90' lang='lat' dir='ltr'>in</span> <span class='ocrx_word' id='word_1_113' title='bbox 1612 1136 1779 1187; x_wconf 89' lang='lat' dir='ltr'>spiritu</span> 
     </span>
     <span class='ocr_line' id='line_1_15' title="bbox 135 1208 1776 1261; baseline -0.002 -10"><span class='ocrx_word' id='word_1_114' title='bbox 135 1223 364 1261; x_wconf 86' lang='lat' dir='ltr'>crescere,</span> <span class='ocrx_word' id='word_1_115' title='bbox 383 1217 443 1261; x_wconf 90' lang='lat' dir='ltr'>et,</span> <span class='ocrx_word' id='word_1_116' title='bbox 467 1210 683 1261; x_wconf 87' lang='lat' dir='ltr'>quamvis</span> <span class='ocrx_word' id='word_1_117' title='bbox 705 1210 750 1249; x_wconf 90' lang='lat' dir='ltr'>in</span> <span class='ocrx_word' id='word_1_118' title='bbox 774 1209 864 1249; x_wconf 89' lang='lat' dir='ltr'>hac</span> <span class='ocrx_word' id='word_1_119' title='bbox 886 1210 999 1249; x_wconf 89' lang='lat' dir='ltr'>urbe</span> <span class='ocrx_word' id='word_1_120' title='bbox 1017 1208 1216 1260; x_wconf 76' lang='lat' dir='ltr'>juvenes</span> <span class='ocrx_word' id='word_1_121' title='bbox 1238 1209 1329 1248; x_wconf 90' lang='lat' dir='ltr'>sint</span> <span class='ocrx_word' id='word_1_122' title='bbox 1356 1208 1578 1259; x_wconf 86' lang='lat' dir='ltr'>flagitiosi</span> <span class='ocrx_word' id='word_1_123' title='bbox 1609 1219 1664 1247; x_wconf 88' lang='lat' dir='ltr'>ac</span> <span class='ocrx_word' id='word_1_124' title='bbox 1685 1219 1776 1247; x_wconf 88' lang='lat' dir='ltr'>ma-</span> 
     </span>
     <span class='ocr_line' id='line_1_16' title="bbox 137 1280 1780 1332; baseline -0.002 -11"><span class='ocrx_word' id='word_1_125' title='bbox 137 1281 647 1332; x_wconf 68' lang='lat' dir='ltr'>ledictis,juramentis</span> <span class='ocrx_word' id='word_1_126' title='bbox 676 1286 719 1320; x_wconf 90' lang='lat' dir='ltr'>et</span> <span class='ocrx_word' id='word_1_127' title='bbox 741 1280 1119 1321; x_wconf 76' lang='lat' dir='ltr'>execrationibus</span> <span class='ocrx_word' id='word_1_128' title='bbox 1147 1280 1416 1327; x_wconf 82' lang='lat' dir='ltr'>assuefacti,</span> <span class='ocrx_word' id='word_1_129' title='bbox 1446 1280 1595 1319; x_wconf 83' lang='lat' dir='ltr'>nostri</span> <span class='ocrx_word' id='word_1_130' title='bbox 1622 1286 1780 1319; x_wconf 87' lang='lat' dir='ltr'>tamen</span> 
     </span>
     <span class='ocr_line' id='line_1_17' title="bbox 136 1339 1780 1404; baseline -0.002 -11"><span class='ocrx_word' id='word_1_131' title='bbox 136 1339 365 1404; x_wconf 70' lang='lat' dir='ltr'>discipuli,</span> <span class='ocrx_word' id='word_1_132' title='bbox 390 1352 445 1392; x_wconf 77' lang='lat' dir='ltr'>ab</span> <span class='ocrx_word' id='word_1_133' title='bbox 465 1351 541 1391; x_wconf 76' lang='lat' dir='ltr'>lzz‘s</span> <span class='ocrx_word' id='word_1_134' title='bbox 563 1351 887 1402; x_wconf 85' lang='lat' dir='ltr'>abhorrentes,</span> <span class='ocrx_word' id='word_1_135' title='bbox 912 1352 958 1391; x_wconf 90' lang='lat' dir='ltr'>in</span> <span class='ocrx_word' id='word_1_136' title='bbox 977 1351 1270 1391; x_wconf 88' lang='lat' dir='ltr'>sermonibus</span> <span class='ocrx_word' id='word_1_137' title='bbox 1292 1357 1335 1390; x_wconf 93' lang='lat' dir='ltr'>et</span> <span class='ocrx_word' id='word_1_138' title='bbox 1353 1350 1780 1402; x_wconf 89' lang='lat' dir='ltr'>colloquutionibus</span> 
     </span>
     <span class='ocr_line' id='line_1_18' title="bbox 131 1422 1775 1475; baseline -0.003 -10"><span class='ocrx_word' id='word_1_139' title='bbox 131 1425 390 1465; x_wconf 88' lang='lat' dir='ltr'>redduntur</span> <span class='ocrx_word' id='word_1_140' title='bbox 412 1423 646 1475; x_wconf 87' lang='lat' dir='ltr'>simplices</span> <span class='ocrx_word' id='word_1_141' title='bbox 668 1429 713 1463; x_wconf 89' lang='lat' dir='ltr'>et</span> <span class='ocrx_word' id='word_1_142' title='bbox 734 1423 981 1473; x_wconf 80' lang='lat' dir='ltr'>mansueti,</span> <span class='ocrx_word' id='word_1_143' title='bbox 1002 1435 1087 1463; x_wconf 90' lang='lat' dir='ltr'>nec</span> <span class='ocrx_word' id='word_1_144' title='bbox 1099 1426 1332 1474; x_wconf 71' lang='lat' dir='ltr'>pugnant</span> <span class='ocrx_word' id='word_1_145' title='bbox 1350 1422 1470 1462; x_wconf 89' lang='lat' dir='ltr'>inter</span> <span class='ocrx_word' id='word_1_146' title='bbox 1487 1433 1535 1461; x_wconf 91' lang='lat' dir='ltr'>se</span> <span class='ocrx_word' id='word_1_147' title='bbox 1553 1433 1775 1472; x_wconf 87' lang='lat' dir='ltr'>unquam,</span> 
     </span>
     <span class='ocr_line' id='line_1_19' title="bbox 132 1494 1777 1549; baseline -0.002 -12"><span class='ocrx_word' id='word_1_148' title='bbox 132 1497 212 1538; x_wconf 89' lang='lat' dir='ltr'>sed</span> <span class='ocrx_word' id='word_1_149' title='bbox 234 1497 391 1549; x_wconf 87' lang='lat' dir='ltr'>quieti,</span> <span class='ocrx_word' id='word_1_150' title='bbox 428 1495 667 1547; x_wconf 88' lang='lat' dir='ltr'>tranquilli</span> <span class='ocrx_word' id='word_1_151' title='bbox 699 1507 754 1535; x_wconf 91' lang='lat' dir='ltr'>ac</span> <span class='ocrx_word' id='word_1_152' title='bbox 782 1495 966 1547; x_wconf 82' lang='lat' dir='ltr'>pacifici</span> <span class='ocrx_word' id='word_1_153' title='bbox 1001 1494 1389 1546; x_wconf 84' lang='lat' dir='ltr'>praeceptoribus</span> <span class='ocrx_word' id='word_1_154' title='bbox 1420 1506 1614 1545; x_wconf 87' lang='lat' dir='ltr'>operam</span> <span class='ocrx_word' id='word_1_155' title='bbox 1649 1494 1777 1533; x_wconf 88' lang='lat' dir='ltr'>dant-</span> 
     </span>
     <span class='ocr_line' id='line_1_20' title="bbox 135 1565 1780 1609; baseline -0.002 -1"><span class='ocrx_word' id='word_1_156' title='bbox 135 1568 312 1609; x_wconf 91' lang='lat' dir='ltr'>Diebus</span> <span class='ocrx_word' id='word_1_157' title='bbox 334 1568 582 1608; x_wconf 86' lang='lat' dir='ltr'>dominicis</span> <span class='ocrx_word' id='word_1_158' title='bbox 603 1574 648 1607; x_wconf 91' lang='lat' dir='ltr'>et</span> <span class='ocrx_word' id='word_1_159' title='bbox 669 1566 849 1606; x_wconf 84' lang='lat' dir='ltr'>feriatis</span> <span class='ocrx_word' id='word_1_160' title='bbox 867 1567 1011 1606; x_wconf 91' lang='lat' dir='ltr'>etiam</span> <span class='ocrx_word' id='word_1_161' title='bbox 1033 1567 1101 1606; x_wconf 90' lang='lat' dir='ltr'>rei</span> <span class='ocrx_word' id='word_1_162' title='bbox 1118 1565 1323 1606; x_wconf 83' lang='lat' dir='ltr'>Divinae</span> <span class='ocrx_word' id='word_1_163' title='bbox 1345 1572 1389 1606; x_wconf 86' lang='lat' dir='ltr'>et</span> <span class='ocrx_word' id='word_1_164' title='bbox 1406 1566 1623 1606; x_wconf 88' lang='lat' dir='ltr'>concioni</span> <span class='ocrx_word' id='word_1_165' title='bbox 1644 1566 1780 1605; x_wconf 86' lang='lat' dir='ltr'>inter·</span> 
     </span>
     <span class='ocr_line' id='line_1_21' title="bbox 134 1636 1781 1690; baseline -0.002 -11"><span class='ocrx_word' id='word_1_166' title='bbox 134 1646 263 1689; x_wconf 89' lang='lat' dir='ltr'>sunt,</span> <span class='ocrx_word' id='word_1_167' title='bbox 287 1638 503 1690; x_wconf 75' lang='lat' dir='ltr'>quamvis</span> <span class='ocrx_word' id='word_1_168' title='bbox 531 1638 577 1678; x_wconf 90' lang='lat' dir='ltr'>id</span> <span class='ocrx_word' id='word_1_169' title='bbox 599 1638 657 1677; x_wconf 90' lang='lat' dir='ltr'>sit</span> <span class='ocrx_word' id='word_1_170' title='bbox 680 1639 737 1677; x_wconf 86' lang='lat' dir='ltr'>ob</span> <span class='ocrx_word' id='word_1_171' title='bbox 761 1636 952 1688; x_wconf 84' lang='lat' dir='ltr'>frigoris</span> <span class='ocrx_word' id='word_1_172' title='bbox 974 1637 1069 1677; x_wconf 84' lang='lat' dir='ltr'>vim</span> <span class='ocrx_word' id='word_1_173' title='bbox 1091 1648 1342 1689; x_wconf 77' lang='lat' dir='ltr'>pergrave.</span> <span class='ocrx_word' id='word_1_174' title='bbox 1374 1637 1617 1677; x_wconf 86' lang='lat' dir='ltr'>Edidimus</span> <span class='ocrx_word' id='word_1_175' title='bbox 1647 1647 1781 1687; x_wconf 90' lang='lat' dir='ltr'>regu-</span> 
     </span>
     <span class='ocr_line' id='line_1_22' title="bbox 133 1708 1779 1761; baseline -0.002 -11"><span class='ocrx_word' id='word_1_176' title='bbox 133 1712 216 1761; x_wconf 90' lang='lat' dir='ltr'>las,</span> <span class='ocrx_word' id='word_1_177' title='bbox 237 1722 410 1761; x_wconf 88' lang='lat' dir='ltr'>easque</span> <span class='ocrx_word' id='word_1_178' title='bbox 429 1710 477 1749; x_wconf 90' lang='lat' dir='ltr'>in</span> <span class='ocrx_word' id='word_1_179' title='bbox 492 1709 650 1749; x_wconf 89' lang='lat' dir='ltr'>tabula</span> <span class='ocrx_word' id='word_1_180' title='bbox 670 1709 1019 1760; x_wconf 87' lang='lat' dir='ltr'>descripsimus,</span> <span class='ocrx_word' id='word_1_181' title='bbox 1035 1709 1201 1759; x_wconf 89' lang='lat' dir='ltr'>quibus</span> <span class='ocrx_word' id='word_1_182' title='bbox 1218 1708 1531 1748; x_wconf 84' lang='lat' dir='ltr'>informantur</span> <span class='ocrx_word' id='word_1_183' title='bbox 1546 1708 1779 1759; x_wconf 87' lang='lat' dir='ltr'>quomodo</span> 
     </span>
     <span class='ocr_line' id='line_1_23' title="bbox 133 1780 1779 1832; baseline -0.001 -11"><span class='ocrx_word' id='word_1_184' title='bbox 133 1793 234 1822; x_wconf 88' lang='lat' dir='ltr'>sese</span> <span class='ocrx_word' id='word_1_185' title='bbox 269 1781 467 1822; x_wconf 87' lang='lat' dir='ltr'>debeant</span> <span class='ocrx_word' id='word_1_186' title='bbox 496 1792 677 1832; x_wconf 88' lang='lat' dir='ltr'>gerere,</span> <span class='ocrx_word' id='word_1_187' title='bbox 715 1787 813 1820; x_wconf 91' lang='lat' dir='ltr'>tum</span> <span class='ocrx_word' id='word_1_188' title='bbox 851 1781 898 1820; x_wconf 90' lang='lat' dir='ltr'>in</span> <span class='ocrx_word' id='word_1_189' title='bbox 919 1780 1027 1820; x_wconf 89' lang='lat' dir='ltr'>ludo</span> <span class='ocrx_word' id='word_1_190' title='bbox 1063 1780 1287 1830; x_wconf 87' lang='lat' dir='ltr'>literario,</span> <span class='ocrx_word' id='word_1_191' title='bbox 1325 1787 1423 1819; x_wconf 91' lang='lat' dir='ltr'>tum</span> <span class='ocrx_word' id='word_1_192' title='bbox 1458 1780 1504 1819; x_wconf 87' lang='lat' dir='ltr'>in</span> <span class='ocrx_word' id='word_1_193' title='bbox 1538 1780 1643 1830; x_wconf 76' lang='lat' dir='ltr'>viis,</span> <span class='ocrx_word' id='word_1_194' title='bbox 1679 1786 1779 1819; x_wconf 83' lang='lat' dir='ltr'>tum</span> 
     </span>
     <span class='ocr_line' id='line_1_24' title="bbox 131 1851 1775 1903; baseline -0.002 -10"><span class='ocrx_word' id='word_1_195' title='bbox 131 1853 270 1893; x_wconf 87' lang='lat' dir='ltr'>domi.</span> <span class='ocrx_word' id='word_1_196' title='bbox 299 1853 374 1893; x_wconf 84' lang='lat' dir='ltr'>Ad</span> <span class='ocrx_word' id='word_1_197' title='bbox 395 1853 513 1892; x_wconf 88' lang='lat' dir='ltr'>haec</span> <span class='ocrx_word' id='word_1_198' title='bbox 535 1852 875 1903; x_wconf 87' lang='lat' dir='ltr'>adscripsimus</span> <span class='ocrx_word' id='word_1_199' title='bbox 896 1851 1086 1892; x_wconf 79' lang='lat' dir='ltr'>modum</span> <span class='ocrx_word' id='word_1_200' title='bbox 1108 1858 1153 1891; x_wconf 91' lang='lat' dir='ltr'>et</span> <span class='ocrx_word' id='word_1_201' title='bbox 1176 1852 1389 1891; x_wconf 84' lang='lat' dir='ltr'>ordinem</span> <span class='ocrx_word' id='word_1_202' title='bbox 1410 1863 1512 1891; x_wconf 88' lang='lat' dir='ltr'>sese</span> <span class='ocrx_word' id='word_1_203' title='bbox 1536 1858 1642 1891; x_wconf 87' lang='lat' dir='ltr'>ante</span> <span class='ocrx_word' id='word_1_204' title='bbox 1665 1857 1775 1891; x_wconf 90' lang='lat' dir='ltr'>tem-</span> 
     </span>
     <span class='ocr_line' id='line_1_25' title="bbox 132 1922 1781 1975; baseline -0.001 -11"><span class='ocrx_word' id='word_1_205' title='bbox 132 1936 217 1975; x_wconf 90' lang='lat' dir='ltr'>pus</span> <span class='ocrx_word' id='word_1_206' title='bbox 239 1924 407 1975; x_wconf 84' lang='lat' dir='ltr'>quietis</span> <span class='ocrx_word' id='word_1_207' title='bbox 429 1924 731 1964; x_wconf 83' lang='lat' dir='ltr'>examinandi</span> <span class='ocrx_word' id='word_1_208' title='bbox 754 1931 812 1974; x_wconf 88' lang='lat' dir='ltr'>et,</span> <span class='ocrx_word' id='word_1_209' title='bbox 833 1923 970 1963; x_wconf 86' lang='lat' dir='ltr'>simul</span> <span class='ocrx_word' id='word_1_210' title='bbox 989 1929 1126 1975; x_wconf 87' lang='lat' dir='ltr'>atque</span> <span class='ocrx_word' id='word_1_211' title='bbox 1144 1930 1359 1973; x_wconf 87' lang='lat' dir='ltr'>surgunt,</span> <span class='ocrx_word' id='word_1_212' title='bbox 1385 1922 1536 1962; x_wconf 89' lang='lat' dir='ltr'>Deum</span> <span class='ocrx_word' id='word_1_213' title='bbox 1555 1923 1781 1974; x_wconf 87' lang='lat' dir='ltr'>precandi</span> 
     </span>
     <span class='ocr_line' id='line_1_26' title="bbox 131 1994 1778 2046; baseline -0.001 -11"><span class='ocrx_word' id='word_1_214' title='bbox 131 2001 175 2035; x_wconf 82' lang='lat' dir='ltr'>et</span> <span class='ocrx_word' id='word_1_215' title='bbox 195 1996 237 2035; x_wconf 88' lang='lat' dir='ltr'>ei</span> <span class='ocrx_word' id='word_1_216' title='bbox 260 2007 361 2035; x_wconf 87' lang='lat' dir='ltr'>sese</span> <span class='ocrx_word' id='word_1_217' title='bbox 383 2001 507 2035; x_wconf 89' lang='lat' dir='ltr'>totos</span> <span class='ocrx_word' id='word_1_218' title='bbox 529 1994 747 2035; x_wconf 87' lang='lat' dir='ltr'>tradendi</span> <span class='ocrx_word' id='word_1_219' title='bbox 764 2007 819 2034; x_wconf 87' lang='lat' dir='ltr'>ac</span> <span class='ocrx_word' id='word_1_220' title='bbox 843 1995 1046 2035; x_wconf 89' lang='lat' dir='ltr'>dicandi.</span> <span class='ocrx_word' id='word_1_221' title='bbox 1071 1994 1143 2035; x_wconf 83' lang='lat' dir='ltr'>Ac</span> <span class='ocrx_word' id='word_1_222' title='bbox 1160 1994 1232 2034; x_wconf 88' lang='lat' dir='ltr'>his</span> <span class='ocrx_word' id='word_1_223' title='bbox 1254 1994 1442 2046; x_wconf 87' lang='lat' dir='ltr'>quidem</span> <span class='ocrx_word' id='word_1_224' title='bbox 1463 1995 1602 2034; x_wconf 83' lang='lat' dir='ltr'>rebus</span> <span class='ocrx_word' id='word_1_225' title='bbox 1634 1994 1778 2034; x_wconf 74' lang='lat' dir='ltr'>maxi-</span> 
     </span>
     <span class='ocr_line' id='line_1_27' title="bbox 135 2065 1779 2115; baseline -0.001 -9"><span class='ocrx_word' id='word_1_226' title='bbox 135 2078 206 2106; x_wconf 88' lang='lat' dir='ltr'>me</span> <span class='ocrx_word' id='word_1_227' title='bbox 223 2066 282 2106; x_wconf 85' lang='lat' dir='ltr'>ad</span> <span class='ocrx_word' id='word_1_228' title='bbox 300 2066 485 2106; x_wconf 87' lang='lat' dir='ltr'>honesti</span> <span class='ocrx_word' id='word_1_229' title='bbox 507 2078 562 2106; x_wconf 90' lang='lat' dir='ltr'>ac</span> <span class='ocrx_word' id='word_1_230' title='bbox 589 2067 779 2106; x_wconf 87' lang='lat' dir='ltr'>virtutis</span> <span class='ocrx_word' id='word_1_231' title='bbox 802 2066 1006 2106; x_wconf 89' lang='lat' dir='ltr'>studium</span> <span class='ocrx_word' id='word_1_232' title='bbox 1034 2067 1247 2106; x_wconf 88' lang='lat' dir='ltr'>homines</span> <span class='ocrx_word' id='word_1_233' title='bbox 1274 2065 1639 2115; x_wconf 80' lang='lat' dir='ltr'>inflammantur,</span> <span class='ocrx_word' id='word_1_234' title='bbox 1675 2077 1779 2105; x_wconf 85' lang='lat' dir='ltr'>cum</span> 
     </span>
     <span class='ocr_line' id='line_1_28' title="bbox 133 2137 1780 2189; baseline -0.001 -12"><span class='ocrx_word' id='word_1_235' title='bbox 133 2139 400 2178; x_wconf 86' lang='lat' dir='ltr'>intueantur</span> <span class='ocrx_word' id='word_1_236' title='bbox 428 2149 516 2178; x_wconf 87' lang='lat' dir='ltr'>nos</span> <span class='ocrx_word' id='word_1_237' title='bbox 533 2144 714 2178; x_wconf 88' lang='lat' dir='ltr'>tantam</span> <span class='ocrx_word' id='word_1_238' title='bbox 745 2150 908 2177; x_wconf 89' lang='lat' dir='ltr'>curam</span> <span class='ocrx_word' id='word_1_239' title='bbox 938 2149 993 2177; x_wconf 90' lang='lat' dir='ltr'>ac</span> <span class='ocrx_word' id='word_1_240' title='bbox 1023 2149 1217 2189; x_wconf 88' lang='lat' dir='ltr'>operam</span> <span class='ocrx_word' id='word_1_241' title='bbox 1247 2138 1294 2177; x_wconf 90' lang='lat' dir='ltr'>in</span> <span class='ocrx_word' id='word_1_242' title='bbox 1322 2149 1577 2188; x_wconf 86' lang='lat' dir='ltr'>puerorum</span> <span class='ocrx_word' id='word_1_243' title='bbox 1602 2137 1780 2176; x_wconf 75' lang='lat' dir='ltr'>institu—</span> 
     </span>
     <span class='ocr_line' id='line_1_29' title="bbox 132 2207 1782 2260; baseline -0.002 -11"><span class='ocrx_word' id='word_1_244' title='bbox 132 2209 256 2249; x_wconf 89' lang='lat' dir='ltr'>tione</span> <span class='ocrx_word' id='word_1_245' title='bbox 278 2221 333 2249; x_wconf 90' lang='lat' dir='ltr'>ac</span> <span class='ocrx_word' id='word_1_246' title='bbox 356 2211 505 2249; x_wconf 87' lang='lat' dir='ltr'>salute</span> <span class='ocrx_word' id='word_1_247' title='bbox 527 2221 716 2260; x_wconf 88' lang='lat' dir='ltr'>ponere.</span> <span class='ocrx_word' id='word_1_248' title='bbox 756 2209 880 2249; x_wconf 76' lang='lat' dir='ltr'>Szmt</span> <span class='ocrx_word' id='word_1_249' title='bbox 900 2208 1043 2249; x_wconf 74' lang='lat' dir='ltr'>etiam</span> <span class='ocrx_word' id='word_1_250' title='bbox 1064 2221 1128 2249; x_wconf 64' lang='lat' dir='ltr'>ex</span> <span class='ocrx_word' id='word_1_251' title='bbox 1148 2208 1336 2260; x_wconf 65' lang='lat' dir='ltr'>pneris,</span> <span class='ocrx_word' id='word_1_252' title='bbox 1365 2209 1444 2260; x_wconf 91' lang='lat' dir='ltr'>qui</span> <span class='ocrx_word' id='word_1_253' title='bbox 1471 2215 1691 2260; x_wconf 84' lang='lat' dir='ltr'>parentes</span> <span class='ocrx_word' id='word_1_254' title='bbox 1723 2207 1782 2246; x_wconf 85' lang='lat' dir='ltr'>ad</span> 
     </span>
     <span class='ocr_line' id='line_1_30' title="bbox 135 2281 1781 2332; baseline -0.001 -12"><span class='ocrx_word' id='word_1_255' title='bbox 135 2282 250 2320; x_wconf 89' lang='lat' dir='ltr'>bene</span> <span class='ocrx_word' id='word_1_256' title='bbox 279 2281 537 2321; x_wconf 74' lang='lat' dir='ltr'>vivendum</span> <span class='ocrx_word' id='word_1_257' title='bbox 564 2281 810 2321; x_wconf 83' lang='lat' dir='ltr'>hortentur</span> <span class='ocrx_word' id='word_1_258' title='bbox 845 2288 890 2320; x_wconf 89' lang='lat' dir='ltr'>et</span> <span class='ocrx_word' id='word_1_259' title='bbox 921 2281 968 2321; x_wconf 89' lang='lat' dir='ltr'>in</span> <span class='ocrx_word' id='word_1_260' title='bbox 995 2281 1158 2332; x_wconf 86' lang='lat' dir='ltr'>primis</span> <span class='ocrx_word' id='word_1_261' title='bbox 1190 2281 1249 2320; x_wconf 85' lang='lat' dir='ltr'>ad</span> <span class='ocrx_word' id='word_1_262' title='bbox 1276 2287 1579 2332; x_wconf 86' lang='lat' dir='ltr'>peccatorum</span> <span class='ocrx_word' id='word_1_263' title='bbox 1606 2281 1781 2319; x_wconf 85' lang='lat' dir='ltr'>luctum</span> 
     </span>
     <span class='ocr_line' id='line_1_31' title="bbox 135 2351 1781 2403; baseline -0.001 -11"><span class='ocrx_word' id='word_1_264' title='bbox 135 2359 180 2392; x_wconf 86' lang='lat' dir='ltr'>et</span> <span class='ocrx_word' id='word_1_265' title='bbox 212 2352 572 2402; x_wconf 86' lang='lat' dir='ltr'>confessionem,</span> <span class='ocrx_word' id='word_1_266' title='bbox 604 2353 730 2403; x_wconf 76' lang='lat' dir='ltr'>quod</span> <span class='ocrx_word' id='word_1_267' title='bbox 763 2364 842 2392; x_wconf 80' lang='lat' dir='ltr'>eos</span> <span class='ocrx_word' id='word_1_268' title='bbox 869 2352 1076 2392; x_wconf 66' lang='lat' dir='ltr'>obtinere</span> <span class='ocrx_word' id='word_1_269' title='bbox 1097 2353 1147 2391; x_wconf 73' lang='lat' dir='ltr'>m</span> <span class='ocrx_word' id='word_1_270' title='bbox 1175 2355 1344 2392; x_wconf 69' lang='lat' dir='ltr'>nostra</span> <span class='ocrx_word' id='word_1_271' title='bbox 1377 2351 1570 2390; x_wconf 65' lang='lat' dir='ltr'>ecclesia</span> <span class='ocrx_word' id='word_1_272' title='bbox 1597 2351 1781 2401; x_wconf 65' lang='lat' dir='ltr'>experi-</span> 
     </span>
     <span class='ocr_line' id='line_1_32' title="bbox 135 2422 1779 2474; baseline 0 -12"><span class='ocrx_word' id='word_1_273' title='bbox 135 2434 261 2473; x_wconf 74' lang='lat' dir='ltr'>mur,</span> <span class='ocrx_word' id='word_1_274' title='bbox 285 2422 531 2474; x_wconf 72' lang='lat' dir='ltr'>plurimas</span> <span class='ocrx_word' id='word_1_275' title='bbox 552 2423 724 2463; x_wconf 68' lang='lat' dir='ltr'>horum</span> <span class='ocrx_word' id='word_1_276' title='bbox 751 2423 1077 2474; x_wconf 69' lang='lat' dir='ltr'>consessiones</span> <span class='ocrx_word' id='word_1_277' title='bbox 1105 2423 1357 2463; x_wconf 71' lang='lat' dir='ltr'>audiendo.</span> <span class='ocrx_word' id='word_1_278' title='bbox 1390 2423 1519 2462; x_wconf 89' lang='lat' dir='ltr'>Haec</span> <span class='ocrx_word' id='word_1_279' title='bbox 1551 2423 1661 2462; x_wconf 88' lang='lat' dir='ltr'>urbs</span> <span class='ocrx_word' id='word_1_280' title='bbox 1689 2428 1779 2462; x_wconf 87' lang='lat' dir='ltr'>stu-</span> 
     </span>
     <span class='ocr_line' id='line_1_33' title="bbox 135 2493 1779 2546; baseline 0 -13"><span class='ocrx_word' id='word_1_281' title='bbox 135 2506 247 2545; x_wconf 87' lang='lat' dir='ltr'>pore</span> <span class='ocrx_word' id='word_1_282' title='bbox 268 2493 465 2534; x_wconf 83' lang='lat' dir='ltr'>afficitur</span> <span class='ocrx_word' id='word_1_283' title='bbox 483 2505 588 2534; x_wconf 92' lang='lat' dir='ltr'>cum</span> <span class='ocrx_word' id='word_1_284' title='bbox 609 2494 725 2534; x_wconf 89' lang='lat' dir='ltr'>haec</span> <span class='ocrx_word' id='word_1_285' title='bbox 748 2495 968 2545; x_wconf 86' lang='lat' dir='ltr'>intuetur,</span> <span class='ocrx_word' id='word_1_286' title='bbox 993 2502 1037 2535; x_wconf 93' lang='lat' dir='ltr'>et</span> <span class='ocrx_word' id='word_1_287' title='bbox 1059 2495 1105 2534; x_wconf 88' lang='lat' dir='ltr'>in</span> <span class='ocrx_word' id='word_1_288' title='bbox 1127 2495 1289 2546; x_wconf 87' lang='lat' dir='ltr'>primis</span> <span class='ocrx_word' id='word_1_289' title='bbox 1312 2506 1417 2534; x_wconf 85' lang='lat' dir='ltr'>cum</span> <span class='ocrx_word' id='word_1_290' title='bbox 1446 2494 1594 2533; x_wconf 86' lang='lat' dir='ltr'>cernit</span> <span class='ocrx_word' id='word_1_291' title='bbox 1625 2493 1779 2533; x_wconf 89' lang='lat' dir='ltr'>mode-</span> 
     </span>
     <span class='ocr_line' id='line_1_34' title="bbox 134 2564 1781 2617; baseline 0 -13"><span class='ocrx_word' id='word_1_292' title='bbox 134 2565 272 2604; x_wconf 90' lang='lat' dir='ltr'>stiam</span> <span class='ocrx_word' id='word_1_293' title='bbox 292 2565 700 2615; x_wconf 87' lang='lat' dir='ltr'>scholasticorum,</span> <span class='ocrx_word' id='word_1_294' title='bbox 726 2578 861 2617; x_wconf 87' lang='lat' dir='ltr'>quae,</span> <span class='ocrx_word' id='word_1_295' title='bbox 884 2577 973 2616; x_wconf 76' lang='lat' dir='ltr'>qno</span> <span class='ocrx_word' id='word_1_296' title='bbox 998 2566 1161 2605; x_wconf 66' lang='lat' dir='ltr'>rarior</span> <span class='ocrx_word' id='word_1_297' title='bbox 1181 2566 1230 2605; x_wconf 76' lang='lat' dir='ltr'>sn</span> <span class='ocrx_word' id='word_1_298' title='bbox 1252 2565 1326 2604; x_wconf 70' lang='lat' dir='ltr'>less</span> <span class='ocrx_word' id='word_1_299' title='bbox 1347 2564 1482 2614; x_wconf 66' lang='lat' dir='ltr'>locis,</span> <span class='ocrx_word' id='word_1_300' title='bbox 1509 2576 1558 2604; x_wconf 81' lang='lat' dir='ltr'>eo</span> <span class='ocrx_word' id='word_1_301' title='bbox 1582 2565 1781 2615; x_wconf 65' lang='lat' dir='ltr'>gratior</span> 
     </span>
     <span class='ocr_line' id='line_1_35' title="bbox 131 2636 1780 2688; baseline 0.001 -14"><span class='ocrx_word' id='word_1_302' title='bbox 131 2639 214 2675; x_wconf 78' lang='lat' dir='ltr'>est.</span> <span class='ocrx_word' id='word_1_303' title='bbox 240 2636 333 2675; x_wconf 75' lang='lat' dir='ltr'>Sed</span> <span class='ocrx_word' id='word_1_304' title='bbox 353 2640 405 2675; x_wconf 75' lang='lat' dir='ltr'>ut</span> <span class='ocrx_word' id='word_1_305' title='bbox 429 2636 639 2687; x_wconf 41' lang='lat' dir='ltr'>optc&#39;zsuns</span> <span class='ocrx_word' id='word_1_306' title='bbox 661 2637 858 2688; x_wconf 70' lang='lat' dir='ltr'>quisque</span> <span class='ocrx_word' id='word_1_307' title='bbox 881 2643 1174 2688; x_wconf 71' lang='lat' dir='ltr'>magnopere</span> <span class='ocrx_word' id='word_1_308' title='bbox 1195 2644 1382 2676; x_wconf 79' lang='lat' dir='ltr'>nostros</span> <span class='ocrx_word' id='word_1_309' title='bbox 1404 2648 1558 2676; x_wconf 87' lang='lat' dir='ltr'>mores</span> <span class='ocrx_word' id='word_1_310' title='bbox 1589 2642 1633 2676; x_wconf 89' lang='lat' dir='ltr'>et</span> <span class='ocrx_word' id='word_1_311' title='bbox 1655 2637 1780 2676; x_wconf 88' lang='lat' dir='ltr'>insti-</span> 
     </span>
     <span class='ocr_line' id='line_1_36' title="bbox 132 2706 1781 2759; baseline 0.001 -13"><span class='ocrx_word' id='word_1_312' title='bbox 132 2712 231 2746; x_wconf 89' lang='lat' dir='ltr'>tuta</span> <span class='ocrx_word' id='word_1_313' title='bbox 267 2706 587 2757; x_wconf 89' lang='lat' dir='ltr'>commendat,</span> <span class='ocrx_word' id='word_1_314' title='bbox 619 2707 688 2747; x_wconf 75' lang='lat' dir='ltr'>z&#39;tcz</span> <span class='ocrx_word' id='word_1_315' title='bbox 718 2708 1053 2759; x_wconf 88' lang='lat' dir='ltr'>improbissimi</span> <span class='ocrx_word' id='word_1_316' title='bbox 1087 2709 1259 2759; x_wconf 90' lang='lat' dir='ltr'>quique</span> <span class='ocrx_word' id='word_1_317' title='bbox 1289 2708 1575 2758; x_wconf 80' lang='lat' dir='ltr'>vituperant,</span> <span class='ocrx_word' id='word_1_318' title='bbox 1610 2719 1665 2747; x_wconf 90' lang='lat' dir='ltr'>ac</span> <span class='ocrx_word' id='word_1_319' title='bbox 1695 2720 1781 2747; x_wconf 88' lang='lat' dir='ltr'>nos</span> 
     </span>
     <span class='ocr_line' id='line_1_37' title="bbox 135 2777 1781 2830; baseline 0.001 -14"><span class='ocrx_word' id='word_1_320' title='bbox 135 2785 179 2816; x_wconf 92' lang='lat' dir='ltr'>et</span> <span class='ocrx_word' id='word_1_321' title='bbox 198 2778 374 2828; x_wconf 85' lang='lat' dir='ltr'>pariter</span> <span class='ocrx_word' id='word_1_322' title='bbox 397 2777 652 2829; x_wconf 90' lang='lat' dir='ltr'>discipulos</span> <span class='ocrx_word' id='word_1_323' title='bbox 675 2778 1049 2819; x_wconf 90' lang='lat' dir='ltr'>dissimulatores</span> <span class='ocrx_word' id='word_1_324' title='bbox 1072 2779 1305 2828; x_wconf 86' lang='lat' dir='ltr'>vocitant,</span> <span class='ocrx_word' id='word_1_325' title='bbox 1331 2779 1413 2818; x_wconf 72' lang='lat' dir='ltr'>secl</span> <span class='ocrx_word' id='word_1_326' title='bbox 1434 2782 1477 2818; x_wconf 79' lang='lat' dir='ltr'>et</span> <span class='ocrx_word' id='word_1_327' title='bbox 1509 2779 1595 2818; x_wconf 73' lang='lat' dir='ltr'>hoc</span> <span class='ocrx_word' id='word_1_328' title='bbox 1624 2779 1781 2830; x_wconf 73' lang='lat' dir='ltr'>ipsum</span> 
     </span>
     <span class='ocr_line' id='line_1_38' title="bbox 135 2847 1783 2901; baseline 0.002 -14"><span class='ocrx_word' id='word_1_329' title='bbox 135 2847 262 2887; x_wconf 72' lang='lat' dir='ltr'>lucri</span> <span class='ocrx_word' id='word_1_330' title='bbox 272 2848 548 2900; x_wconf 72' lang='lat' dir='ltr'>spiritualis</span> <span class='ocrx_word' id='word_1_331' title='bbox 566 2849 698 2889; x_wconf 74' lang='lat' dir='ltr'>nobis</span> <span class='ocrx_word' id='word_1_332' title='bbox 713 2861 859 2889; x_wconf 77' lang='lat' dir='ltr'>causa</span> <span class='ocrx_word' id='word_1_333' title='bbox 877 2854 965 2901; x_wconf 76' lang='lat' dir='ltr'>est,</span> <span class='ocrx_word' id='word_1_334' title='bbox 983 2854 1035 2890; x_wconf 80' lang='lat' dir='ltr'>ut</span> <span class='ocrx_word' id='word_1_335' title='bbox 1051 2851 1150 2889; x_wconf 79' lang='lat' dir='ltr'>Deo</span> <span class='ocrx_word' id='word_1_336' title='bbox 1170 2862 1263 2889; x_wconf 72' lang='lat' dir='ltr'>non</span> <span class='ocrx_word' id='word_1_337' title='bbox 1285 2854 1472 2890; x_wconf 72' lang='lat' dir='ltr'>tantum</span> <span class='ocrx_word' id='word_1_338' title='bbox 1494 2863 1521 2889; x_wconf 74' lang='lat' dir='ltr'>a</span> <span class='ocrx_word' id='word_1_339' title='bbox 1525 2851 1682 2901; x_wconf 78' lang='lat' dir='ltr'>gendo</span> <span class='ocrx_word' id='word_1_340' title='bbox 1699 2852 1783 2890; x_wconf 75' lang='lat' dir='ltr'>sed</span> 
     </span>
     <span class='ocr_line' id='line_1_39' title="bbox 136 2920 1782 2974; baseline 0.002 -16"><span class='ocrx_word' id='word_1_341' title='bbox 136 2923 180 2958; x_wconf 82' lang='lat' dir='ltr'>et</span> <span class='ocrx_word' id='word_1_342' title='bbox 195 2920 423 2970; x_wconf 70' lang='lat' dir='ltr'>patiendo</span> <span class='ocrx_word' id='word_1_343' title='bbox 441 2921 583 2961; x_wconf 77' lang='lat' dir='ltr'>etiam</span> <span class='ocrx_word' id='word_1_344' title='bbox 597 2921 892 2972; x_wconf 76' lang='lat' dir='ltr'>placeamus.</span> <span class='ocrx_word' id='word_1_345' title='bbox 916 2922 1088 2963; x_wconf 84' lang='lat' dir='ltr'>Habita</span> <span class='ocrx_word' id='word_1_346' title='bbox 1107 2930 1177 2962; x_wconf 87' lang='lat' dir='ltr'>est</span> <span class='ocrx_word' id='word_1_347' title='bbox 1199 2923 1245 2961; x_wconf 92' lang='lat' dir='ltr'>in</span> <span class='ocrx_word' id='word_1_348' title='bbox 1263 2928 1424 2962; x_wconf 88' lang='lat' dir='ltr'>nostro</span> <span class='ocrx_word' id='word_1_349' title='bbox 1441 2923 1613 2974; x_wconf 87' lang='lat' dir='ltr'>templo</span> <span class='ocrx_word' id='word_1_350' title='bbox 1631 2923 1782 2963; x_wconf 88' lang='lat' dir='ltr'>oratio</span> 
     </span>
     <span class='ocr_line' id='line_1_40' title="bbox 136 2990 1777 3044; baseline 0.002 -15"><span class='ocrx_word' id='word_1_351' title='bbox 136 2990 300 3041; x_wconf 89' lang='lat' dir='ltr'>latina,</span> <span class='ocrx_word' id='word_1_352' title='bbox 324 3003 416 3042; x_wconf 89' lang='lat' dir='ltr'>qua</span> <span class='ocrx_word' id='word_1_353' title='bbox 438 2997 536 3032; x_wconf 89' lang='lat' dir='ltr'>tum</span> <span class='ocrx_word' id='word_1_354' title='bbox 558 2993 883 3044; x_wconf 83' lang='lat' dir='ltr'>explicabatur</span> <span class='ocrx_word' id='word_1_355' title='bbox 909 3005 1040 3034; x_wconf 88' lang='lat' dir='ltr'>mens</span> <span class='ocrx_word' id='word_1_356' title='bbox 1061 3000 1105 3033; x_wconf 89' lang='lat' dir='ltr'>et</span> <span class='ocrx_word' id='word_1_357' title='bbox 1133 2993 1317 3032; x_wconf 87' lang='lat' dir='ltr'>animus</span> <span class='ocrx_word' id='word_1_358' title='bbox 1343 3000 1532 3044; x_wconf 90' lang='lat' dir='ltr'>patrum</span> <span class='ocrx_word' id='word_1_359' title='bbox 1560 2993 1607 3033; x_wconf 87' lang='lat' dir='ltr'>in</span> <span class='ocrx_word' id='word_1_360' title='bbox 1635 2993 1777 3033; x_wconf 90' lang='lat' dir='ltr'>Colle-</span> 
     </span>
    </p>
   </div>
  </div>
 </body>
</html>
