2080 3392
272 188 342 224 526
781 185 1008 222 LITTERAE
1034 193 1390 227 QUADRIMESTRES

273 283 345 333 gis
366 293 507 332 quam
526 280 616 320 Dei
636 281 735 320 zelo
758 280 904 330 ducti,
930 285 1025 319 tam
1045 279 1121 330 pia
1138 285 1326 331 tamque
1343 278 1580 318 salutifera
1599 291 1692 318 non
1710 286 1895 320 cessant

274 352 524 403 reprobare
546 350 793 399 exercitia,
818 350 876 389 ad
894 361 1092 401 quorum
1110 349 1475 389 confutationem
1490 361 1583 388 non
1599 361 1764 400 parum
1782 350 1895 389 acri-

276 423 460 463 moniae
482 422 680 461 accessit
710 433 768 461 ex
797 421 1107 472 positionibus
1136 420 1414 470 theologicis
1440 431 1467 459 a
1497 419 1546 459 P.
1580 420 1638 460 V.
1673 420 1763 459 huc
1792 420 1896 460 mis-

274 494 337 533 sis
366 492 392 542 ¹,
416 504 533 543 quas
553 498 649 532 tam
671 491 839 532 Ven.liS
865 491 1011 531 Dnus.
1037 491 1356 532 Cancellarius
1376 489 1389 508 ²
1412 502 1551 542 quam
1583 490 1661 530 alii
1690 491 1898 530 nonnulli

274 563 488 614 magistri
509 563 596 603 nri.
622 561 635 581 ⁵
657 574 764 603 cum
787 562 1110 602 aedificatione
1130 562 1360 612 legerunt.

354 634 531 673 Tantus
562 634 608 673 in
637 634 850 673 omnibus
880 633 1063 684 templis
1091 631 1533 672 communicantium
1568 631 1653 671 fuit
1679 642 1900 671 numerus

274 717 357 756 per
378 705 590 756 singulos
613 704 731 755 dies,
755 704 919 756 quibus
940 703 1152 743 natalitia
1172 703 1280 742 Dni.
1306 703 1541 742 celebrata
1571 709 1700 752 sunt,
1731 708 1780 742 ut
1806 713 1899 742 non

274 776 504 816 immerito
526 775 804 815 intuentium
827 776 988 814 oculos
1009 781 1052 814 et
1074 774 1218 813 corda
1239 774 1286 813 in
1307 785 1536 813 summam
1554 780 1740 825 raperet
1758 773 1898 813 admi-

275 847 526 896 rationem,
551 846 651 897 ipso
674 846 767 896 die,
792 857 882 896 quo
905 851 1043 885 natus
1073 851 1142 884 est
1169 843 1412 895 Salvator,
1451 845 1497 884 in
1531 844 1703 895 templo
1739 843 1899 884 Sancti

273 918 397 958 Petri
419 917 508 957 duo
531 917 675 957 millia
696 917 956 964 hominum,
981 922 1060 956 aut
1087 927 1141 955 eo
1173 916 1391 966 amplius,
1429 914 1786 955 Sacratissimae
1813 915 1899 954 Eu-

277 988 530 1028 charistiae
550 988 804 1039 sumpsisse
826 986 1182 1027 Sacramentum
1199 1018 1207 1037 ,
1225 986 1348 1037 quod
1367 986 1565 1026 antehac
1583 985 1790 1026 auditum
1806 997 1899 1025 non

275 1065 389 1099 erat.
413 1058 456 1099 A
478 1058 847 1098 confessionibus
868 1057 1109 1097 audiendis
1130 1069 1368 1108 nunquam
1389 1063 1623 1097 cessatum
1644 1063 1713 1096 est
1729 1056 1901 1096 diutius

276 1141 415 1182 quam
436 1130 545 1169 dum
566 1130 697 1169 cibus
714 1129 986 1179 sumendus,
1006 1140 1142 1168 sacra
1160 1128 1461 1179 celebranda,
1485 1134 1564 1167 aut
1580 1128 1774 1168 verbum
1791 1126 1898 1167 Dni.

274 1200 641 1253 praedicandum
662 1200 834 1250 suerat,
858 1200 903 1239 in
921 1200 1086 1251 quibus
1112 1199 1233 1239 Rdus
1258 1198 1331 1239 Pr.
1357 1198 1595 1239 Adrianus
1619 1210 1728 1238 rara
1750 1198 1902 1249 quada

276 1272 522 1323 prudentia
558 1283 664 1312 cum
691 1271 844 1311 fructu
876 1272 1081 1311 maximo
1115 1277 1352 1320 versatur,
1387 1270 1638 1322 praecipue
1667 1269 1902 1309 studiosae

281 1343 537 1384 iuventutis
572 1349 615 1382 et
649 1342 977 1392 Sacerdotum,
1015 1343 1092 1392 qui
1127 1341 1377 1387 confitendi
1415 1347 1501 1392 gra
1540 1341 1597 1380 ad
1634 1341 1762 1380 illum
1797 1351 1902 1380 con-

278 1414 448 1463 fluunt3
481 1426 573 1453 non
605 1414 740 1453 huius
768 1413 1012 1452 dumtaxat
1037 1413 1240 1452 ciuitatis
1262 1412 1493 1462 homines,
1517 1412 1597 1451 sed
1616 1423 1640 1450 a
1660 1411 1808 1451 tribus
1824 1416 1903 1450 aut

212 1492 213 1495 ’
277 1490 476 1536 quatuor
498 1484 774 1524 milliaribus
794 1484 956 1523 rustici
976 1495 1060 1535 pro
1083 1483 1397 1531 conscientiae
1419 1494 1530 1523 suae
1560 1482 1769 1533 aequiori
1796 1493 1902 1521 con-

277 1556 380 1595 silio
403 1555 462 1595 ad
483 1566 587 1594 eum
608 1555 814 1594 veniunt.
839 1553 1097 1594 Puerorum
1119 1554 1307 1605 insuper
1328 1559 1456 1593 tanta
1478 1553 1537 1593 ad
1564 1553 1904 1593 consessionem

276 1627 405 1666 venit
434 1625 680 1666 multitudo
710 1631 758 1665 ut
788 1625 959 1676 integri
986 1636 1212 1676 persaepe
1235 1625 1332 1664 dies
1354 1624 1597 1664 audiendis
1620 1623 1902 1663 erudiendis-

278 1710 365 1749 que
386 1697 475 1736 illis
496 1697 809 1745 insumantur,
830 1697 907 1747 qui
925 1696 1033 1735 hinc
1055 1707 1255 1747 magnae
1276 1695 1375 1746 spei
1392 1702 1436 1735 et
1455 1694 1791 1735 aedificationis
1813 1693 1901 1733 fra-

276 1774 493 1820 grantem
514 1767 760 1819 quemdam
783 1768 993 1817 odorem,
1018 1766 1143 1806 haud
1163 1778 1298 1806 secus
1322 1778 1376 1806 ac
1399 1766 1437 1806 si
1465 1778 1570 1806 cum
1601 1767 1721 1806 lacte
1749 1765 1903 1805 animo

277 1827 584 1887 imbibissent,
608 1850 721 1890 prae
743 1850 791 1878 se
812 1838 990 1888 ferunt3
1015 1844 1078 1888 et,
1102 1844 1152 1877 ut
1169 1837 1224 1877 de
1242 1837 1400 1877 multis
1417 1837 1647 1888 quaedam
1665 1836 1905 1886 sigillatim

276 1910 497 1959 referam,
518 1910 608 1949 duo
626 1909 816 1959 ingenui
833 1909 1045 1959 iuvenes,
1067 1897 1214 1948 annos
1233 1908 1418 1948 circiter
1434 1908 1605 1958 viginti
1622 1908 1733 1956 nati,
1754 1918 1905 1947 susce-

276 1987 355 2033 pta
375 1981 422 2020 in
442 1980 711 2020 liberalibus
734 1980 912 2019 artibus
934 1980 1251 2030 promotione,
1275 1980 1477 2030 laxaque
1494 1979 1631 2018 nimis
1650 1978 1758 2018 freti
1774 1978 1905 2018 liber-

278 2058 393 2102 tate,
417 2051 583 2091 studiis
604 2051 897 2102 postpositis,
922 2057 1263 2102 parentumque
1292 2050 1461 2100 spretis
1488 2049 1699 2098 monitis,
1734 2049 1780 2088 in
1806 2059 1903 2100 per-

278 2122 422 2163 ditam
442 2122 822 2173 luxuriosamque
844 2121 1105 2161 inciderant
1127 2121 1289 2161 vitam.
1314 2120 1447 2161 Unde
1474 2120 1685 2170 tandem,
1717 2119 1773 2159 ob
1804 2130 1905 2170 pec-

279 2194 373 2233 cati
399 2193 802 2242 consuetudinem,
835 2192 921 2232 sibi
952 2192 1217 2231 reuertendi
1245 2198 1405 2243 patere
1433 2191 1559 2230 viam
1588 2190 1904 2241 desperantes,

279 2276 390 2304 suae
412 2264 713 2315 turpitudinis
735 2275 828 2302 non
849 2263 895 2303 in
917 2274 966 2303 se
988 2263 1114 2313 ipsos
1136 2263 1217 2302 sed
1240 2263 1286 2302 in
1307 2262 1459 2302 Deum
1484 2273 1538 2301 ac
1556 2267 1752 2301 naturae
1768 2260 1905 2311 fragi-

278 2336 455 2375 litatem
477 2342 626 2375 totum
648 2335 908 2374 reiecerant
929 2340 1132 2374 reatum:
1157 2334 1238 2374 sed
1259 2333 1448 2373 tandem
1469 2332 1643 2372 devicti
1659 2331 1905 2371 confessio-

280 2406 351 2445 nis
372 2405 522 2445 officio
545 2412 589 2445 et
612 2404 768 2444 diuina
789 2405 990 2456 promoti
1012 2411 1131 2456 gra,
1161 2405 1308 2444 vitam
1340 2409 1486 2443 totam
1523 2403 1569 2442 in
1598 2402 1759 2442 melius
1787 2412 1906 2441 com-

280 2482 532 2516 mutarunt.
571 2475 746 2515 Retulit
780 2476 894 2515 mihi
929 2476 1067 2525 alter,
1105 2476 1182 2526 qui
1223 2474 1409 2526 saepius
1449 2474 1541 2513 iam
1582 2472 1825 2513 confitetur
1864 2477 1908 2511 et

282 2547 593 2587 communicat
621 2558 628 2586 :
669 2558 906 2598 nunquam
945 2546 1199 2597 potuissem
1241 2545 1460 2596 possibile
1501 2544 1691 2584 credere
1731 2548 1908 2582 tantam

281 2631 339 2658 ex
361 2618 688 2658 communione
710 2617 1000 2657 dulcedinem
1021 2624 1065 2657 et
1084 2616 1287 2656 fructum
1304 2615 1497 2665 hauriri,
1516 2615 1605 2654 nisi
1621 2613 1907 2665 experientia

283 2689 476 2728 edoctus
497 2700 662 2728 essem.

337 2847 347 2866 ¹
386 2847 473 2873 Vide
489 2847 656 2876 PoLANco.
679 2846 893 2878 Clzronicon„
908 2851 930 2873 t.
948 2853 1002 2879 111,
1018 2854 1096 2880 pag.
1113 2846 1140 2880 8,
1156 2853 1186 2872 n.
1199 2846 1225 2873 6.

337 2894 350 2913 ‘-‘
387 2894 545 2921 Ruardus
561 2894 706 2928 Tapper.

335 2942 349 2962 5
388 2941 523 2968 Scilicet
539 2941 689 2974 theologi
703 2942 869 2968 doctores.
886 2941 971 2968 Vide
997 2941 1154 2975 Cartasy
1170 2942 1263 2967 οἰνος
1277 2940 1423 2966 escritos
1438 2939 1494 2965 del
1508 2938 1550 2966 Β.
1566 2938 1602 2964 Ρ.
1618 2937 1730 2964 Pedro
1745 2936 1859 2963 Fabro
1875 2939 1908 2963 et

285 2989 433 3016 POLANCI
450 2989 650 3015 chronicon.
