2080 3392
325 222 395 259 204
834 220 1060 257 LITTERAE
1087 228 1444 262 QUADRinOEs‘sREs

319 317 564 368 epistolam
591 322 882 366 extempore,
910 327 968 355 ex
995 314 1251 366 improviso
1273 319 1317 354 et
1346 326 1400 354 eo
1423 314 1516 364 die,
1542 326 1632 365 quo
1663 320 1768 354 tuas
1796 316 1951 366 recepi

318 388 499 437 literas,
523 386 788 437 scripsisse:
820 385 979 425 nuncii
1000 385 1168 436 adepta
1189 384 1534 436 opportunitate
1561 390 1605 424 et
1632 384 1950 425 confitentium

320 469 551 498 concursu
582 456 778 508 posthac
805 463 986 508 tempus
1013 456 1246 496 scribendi
1272 455 1433 495 forsan
1462 466 1556 495 non
1586 455 1947 506 suppeditatum.

399 527 489 568 Sed
509 527 779 567 tabellarius
801 527 872 567 sui
893 526 1127 567 discessus
1148 526 1393 577 promissis
1415 537 1508 565 non
1529 526 1669 566 stetit.
1694 525 1854 577 Itaque
1876 537 1952 566 me

322 598 482 638 fefellit
504 598 674 648 opinio.

400 668 528 708 Tuus
549 669 596 708 in
617 667 803 708 Christo
826 673 870 708 et
891 668 1065 708 inutilis
1087 679 1267 718 servus,

1442 806 1739 848 DESIDERIUS.

402 1021 777 1073 Scherscrz‘ptz‘o:
797 1020 898 1061 R.d0
919 1022 966 1061 in
992 1021 1112 1072 Xpo.
1147 1020 1231 1060 Rri
1259 1025 1303 1060 et
1330 1020 1655 1060 colendissimo
1684 1020 1955 1071 praeposito

320 1093 408 1143 pri.
448 1092 629 1142 Ignatio
670 1091 890 1132 Generali
924 1092 1206 1132 venerabilis
1240 1090 1487 1131 Societatis
1522 1090 1646 1143 Jesu.
1688 1091 1726 1131 E
1761 1091 1955 1141 regione

323 1163 400 1204 Sti
426 1163 575 1203 Marci
595 1163 818 1203 basilicae
839 1170 883 1203 et
904 1163 1133 1214 Capitolii.
1161 1162 1352 1202 Romae.

403 1234 466 1274 Et
487 1232 583 1273 alsa
603 1244 749 1273 mauu
765 1245 780 1273 .·
805 1233 928 1284 1553,
951 1233 1059 1273 Litt.
1090 1233 1176 1284 pri.
1202 1233 1305 1273 idus
1331 1245 1447 1273 mar.

402 1305 585 1345 Exstat
605 1308 649 1344 et
670 1315 801 1344 cerae
823 1303 1068 1355 sigillique
1088 1303 1361 1354 vestigium.

1030 1716 1241 1773 CCVII

396 1930 677 1968 Eleutherius
698 1931 935 1973 Fontanus,

440 1995 507 2033 Ex
526 1994 848 2032 commissione
867 1994 1011 2031 Patris
1031 1993 1189 2041 Elpidii
1208 1993 1417 2040 Ugoletti‚

488 2061 609 2098 Patri
628 2060 797 2107 Ignatio
816 2059 868 2096 de
888 2059 1071 2106 Loyola.

535 2126 739 2169 Patavio,
757 2124 803 2162 25
822 2124 969 2161 Martii
993 2123 1085 2161 1553
1101 2123 1127 2160 ¹.

403 2509 565 2549 Gratia
588 2516 631 2549 et
652 2522 747 2561 pax
770 2509 959 2549 Domini
978 2508 1126 2548 nostri
1143 2508 1253 2560 Jesu
1276 2507 1448 2548 Christi
1475 2505 1677 2547 abundet
1704 2517 1886 2557 semper
1907 2506 1953 2544 in

327 2580 545 2620 cordibus
566 2581 753 2620 nostris.

401 2650 492 2690 R.di
515 2650 678 2690 Patres
699 2657 742 2690 et
764 2650 935 2690 fratres
958 2649 1222 2690 charissimi
1244 2648 1272 2689 ²².

402 2720 790 2773 Quandoquidem
810 2720 1010 2761 Sanctae
1032 2720 1320 2760 obedientiae
1342 2720 1496 2759 visum
1513 2725 1582 2759 est
1598 2725 1647 2759 ut
1664 2730 1750 2759 vos
1772 2729 1950 2767 eorum,

378 2879 387 2898 ¹
428 2879 514 2906 Tota
534 2880 768 2914 autographa,
791 2879 913 2913 duplici
928 2879 1017 2912 folio,
1033 2886 1122 2905 num.
1137 2879 1181 2905 79.
1199 2878 1379 2912 Castigata
1395 2882 1462 2908 est,
1478 2882 1513 2905 ut
1530 2878 1632 2905 moris
1648 2882 1740 2912 erat,
1757 2885 1776 2905 a
1792 2878 1951 2908 Polanco,

323 2930 355 2952 et
371 2927 442 2959 ejus
457 2927 505 2953 ita
521 2927 719 2954 emendatae
736 2927 970 2961 apographum
986 2930 1082 2953 extat
1099 2927 1159 2953 sub
1176 2934 1205 2952 n.
1220 2926 1263 2952 Sl.

376 2972 389 2991 ὲ
427 2972 519 3000 Haec
535 2974 740 3001 cancellavit
755 2974 938 3007 Polancus;
955 2978 1047 3000 recte
1064 2973 1207 3007 quidem,
1222 2981 1299 3000 nam
1315 2974 1451 3000 litterae
1468 2973 1601 3007 Ignatio
1618 2976 1752 3000 tantum
1767 2971 1952 3006 superseri-

323 3024 400 3054 ptae
417 3024 505 3049 sunt.
