2080 3392
288 196 358 233 528
799 192 1024 229 LITTERAE
1051 200 1408 234 QUADRIMESTRES

964 638 1253 693 CCLXXI

364 868 554 906 Annibal
574 878 599 904 a
618 866 841 905 Coudreto

408 934 529 971 Patri
547 933 715 980 Ignatio
735 932 789 970 de
808 932 992 979 Loyola.

454 998 681 1045 Messana,
705 998 749 1035 14
765 997 965 1044 Januarii
984 998 1075 1034 1554
1097 997 1119 1032 ¹.

1046 1274 1144 1316 IHS

374 1488 537 1529 Gratia
559 1495 601 1529 et
625 1501 719 1540 pax
741 1494 785 1528 et
806 1488 1126 1528 misericordia
1147 1487 1254 1528 Dni.
1279 1488 1367 1528 nri.
1390 1488 1500 1540 Jesu
1531 1487 1702 1528 Christi
1733 1488 1790 1528 sit
1818 1499 1921 1528 cum

297 1560 512 1599 omnibus
533 1559 681 1599 nobis.
706 1559 871 1599 Amen.

373 1630 544 1670 Parum
566 1636 634 1670 est
658 1630 866 1680 omnino,
892 1630 965 1670 Pr.
990 1630 1036 1670 in
1053 1630 1122 1670 X.⁰
1140 1630 1408 1670 colendiss.e
1434 1662 1441 1680 ‚
1466 1629 1683 1681 quicquid
1700 1629 1823 1681 apud
1840 1642 1924 1669 nos

298 1701 387 1740 hoc
409 1701 739 1752 quadrimestri
760 1707 916 1741 actum
947 1709 1037 1752 est,
1074 1708 1117 1741 et
1145 1701 1268 1753 quod
1294 1701 1458 1752 paucis
1491 1701 1741 1741 admodum
1767 1700 1926 1740 verbis

297 1772 389 1811 dici
408 1772 544 1812 facile
565 1772 732 1823 possit,
757 1772 846 1811 nisi
867 1784 924 1812 ex
946 1772 1002 1812 iis
1023 1779 1178 1812 essent
1199 1773 1422 1812 nonnulla
1440 1804 1447 1823 ,
1473 1784 1670 1824 quorum
1695 1772 1921 1822 narratio,

297 1848 348 1882 ut
367 1842 552 1882 facilius
572 1843 880 1894 intelligatur,
904 1843 1040 1882 nobis
1062 1849 1130 1882 est
1151 1844 1288 1894 paulo
1310 1843 1456 1883 fusius
1478 1842 1771 1894 explicanda.

376 1913 427 1953 In
448 1913 535 1953 hoc
557 1924 731 1963 genere
753 1913 861 1953 noui
882 1913 1124 1953 cuiusdam
1145 1913 1417 1953 monasterii
1439 1914 1485 1953 in
1505 1913 1594 1953 hac
1611 1913 1722 1953 urbe
1745 1914 1923 1953 institu-

298 1984 361 2023 tio
397 1991 489 2033 est‚
524 1984 579 2023 de
615 1996 704 2035 qua
741 1984 874 2024 nobis
909 1990 977 2023 est
1011 1984 1161 2035 primo
1189 1985 1294 2024 loco
1325 1984 1587 2024 dicendum.
1619 1984 1732 2024 Erat
1762 1984 1808 2024 in
1837 1984 1924 2024 hac

297 2054 488 2094 ciuitate
510 2055 789 2094 coenobium
811 2054 1044 2106 quoddam
1066 2055 1312 2094 mulierum
1334 2055 1488 2094 multis
1517 2055 1781 2095 nominibus
1811 2055 1923 2095 infa-

297 2136 369 2164 me
391 2124 419 2162 2.
439 2125 589 2165 Huius
606 2125 825 2165 defuncta
843 2125 1119 2176 Abbatissa‚
1139 2131 1334 2176 rogatus
1351 2125 1528 2165 Prorex
1544 2124 1557 2142 ⁵
1575 2132 1619 2165 et
1635 2137 1662 2164 a
1678 2125 1779 2165 R.d0
1801 2125 1921 2165 Dno.

298 2196 516 2246 Vicario,
541 2202 585 2236 et
608 2208 633 2235 a
657 2195 937 2247 Magistratu
959 2196 1162 2236 ciuitatis
1189 2202 1259 2247 ut,
1290 2196 1562 2247 priusquam
1597 2197 1745 2236 altera
1774 2196 1821 2235 in
1852 2196 1924 2236 de-

300 2274 511 2307 mortuae
533 2268 685 2307 locum
707 2267 1065 2317 subrogaretur,
1085 2273 1244 2307 tantae
1262 2267 1480 2306 infamiae
1498 2267 1727 2318 salutique
1743 2267 1926 2307 mulier·

301 2339 511 2378 cularum
531 2338 898 2389 prospiceretur,
922 2350 1021 2377 rem
1044 2349 1227 2378 ornnem
1248 2337 1350 2377 R.d0
1375 2338 1422 2377 in
1442 2338 1509 2377 x.0
1528 2338 1619 2378 Pri.
1638 2337 1925 2389 Hieronymo

300 2408 571 2448 Domenech
592 2409 844 2459 commisit3
869 2409 966 2460 qui,
990 2415 1243 2460 postquam
1270 2409 1348 2449 diu
1376 2410 1661 2460 multumque
1689 2409 1735 2448 in
1766 2420 1926 2448 omnes

299 2486 457 2530 partes
478 2480 830 2530 circumspexit,
856 2479 1113 2519 absurdum
1135 2479 1256 2530 fore,
1275 2480 1415 2519 immo
1433 2480 1593 2520 inutile
1614 2485 1744 2519 ratus
1764 2480 1926 2519 vinum

300 2562 472 2589 nouum
508 2550 553 2589 in
585 2557 711 2589 utres
738 2556 923 2590 veteres
952 2550 1222 2601 immittere,
1252 2550 1475 2590 radicitus
1510 2549 1774 2590 euellendos
1804 2550 1926 2589 illius

302 2621 391 2660 loci
412 2632 566 2660 mores
588 2620 803 2670 credidit;
827 2632 912 2660 nec
934 2620 1236 2660 Abbatissam
1273 2621 1508 2671 (quamvis
1535 2632 1590 2660 ea
1617 2620 1790 2671 optima
1820 2631 1922 2660 san-

302 2691 601 2742 ctissimaque
642 2691 898 2741 legeretur)
933 2692 1075 2730 ullam
1110 2691 1290 2732 efficere
1328 2703 1465 2743 posse
1504 2697 1552 2731 ut
1571 2723 1578 2742 ‚
1621 2691 1787 2742 quibus
1822 2691 1926 2730 illae

355 2850 364 2868 ¹
404 2850 651 2884 Apographum
666 2850 698 2877 in
713 2850 791 2876 solio
807 2850 944 2884 duplici,
959 2857 1012 2877 nn.
1030 2850 1080 2877 153
1094 2854 1127 2877 et
1146 2851 1204 2878 154.

355 2898 368 2915 ⁴.-
407 2896 522 2923 Sermo
537 2902 587 2923 est
604 2897 642 2923 de
658 2897 875 2929 monasterio,
892 2897 978 2931 quod
999 2897 1176 2924 dicebatur
1192 2898 1424 2932 Ascensionis,
1442 2899 1480 2925 de
1502 2906 1566 2932 quo
1585 2898 1720 2932 saepius
1741 2898 1812 2932 Jam
1826 2897 1859 2924 in
1874 2896 1926 2924 his

303 2944 623 2976 Quadrimestribus,
641 2945 717 2971 etin
732 2944 880 2971 Pomm
902 2944 1066 2972 Chronico
1081 2949 1114 2972 et
1130 2945 1163 2972 in
1179 2945 1302 2973 Cartas
1321 2946 1362 2973 de
1379 2946 1449 2973 San
1466 2946 1620 2980 Ignacz’o.

355 2991 368 3009 ⁵
407 2991 552 3023 Joannes
568 2992 606 3017 de
624 2991 732 3024 Vega.
