<?xml version="1.0" encoding="UTF-8"?>
<!DOCTYPE html PUBLIC "-//W3C//DTD XHTML 1.0 Transitional//EN"
    "http://www.w3.org/TR/xhtml1/DTD/xhtml1-transitional.dtd">
<html xmlns="http://www.w3.org/1999/xhtml" xml:lang="en" lang="en">
 <head>
  <title>
</title>
<meta http-equiv="Content-Type" content="text/html;charset=utf-8" />
  <meta name='ocr-system' content='tesseract 3.04.00' />
  <meta name='ocr-capabilities' content='ocr_page ocr_carea ocr_par ocr_line ocrx_word'/>
</head>
<body>
  <div class='ocr_page' id='page_1' title='image "./litteraequadrime14lain_0405.png"; bbox 0 0 2080 3392; ppageno 0'>
   <div class='ocr_carea' id='block_1_1' title="bbox 798 205 1721 244">
    <p class='ocr_par' dir='ltr' id='par_1_1' title="bbox 798 205 1721 244">
     <span class='ocr_line' id='line_1_1' title="bbox 798 205 1721 244; baseline -0.002 0"><span class='ocrx_word' id='word_1_1' title='bbox 798 205 882 244; x_wconf 71' lang='lat' dir='ltr'>AN.</span> <span class='ocrx_word' id='word_1_2' title='bbox 913 206 1006 244; x_wconf 80' lang='lat'>1553</span> <span class='ocrx_word' id='word_1_3' title='bbox 1656 207 1721 243; x_wconf 71' lang='lat'>401</span> 
     </span>
    </p>
   </div>
   <div class='ocr_carea' id='block_1_2' title="bbox 80 301 1728 995">
    <p class='ocr_par' dir='ltr' id='par_1_2' title="bbox 80 301 1728 772">
     <span class='ocr_line' id='line_1_2' title="bbox 80 301 1724 355; baseline -0.002 -10"><span class='ocrx_word' id='word_1_4' title='bbox 80 305 275 345; x_wconf 72' lang='lat' dir='ltr'>faveret.</span> <span class='ocrx_word' id='word_1_5' title='bbox 314 303 450 355; x_wconf 86' lang='lat' dir='ltr'>Quod</span> <span class='ocrx_word' id='word_1_6' title='bbox 484 303 672 355; x_wconf 91' lang='lat' dir='ltr'>quidem</span> <span class='ocrx_word' id='word_1_7' title='bbox 706 303 781 343; x_wconf 89' lang='lat' dir='ltr'>ille</span> <span class='ocrx_word' id='word_1_8' title='bbox 816 315 866 343; x_wconf 92' lang='lat' dir='ltr'>se</span> <span class='ocrx_word' id='word_1_9' title='bbox 900 303 1218 343; x_wconf 80' lang='lat' dir='ltr'>lubentissime</span> <span class='ocrx_word' id='word_1_10' title='bbox 1253 302 1490 343; x_wconf 88' lang='lat' dir='ltr'>facturum</span> <span class='ocrx_word' id='word_1_11' title='bbox 1519 301 1638 353; x_wconf 88' lang='lat' dir='ltr'>jam,</span> <span class='ocrx_word' id='word_1_12' title='bbox 1675 308 1724 342; x_wconf 88' lang='lat' dir='ltr'>ut</span> 
     </span>
     <span class='ocr_line' id='line_1_3' title="bbox 81 374 1725 428; baseline -0.001 -12"><span class='ocrx_word' id='word_1_13' title='bbox 81 375 350 428; x_wconf 90' lang='lat' dir='ltr'>accepimus</span> <span class='ocrx_word' id='word_1_14' title='bbox 370 374 625 426; x_wconf 83' lang='lat' dir='ltr'>respondit.</span> <span class='ocrx_word' id='word_1_15' title='bbox 648 374 717 415; x_wconf 84' lang='lat' dir='ltr'>Ita</span> <span class='ocrx_word' id='word_1_16' title='bbox 746 374 896 414; x_wconf 90' lang='lat' dir='ltr'>bonus</span> <span class='ocrx_word' id='word_1_17' title='bbox 926 386 981 414; x_wconf 91' lang='lat' dir='ltr'>ac</span> <span class='ocrx_word' id='word_1_18' title='bbox 1011 385 1124 414; x_wconf 87' lang='lat' dir='ltr'>vere</span> <span class='ocrx_word' id='word_1_19' title='bbox 1157 374 1260 425; x_wconf 91' lang='lat' dir='ltr'>pius</span> <span class='ocrx_word' id='word_1_20' title='bbox 1290 374 1523 425; x_wconf 85' lang='lat' dir='ltr'>princeps,</span> <span class='ocrx_word' id='word_1_21' title='bbox 1554 385 1650 414; x_wconf 91' lang='lat' dir='ltr'>non</span> <span class='ocrx_word' id='word_1_22' title='bbox 1678 374 1725 414; x_wconf 89' lang='lat' dir='ltr'>in</span> 
     </span>
     <span class='ocr_line' id='line_1_4' title="bbox 81 444 1726 497; baseline -0.001 -10"><span class='ocrx_word' id='word_1_23' title='bbox 81 447 242 488; x_wconf 79' lang='lat' dir='ltr'>Sicilia</span> <span class='ocrx_word' id='word_1_24' title='bbox 262 446 422 497; x_wconf 89' lang='lat' dir='ltr'>modo,</span> <span class='ocrx_word' id='word_1_25' title='bbox 447 446 530 486; x_wconf 87' lang='lat' dir='ltr'>sed</span> <span class='ocrx_word' id='word_1_26' title='bbox 551 446 598 486; x_wconf 87' lang='lat' dir='ltr'>in</span> <span class='ocrx_word' id='word_1_27' title='bbox 619 446 722 485; x_wconf 88' lang='lat' dir='ltr'>aliis</span> <span class='ocrx_word' id='word_1_28' title='bbox 743 456 927 497; x_wconf 88' lang='lat' dir='ltr'>quoque</span> <span class='ocrx_word' id='word_1_29' title='bbox 948 445 1220 495; x_wconf 80' lang='lat' dir='ltr'>regionibus</span> <span class='ocrx_word' id='word_1_30' title='bbox 1236 445 1375 485; x_wconf 87' lang='lat' dir='ltr'>latius</span> <span class='ocrx_word' id='word_1_31' title='bbox 1393 445 1572 485; x_wconf 87' lang='lat' dir='ltr'>difundi</span> <span class='ocrx_word' id='word_1_32' title='bbox 1589 444 1726 497; x_wconf 87' lang='lat' dir='ltr'>hujus</span> 
     </span>
     <span class='ocr_line' id='line_1_5' title="bbox 83 516 1727 568; baseline -0.001 -10"><span class='ocrx_word' id='word_1_33' title='bbox 83 517 332 559; x_wconf 89' lang='lat' dir='ltr'>Societatis</span> <span class='ocrx_word' id='word_1_34' title='bbox 361 517 624 568; x_wconf 89' lang='lat' dir='ltr'>operarios,</span> <span class='ocrx_word' id='word_1_35' title='bbox 656 522 706 556; x_wconf 84' lang='lat' dir='ltr'>ut</span> <span class='ocrx_word' id='word_1_36' title='bbox 736 521 866 568; x_wconf 77' lang='lat' dir='ltr'>optat</span> <span class='ocrx_word' id='word_1_37' title='bbox 895 516 1122 566; x_wconf 78' lang='lat' dir='ltr'>maxime,</span> <span class='ocrx_word' id='word_1_38' title='bbox 1156 516 1220 556; x_wconf 85' lang='lat' dir='ltr'>ita</span> <span class='ocrx_word' id='word_1_39' title='bbox 1255 516 1611 567; x_wconf 77' lang='lat' dir='ltr'>diligentissime</span> <span class='ocrx_word' id='word_1_40' title='bbox 1648 516 1727 556; x_wconf 89' lang='lat' dir='ltr'>dat</span> 
     </span>
     <span class='ocr_line' id='line_1_6' title="bbox 84 586 1728 641; baseline -0.001 -12"><span class='ocrx_word' id='word_1_41' title='bbox 84 601 291 641; x_wconf 79' lang='lat' dir='ltr'>operam.</span> <span class='ocrx_word' id='word_1_42' title='bbox 316 588 406 640; x_wconf 83' lang='lat' dir='ltr'>Qui</span> <span class='ocrx_word' id='word_1_43' title='bbox 427 587 634 640; x_wconf 86' lang='lat' dir='ltr'>quidem,</span> <span class='ocrx_word' id='word_1_44' title='bbox 658 587 699 627; x_wconf 89' lang='lat' dir='ltr'>si</span> <span class='ocrx_word' id='word_1_45' title='bbox 719 586 808 627; x_wconf 89' lang='lat' dir='ltr'>hac</span> <span class='ocrx_word' id='word_1_46' title='bbox 828 586 877 626; x_wconf 89' lang='lat' dir='ltr'>in</span> <span class='ocrx_word' id='word_1_47' title='bbox 896 597 947 626; x_wconf 93' lang='lat' dir='ltr'>re</span> <span class='ocrx_word' id='word_1_48' title='bbox 969 587 1223 626; x_wconf 86' lang='lat' dir='ltr'>multorum</span> <span class='ocrx_word' id='word_1_49' title='bbox 1252 587 1516 638; x_wconf 84' lang='lat' dir='ltr'>principum</span> <span class='ocrx_word' id='word_1_50' title='bbox 1544 588 1728 628; x_wconf 90' lang='lat' dir='ltr'>animos</span> 
     </span>
     <span class='ocr_line' id='line_1_7' title="bbox 84 657 1727 709; baseline -0.001 -9"><span class='ocrx_word' id='word_1_51' title='bbox 84 660 431 700; x_wconf 85' lang='lat' dir='ltr'>consentientes</span> <span class='ocrx_word' id='word_1_52' title='bbox 465 658 679 708; x_wconf 85' lang='lat' dir='ltr'>haberet,</span> <span class='ocrx_word' id='word_1_53' title='bbox 709 658 828 698; x_wconf 90' lang='lat' dir='ltr'>bone</span> <span class='ocrx_word' id='word_1_54' title='bbox 856 657 1010 697; x_wconf 83' lang='lat' dir='ltr'>Deus!</span> <span class='ocrx_word' id='word_1_55' title='bbox 1041 658 1150 709; x_wconf 86' lang='lat' dir='ltr'>quid</span> <span class='ocrx_word' id='word_1_56' title='bbox 1185 658 1294 698; x_wconf 90' lang='lat' dir='ltr'>boni</span> <span class='ocrx_word' id='word_1_57' title='bbox 1325 670 1419 698; x_wconf 90' lang='lat' dir='ltr'>non</span> <span class='ocrx_word' id='word_1_58' title='bbox 1447 658 1604 699; x_wconf 88' lang='lat' dir='ltr'>fieret?</span> <span class='ocrx_word' id='word_1_59' title='bbox 1636 657 1727 699; x_wconf 86' lang='lat' dir='ltr'>Sed</span> 
     </span>
     <span class='ocr_line' id='line_1_8' title="bbox 85 731 531 772; baseline -0.007 0"><span class='ocrx_word' id='word_1_60' title='bbox 85 731 203 772; x_wconf 89' lang='lat' dir='ltr'>haec</span> <span class='ocrx_word' id='word_1_61' title='bbox 225 731 281 772; x_wconf 88' lang='lat' dir='ltr'>de</span> <span class='ocrx_word' id='word_1_62' title='bbox 302 731 380 770; x_wconf 90' lang='lat' dir='ltr'>illo</span> <span class='ocrx_word' id='word_1_63' title='bbox 402 731 531 770; x_wconf 88' lang='lat' dir='ltr'>satis.</span> 
     </span>
    </p>

    <p class='ocr_par' dir='ltr' id='par_1_3' title="bbox 86 799 1728 995">
     <span class='ocr_line' id='line_1_9' title="bbox 163 799 1728 852; baseline -0.001 -9"><span class='ocrx_word' id='word_1_64' title='bbox 163 802 261 843; x_wconf 91' lang='lat' dir='ltr'>Imo</span> <span class='ocrx_word' id='word_1_65' title='bbox 292 812 407 841; x_wconf 90' lang='lat' dir='ltr'>vero</span> <span class='ocrx_word' id='word_1_66' title='bbox 438 801 553 841; x_wconf 88' lang='lat' dir='ltr'>nihil</span> <span class='ocrx_word' id='word_1_67' title='bbox 579 799 677 852; x_wconf 88' lang='lat' dir='ltr'>jam</span> <span class='ocrx_word' id='word_1_68' title='bbox 705 801 895 841; x_wconf 89' lang='lat' dir='ltr'>omnino</span> <span class='ocrx_word' id='word_1_69' title='bbox 929 806 1098 851; x_wconf 87' lang='lat' dir='ltr'>restat,</span> <span class='ocrx_word' id='word_1_70' title='bbox 1136 800 1260 852; x_wconf 89' lang='lat' dir='ltr'>quod</span> <span class='ocrx_word' id='word_1_71' title='bbox 1290 801 1516 852; x_wconf 85' lang='lat' dir='ltr'>scribam,</span> <span class='ocrx_word' id='word_1_72' title='bbox 1553 802 1643 842; x_wconf 88' lang='lat' dir='ltr'>nisi</span> <span class='ocrx_word' id='word_1_73' title='bbox 1679 808 1728 842; x_wconf 86' lang='lat' dir='ltr'>ut</span> 
     </span>
     <span class='ocr_line' id='line_1_10' title="bbox 86 871 1728 924; baseline 0 -11"><span class='ocrx_word' id='word_1_74' title='bbox 86 874 308 924; x_wconf 84' lang='lat' dir='ltr'>ignoscas</span> <span class='ocrx_word' id='word_1_75' title='bbox 344 872 619 924; x_wconf 85' lang='lat' dir='ltr'>ignoscique</span> <span class='ocrx_word' id='word_1_76' title='bbox 646 883 672 911; x_wconf 90' lang='lat' dir='ltr'>a</span> <span class='ocrx_word' id='word_1_77' title='bbox 702 871 804 912; x_wconf 92' lang='lat' dir='ltr'>Deo</span> <span class='ocrx_word' id='word_1_78' title='bbox 842 871 978 911; x_wconf 89' lang='lat' dir='ltr'>nobis</span> <span class='ocrx_word' id='word_1_79' title='bbox 1012 871 1240 922; x_wconf 84' lang='lat' dir='ltr'>postules,</span> <span class='ocrx_word' id='word_1_80' title='bbox 1283 871 1405 922; x_wconf 85' lang='lat' dir='ltr'>quod</span> <span class='ocrx_word' id='word_1_81' title='bbox 1441 872 1728 924; x_wconf 84' lang='lat' dir='ltr'>negligentia</span> 
     </span>
     <span class='ocr_line' id='line_1_11' title="bbox 86 942 1724 995; baseline -0.001 -10"><span class='ocrx_word' id='word_1_82' title='bbox 86 951 248 985; x_wconf 89' lang='lat' dir='ltr'>nostra</span> <span class='ocrx_word' id='word_1_83' title='bbox 270 943 656 995; x_wconf 87' lang='lat' dir='ltr'>praetermissum</span> <span class='ocrx_word' id='word_1_84' title='bbox 676 949 745 983; x_wconf 86' lang='lat' dir='ltr'>est</span> <span class='ocrx_word' id='word_1_85' title='bbox 766 942 895 993; x_wconf 89' lang='lat' dir='ltr'>boni,</span> <span class='ocrx_word' id='word_1_86' title='bbox 926 948 971 982; x_wconf 90' lang='lat' dir='ltr'>et</span> <span class='ocrx_word' id='word_1_87' title='bbox 1000 942 1211 982; x_wconf 83' lang='lat' dir='ltr'>divinum</span> <span class='ocrx_word' id='word_1_88' title='bbox 1237 943 1459 994; x_wconf 82' lang='lat' dir='ltr'>implores</span> <span class='ocrx_word' id='word_1_89' title='bbox 1486 943 1724 995; x_wconf 82' lang='lat' dir='ltr'>auxilium,</span> 
     </span>
    </p>
   </div>
   <div class='ocr_carea' id='block_1_3' title="bbox 86 1012 1726 1137">
    <p class='ocr_par' dir='ltr' id='par_1_4' title="bbox 86 1012 1726 1137">
     <span class='ocr_line' id='line_1_12' title="bbox 86 1012 1726 1067; baseline 0 -12"><span class='ocrx_word' id='word_1_90' title='bbox 86 1027 178 1067; x_wconf 91' lang='lat' dir='ltr'>quo</span> <span class='ocrx_word' id='word_1_91' title='bbox 208 1015 501 1055; x_wconf 88' lang='lat' dir='ltr'>voluntatem</span> <span class='ocrx_word' id='word_1_92' title='bbox 535 1013 634 1066; x_wconf 91' lang='lat' dir='ltr'>ejus</span> <span class='ocrx_word' id='word_1_93' title='bbox 665 1019 711 1054; x_wconf 86' lang='lat' dir='ltr'>et</span> <span class='ocrx_word' id='word_1_94' title='bbox 745 1024 1062 1064; x_wconf 86' lang='lat' dir='ltr'>agnoscamus</span> <span class='ocrx_word' id='word_1_95' title='bbox 1096 1012 1235 1053; x_wconf 86' lang='lat' dir='ltr'>facile</span> <span class='ocrx_word' id='word_1_96' title='bbox 1269 1020 1313 1053; x_wconf 90' lang='lat' dir='ltr'>et</span> <span class='ocrx_word' id='word_1_97' title='bbox 1347 1013 1530 1065; x_wconf 84' lang='lat' dir='ltr'>integre</span> <span class='ocrx_word' id='word_1_98' title='bbox 1559 1015 1726 1066; x_wconf 84' lang='lat' dir='ltr'>exequi</span> 
     </span>
     <span class='ocr_line' id='line_1_13' title="bbox 86 1086 336 1137; baseline -0.004 -11"><span class='ocrx_word' id='word_1_99' title='bbox 86 1086 336 1137; x_wconf 89' lang='lat' dir='ltr'>possimus.</span> 
     </span>
    </p>
   </div>
   <div class='ocr_carea' id='block_1_4' title="bbox 166 1155 958 1268">
    <p class='ocr_par' dir='ltr' id='par_1_5' title="bbox 166 1155 958 1268">
     <span class='ocr_line' id='line_1_14' title="bbox 166 1155 958 1207; baseline -0.003 -10"><span class='ocrx_word' id='word_1_100' title='bbox 166 1156 435 1207; x_wconf 88' lang='lat' dir='ltr'>Messanae,</span> <span class='ocrx_word' id='word_1_101' title='bbox 463 1156 506 1195; x_wconf 91' lang='lat' dir='ltr'>ll</span> <span class='ocrx_word' id='word_1_102' title='bbox 532 1155 818 1207; x_wconf 83' lang='lat' dir='ltr'>Septembris</span> <span class='ocrx_word' id='word_1_103' title='bbox 843 1155 958 1195; x_wconf 81' lang='grc'><strong>1553.</strong></span> 
     </span>
     <span class='ocr_line' id='line_1_15' title="bbox 167 1227 373 1268; baseline -0.015 0"><span class='ocrx_word' id='word_1_104' title='bbox 167 1228 221 1268; x_wconf 89' lang='lat' dir='ltr'>R.</span> <span class='ocrx_word' id='word_1_105' title='bbox 246 1227 296 1268; x_wconf 80' lang='lat' dir='ltr'>P.</span> <span class='ocrx_word' id='word_1_106' title='bbox 321 1228 373 1268; x_wconf 89' lang='lat' dir='ltr'>T.</span> 
     </span>
    </p>
   </div>
   <div class='ocr_carea' id='block_1_5' title="bbox 168 1297 1017 1351">
    <p class='ocr_par' dir='ltr' id='par_1_6' title="bbox 168 1297 1017 1351">
     <span class='ocr_line' id='line_1_16' title="bbox 168 1297 1017 1351; baseline -0.002 -11"><span class='ocrx_word' id='word_1_107' title='bbox 168 1299 388 1351; x_wconf 87' lang='lat' dir='ltr'>indignus</span> <span class='ocrx_word' id='word_1_108' title='bbox 410 1299 458 1339; x_wconf 90' lang='lat' dir='ltr'>in</span> <span class='ocrx_word' id='word_1_109' title='bbox 480 1298 667 1340; x_wconf 86' lang='lat' dir='ltr'>Christo</span> <span class='ocrx_word' id='word_1_110' title='bbox 687 1297 802 1351; x_wconf 89' lang='lat' dir='ltr'>Jesu</span> <span class='ocrx_word' id='word_1_111' title='bbox 822 1309 991 1339; x_wconf 86' lang='lat' dir='ltr'>servus</span> <span class='ocrx_word' id='word_1_112' title='bbox 1009 1330 1017 1349; x_wconf 95' lang='lat'>,</span> 
     </span>
    </p>
   </div>
   <div class='ocr_carea' id='block_1_6' title="bbox 933 1439 1513 1480">
    <p class='ocr_par' dir='ltr' id='par_1_7' title="bbox 933 1439 1513 1480">
     <span class='ocr_line' id='line_1_17' title="bbox 933 1439 1513 1480; baseline -0.003 0"><span class='ocrx_word' id='word_1_113' title='bbox 933 1439 1151 1480; x_wconf 83' lang='lat' dir='ltr'><strong>ANNIBAL</strong></span> <span class='ocrx_word' id='word_1_114' title='bbox 1182 1452 1212 1479; x_wconf 88' lang='lat' dir='ltr'><strong>A</strong></span> <span class='ocrx_word' id='word_1_115' title='bbox 1245 1439 1513 1480; x_wconf 85' lang='lat' dir='ltr'>COUDRETO.</span> 
     </span>
    </p>
   </div>
   <div class='ocr_carea' id='block_1_7' title="bbox 98 1654 1732 1840">
    <p class='ocr_par' dir='ltr' id='par_1_8' title="bbox 98 1654 1732 1840">
     <span class='ocr_line' id='line_1_18' title="bbox 175 1654 1732 1708; baseline -0.002 -11"><span class='ocrx_word' id='word_1_116' title='bbox 175 1656 528 1708; x_wconf 73' lang='lat' dir='ltr'>Superscriptio</span> <span class='ocrx_word' id='word_1_117' title='bbox 550 1656 600 1695; x_wconf 79' lang='lat' dir='ltr'>in</span> <span class='ocrx_word' id='word_1_118' title='bbox 621 1659 796 1706; x_wconf 76' lang='lat' dir='ltr'>quarta</span> <span class='ocrx_word' id='word_1_119' title='bbox 810 1656 1026 1707; x_wconf 79' lang='lat' dir='ltr'>pagina:</span> <span class='ocrx_word' id='word_1_120' title='bbox 1046 1658 1074 1704; x_wconf 85' lang='lat'>†</span> <span class='ocrx_word' id='word_1_121' title='bbox 1093 1654 1194 1696; x_wconf 76' lang='lat' dir='ltr'>R.d0</span> <span class='ocrx_word' id='word_1_122' title='bbox 1212 1656 1259 1695; x_wconf 92' lang='lat' dir='ltr'>in</span> <span class='ocrx_word' id='word_1_123' title='bbox 1275 1654 1358 1694; x_wconf 85' lang='lat' dir='ltr'>X.0</span> <span class='ocrx_word' id='word_1_124' title='bbox 1376 1654 1503 1694; x_wconf 85' lang='lat' dir='ltr'>Patri</span> <span class='ocrx_word' id='word_1_125' title='bbox 1523 1654 1579 1694; x_wconf 88' lang='lat' dir='ltr'>D.</span> <span class='ocrx_word' id='word_1_126' title='bbox 1600 1654 1732 1705; x_wconf 89' lang='lat' dir='ltr'>Igna-</span> 
     </span>
     <span class='ocr_line' id='line_1_19' title="bbox 98 1726 1309 1780; baseline -0.002 -12"><span class='ocrx_word' id='word_1_127' title='bbox 98 1729 164 1769; x_wconf 79' lang='lat' dir='ltr'>tio</span> <span class='ocrx_word' id='word_1_128' title='bbox 185 1728 240 1768; x_wconf 87' lang='lat' dir='ltr'>de</span> <span class='ocrx_word' id='word_1_129' title='bbox 261 1728 442 1780; x_wconf 86' lang='lat' dir='ltr'>Loyola</span> <span class='ocrx_word' id='word_1_130' title='bbox 462 1728 731 1779; x_wconf 83' lang='lat' dir='ltr'>praeposito</span> <span class='ocrx_word' id='word_1_131' title='bbox 752 1728 888 1778; x_wconf 87' lang='lat' dir='ltr'>grali.</span> <span class='ocrx_word' id='word_1_132' title='bbox 912 1726 1162 1769; x_wconf 84' lang='lat' dir='ltr'>Societatis</span> <span class='ocrx_word' id='word_1_133' title='bbox 1182 1727 1309 1780; x_wconf 91' lang='lat' dir='ltr'>Jesu.</span> 
     </span>
     <span class='ocr_line' id='line_1_20' title="bbox 176 1800 369 1840; baseline -0.016 0"><span class='ocrx_word' id='word_1_134' title='bbox 176 1800 369 1840; x_wconf 88' lang='lat' dir='ltr'>Romae.</span> 
     </span>
    </p>
   </div>
   <div class='ocr_carea' id='block_1_8' title="bbox 177 1870 1285 1993">
    <p class='ocr_par' dir='ltr' id='par_1_9' title="bbox 177 1870 1285 1993">
     <span class='ocr_line' id='line_1_21' title="bbox 177 1870 1285 1922; baseline -0.001 -12"><span class='ocrx_word' id='word_1_135' title='bbox 177 1870 288 1911; x_wconf 74' lang='lat' dir='ltr'>Alia</span> <span class='ocrx_word' id='word_1_136' title='bbox 308 1882 477 1910; x_wconf 74' lang='lat' dir='ltr'>manu:</span> <span class='ocrx_word' id='word_1_137' title='bbox 503 1870 618 1921; x_wconf 80' lang='lat'>1553,</span> <span class='ocrx_word' id='word_1_138' title='bbox 643 1870 792 1922; x_wconf 85' lang='lat' dir='ltr'>Quad.</span> <span class='ocrx_word' id='word_1_139' title='bbox 817 1871 1037 1911; x_wconf 89' lang='lat' dir='ltr'>Messina.</span> <span class='ocrx_word' id='word_1_140' title='bbox 1063 1871 1128 1911; x_wconf 86' lang='lat' dir='ltr'>XI</span> <span class='ocrx_word' id='word_1_141' title='bbox 1149 1870 1196 1910; x_wconf 89' lang='lat' dir='ltr'>di</span> <span class='ocrx_word' id='word_1_142' title='bbox 1216 1870 1285 1910; x_wconf 86' lang='lat' dir='ltr'>7b.</span> 
     </span>
     <span class='ocr_line' id='line_1_22' title="bbox 189 1941 864 1993; baseline 0 -11"><span class='ocrx_word' id='word_1_143' title='bbox 189 1942 453 1993; x_wconf 75' lang='lat' dir='ltr'>Vestigium</span> <span class='ocrx_word' id='word_1_144' title='bbox 473 1952 605 1982; x_wconf 78' lang='lat' dir='ltr'>cerae</span> <span class='ocrx_word' id='word_1_145' title='bbox 626 1946 670 1982; x_wconf 80' lang='lat' dir='ltr'>et</span> <span class='ocrx_word' id='word_1_146' title='bbox 692 1941 864 1993; x_wconf 75' lang='lat' dir='ltr'>sigilli.</span> 
     </span>
    </p>
   </div>
   <div class='ocr_carea' id='block_1_9' title="bbox 256 3087 1562 3124">
    <p class='ocr_par' dir='ltr' id='par_1_10' title="bbox 256 3087 1562 3124">
     <span class='ocr_line' id='line_1_23' title="bbox 256 3087 1562 3124; baseline 0.002 -2"><span class='ocrx_word' id='word_1_147' title='bbox 256 3087 308 3123; x_wconf 90' lang='lat' dir='ltr'>T.</span> <span class='ocrx_word' id='word_1_148' title='bbox 341 3099 379 3122; x_wconf 89' lang='lat'>11.</span> <span class='ocrx_word' id='word_1_149' title='bbox 1518 3089 1562 3124; x_wconf 83' lang='lat'>26</span> 
     </span>
    </p>
   </div>
  </div>
 </body>
</html>
