2080 3392
823 210 907 247 AN.
938 209 1029 247 1554
1680 210 1752 248 563

108 309 201 349 hoc
222 309 525 349 celeberrimo
543 308 664 350 festo
685 307 866 348 Natalis
887 307 1121 348 Dominici
1141 308 1435 360 poenitentes
1461 308 1591 349 fuere
1621 309 1753 360 quin-

112 380 241 431 genti
262 386 342 420 aut
363 380 577 432 amplius,
602 379 694 431 qui,
718 380 882 419 relicta
904 379 1156 431 impietatis
1178 380 1271 430 via,
1297 379 1356 420 ad
1386 379 1539 420 Deum
1564 391 1613 420 se
1646 392 1753 420 con—

117 457 372 502 verterunt,
410 457 455 492 et
489 451 682 491 totidem
717 451 776 490 ad
803 462 991 491 sacram
1021 451 1397 491 communionem
1431 458 1750 492 accesserunt.

114 523 326 574 Quorum
353 523 484 563 multi
509 522 714 571 fuerant,
749 522 827 573 qui
853 533 880 561 a
910 521 1090 562 duobus
1113 522 1271 573 annis,
1305 523 1517 562 nonnulli
1539 535 1565 562 a
1587 522 1753 574 tribus,

114 595 207 634 imo
230 594 370 634 etiam
391 593 449 633 ab
471 599 591 642 octo,
619 592 681 643 ll,
709 592 769 642 12,
794 604 888 632 non
909 592 1048 643 pauci
1069 592 1125 632 de
1146 593 1243 632 suis
1265 593 1520 633 sceleribus
1550 593 1755 633 confessi

116 677 209 706 non
230 672 378 716 erant;
402 664 632 716 quosdam
653 663 770 703 adeo
793 663 1028 714 malignus
1049 663 1197 703 hostis
1214 670 1258 704 et
1274 671 1581 716 peccatorum
1602 664 1758 705 multi-

116 737 228 777 tudo
251 741 612 784 excaecaverat,
634 740 685 774 ut
706 734 762 774 de
784 746 869 774 sua
889 734 1038 774 salute
1059 734 1366 785 desperarent
1385 747 1392 786 ;
1421 736 1504 776 sed
1530 748 1638 776 cum
1667 736 1757 788 pri-

117 819 243 848 mum
265 806 467 847 confessi
488 812 659 856 essent,
680 816 812 856 spem
829 816 1062 845 summam
1078 815 1395 857 conceperunt
1412 818 1758 859 synceramque

117 879 266 919 vitam
285 885 330 919 et
352 877 660 918 christianam
676 876 990 916 instituerunt.
1010 876 1133 916 Inter
1151 877 1268 916 alios
1285 877 1490 918 foemina
1508 879 1757 930 quaedam,

116 962 238 1003 quae
260 961 409 990 annos
430 947 676 990 duodecim
697 948 743 988 in
764 958 938 999 magno
962 947 1122 988 dolore
1145 948 1450 999 cruciatuque
1478 950 1629 989 malae
1653 961 1759 989 con-

117 1022 343 1062 scientiae
359 1021 527 1072 suerat,
551 1033 605 1061 eo
627 1031 772 1072 usque
794 1018 995 1059 deducta
1016 1025 1066 1059 ut
1087 1031 1136 1059 se
1169 1019 1226 1059 ab
1249 1019 1376 1059 omni
1398 1021 1571 1060 auxilio
1603 1020 1762 1062 divino

120 1094 344 1134 destituta
364 1098 551 1145 putaret
571 1097 616 1132 et
637 1092 694 1132 ob
715 1091 1109 1143 gravissimorum
1129 1097 1433 1142 peccatorum
1452 1092 1635 1142 pondus
1666 1093 1762 1132 ani-

121 1176 248 1205 mum
269 1164 597 1216 desponderet,
622 1164 700 1203 illa
720 1163 798 1203 ubi
830 1162 1047 1203 confessa
1074 1168 1218 1213 esset,
1250 1164 1468 1202 exultans
1495 1164 1670 1214 gaudio
1699 1164 1762 1204 di-

118 1237 257 1277 cebat
279 1248 328 1277 se
350 1242 458 1277 ante
478 1236 567 1276 hoc
594 1241 779 1287 tempus
807 1233 1034 1286 majorem
1060 1234 1447 1286 tranquillitatem
1477 1235 1620 1274 animi
1651 1247 1766 1275 nun-

123 1320 263 1360 quam
285 1308 488 1348 sensisse
509 1319 595 1347 nec
618 1319 676 1347 ex
698 1305 993 1347 confessione
1015 1311 1196 1345 tantam
1217 1306 1589 1346 consolationem
1605 1318 1762 1358 perce-

125 1379 264 1431 pisse.

204 1450 275 1490 De
296 1449 516 1490 Patribus
538 1462 593 1490 ea
614 1456 684 1490 est
705 1449 1008 1500 existimati0‚
1032 1449 1080 1488 in
1101 1449 1309 1489 omnium
1331 1449 1500 1489 animis
1521 1450 1771 1490 confirma-

129 1529 188 1573 ta,
211 1529 261 1562 ut
281 1534 419 1562 nemo
441 1522 515 1573 sit,
539 1522 617 1573 qui
636 1533 730 1562 non
752 1521 913 1561 credat
944 1532 992 1560 se
1020 1521 1166 1560 multo
1197 1521 1438 1572 puriorem
1466 1522 1770 1562 sanctiorem-

126 1605 216 1645 que
236 1594 351 1645 fore,
376 1594 415 1633 si
436 1594 524 1633 sibi
550 1593 640 1633 illis
667 1592 879 1633 confiteri
906 1592 1166 1643 contingat.
1197 1593 1254 1632 Et
1283 1593 1348 1632 ita
1377 1593 1509 1632 multi
1540 1604 1654 1644 erga
1684 1606 1771 1634 nos

127 1664 283 1706 affecti
317 1671 437 1716 sunt,
472 1665 550 1716 qui
583 1676 667 1716 per
702 1665 957 1704 salutarem
992 1663 1336 1704 confessionem
1371 1676 1431 1704 ex
1463 1671 1770 1716 peccatorum

129 1737 346 1778 sordibus
368 1737 427 1776 ad
448 1737 691 1776 meliorem
710 1736 857 1775 vitam
878 1744 1191 1786 emerserunt,
1215 1742 1265 1775 ut
1287 1747 1606 1788 quoscumque
1628 1748 1768 1777 nove-

132 1815 238 1850 runt
272 1808 572 1860 gravioribus
607 1808 788 1848 delictis
816 1808 1028 1858 obrutos,
1059 1819 1141 1847 eos
1176 1807 1235 1847 ad
1269 1819 1355 1847 nos
1391 1808 1650 1860 adducant,
1681 1822 1772 1862 quo

129 1881 310 1932 possint
339 1880 502 1920 eodem
531 1879 848 1919 conscientiae
884 1890 1062 1930 angore
1095 1879 1299 1929 liberari,
1339 1891 1429 1931 quo
1466 1880 1554 1931 ipsi
1588 1881 1774 1922 liberati

132 1958 253 1992 sunt.
279 1951 528 2002 Singulare
550 1958 706 1991 autem
727 1951 839 1991 illud
860 1957 930 1990 est
952 1950 1040 1990 Dei
1062 1962 1193 2002 opus,
1219 1950 1343 2002 quod
1372 1952 1582 1992 nonnulli
1604 1965 1774 1994 concu-

132 2023 266 2063 binas
286 2035 413 2073 suas,
437 2023 714 2075 quibuscum
735 2022 813 2062 diu
834 2022 973 2074 impie
994 2022 1228 2072 vixerant,
1260 2023 1307 2063 in
1335 2023 1571 2074 legitimas
1601 2036 1776 2066 uxores

135 2095 415 2146 acceperint.
439 2094 799 2134 Laboraverant
821 2094 899 2133 alii
920 2093 1112 2145 capitali
1133 2093 1238 2134 odio
1273 2100 1317 2133 et
1347 2094 1642 2135 inimicitiam
1669 2108 1777 2147 gra-

135 2166 378 2206 vissimam
414 2166 712 2215 exercebant,
751 2165 869 2205 adeo
904 2171 954 2205 ut
983 2166 1110 2205 nulla
1146 2172 1457 2216 cognatorum
1497 2167 1695 2207 consilia
1734 2174 1779 2208 et

137 2238 468 2289 persuasiones
489 2238 702 2278 valerent
723 2236 847 2288 apud
868 2236 970 2276 illos
991 2237 1258 2288 quicquam;
1283 2237 1330 2276 hi
1352 2237 1488 2277 simul
1512 2249 1567 2277 ac
1589 2238 1649 2278 ad
1672 2250 1779 2278 con-

138 2310 389 2349 fessionem
420 2319 561 2359 aegre
591 2308 782 2348 adducti
809 2316 937 2360 sunt,
969 2305 1258 2349 adversariis
1286 2309 1570 2360 ignoverunt
1599 2317 1643 2350 et
1675 2322 1782 2351 cum

138 2381 227 2420 illis
248 2386 503 2432 perpetuae
530 2380 662 2432 pacis
694 2380 859 2420 foedus
887 2380 1195 2432 pepigerunt3
1226 2380 1405 2432 itaque,
1440 2387 1570 2421 tanto
1598 2382 1782 2422 sublato

140 2452 261 2502 odio,
287 2451 427 2492 amici
447 2451 559 2491 facti
581 2457 686 2491 sunt
707 2452 1017 2502 integerrimi.

222 2523 298 2564 Ad
332 2523 450 2563 haec
486 2523 630 2562 multa
659 2522 750 2562 alia
784 2522 1017 2563 Dominus
1052 2530 1273 2575 operatus
1302 2530 1385 2573 est,
1425 2536 1543 2575 quae
1578 2525 1785 2565 scribere

142 2597 334 2646 longum
354 2601 478 2634 esset
498 2594 651 2645 nimis,
677 2592 806 2644 cujus
836 2594 904 2634 rei
932 2594 1134 2646 eJ'usdem
1166 2601 1500 2646 argumentum
1532 2602 1601 2636 est
1628 2608 1786 2637 nume-

142 2678 223 2706 rus
253 2665 715 2705 communicantium.
752 2664 800 2705 P.
831 2665 998 2705 Petrus
1035 2665 1044 2683 ¹
1073 2666 1307 2706 laboravit
1346 2667 1484 2706 valde
1516 2679 1601 2719 pro
1638 2669 1788 2708 salute

144 2744 240 2777 tam
262 2737 475 2788 corporis
496 2747 636 2788 quam
657 2736 801 2785 animi
823 2748 1005 2787 eorum,
1032 2737 1109 2789 qui
1130 2737 1177 2777 in
1208 2737 1427 2778 custodia
1457 2739 1646 2790 publica
1676 2738 1788 2779 deti-

144 2808 392 2849 nebantur.
415 2808 623 2848 Primum
645 2808 951 2848 concionatus
969 2814 1038 2848 est
1055 2809 1179 2860 apud
1197 2821 1277 2849 eos
1294 2809 1606 2862 frequentius,
1626 2817 1675 2851 ut
1694 2812 1789 2852 ani-

148 2892 273 2920 mam
292 2880 422 2932 prius
444 2885 632 2920 curaret
653 2886 697 2919 et
719 2879 777 2919 ad
804 2880 1144 2931 poenitentiam
1172 2888 1391 2931 vocaret,
1423 2893 1516 2932 qua
1542 2882 1591 2922 in
1617 2894 1668 2923 re
1696 2895 1793 2924 non

203 3041 215 3061 ¹
254 3042 290 3069 P.
306 3042 430 3070 Petrus
445 3043 630 3075 Venustus,
647 3042 852 3070 novitiorum
868 3042 1045 3076 magister.
