2080 3392
893 185 977 222 AN.
1009 185 1100 222 1554
1753 183 1825 221 543

179 289 365 325 cessent
386 282 488 323 Deo
520 290 613 335 opt.
644 294 789 334 max„
822 283 945 335 quod
973 295 1059 323 nos
1087 283 1178 323 huc
1210 282 1468 323 transferre
1495 280 1718 333 dignatus
1748 281 1821 332 sit,

177 355 359 407 gratias
382 366 544 406 agere,
569 362 667 395 tum
688 355 766 406 qui
786 355 962 395 diversi
985 367 1011 395 a
1028 355 1161 395 nobis
1179 354 1413 401 habitant,
1434 365 1617 394 summo
1635 358 1824 393 tenean-

180 434 255 467 tur
277 427 368 467 huc
391 427 688 466 commeandi
709 426 964 476 desideriO,
989 432 1128 477 atque
1150 425 1267 466 adeo
1289 425 1503 465 nonnulli
1518 424 1699 464 nobiles
1715 423 1824 464 huic

179 497 382 538 viciniae
418 498 806 549 commigrarunt.
846 496 967 548 Quid
995 497 1210 549 quaeris?
1243 497 1510 548 Tantopere
1537 501 1582 535 et
1619 507 1753 536 amor
1780 500 1825 535 et

180 569 389 609 charitas
411 575 455 609 et
475 569 726 609 multitudo
749 569 807 608 ad
830 569 1082 608 conciones
1105 574 1244 620 atque
1273 568 1515 608 doctrinas
1543 578 1826 607 concurren-

180 640 297 680 tium
318 641 365 680 in
387 640 485 680 dies
515 639 669 690 magis
698 639 944 690 magisque
971 639 1164 690 crescit,
1191 645 1240 678 ut
1270 650 1356 679 nos
1388 639 1724 690 compellamur
1752 649 1826 678 ca-

180 712 288 762 paci
309 711 414 751 aedi
435 722 599 750 curam
620 710 831 750 laxitatis
853 710 1096 760 adhibere,
1129 710 1267 761 idque
1298 716 1406 750 ante
1434 709 1824 760 aedificationem,

181 794 322 834 quam
349 789 680 834 expectamus3
713 793 832 833 quae
862 781 910 820 in
940 781 1075 821 brevi
1103 781 1381 821 conficiatur
1410 793 1504 821 non
1526 786 1596 821 est
1618 780 1825 831 dubium,

181 854 462 905 praesertim
484 864 591 893 cum
612 864 706 893 non
728 852 880 892 solum
901 851 1002 891 Rex
1020 851 1101 891 sed
1122 852 1300 903 pariter
1323 857 1367 891 et
1388 852 1565 892 caeteri
1583 851 1827 903 Principes

182 931 226 964 et
247 925 497 965 universus
519 925 719 975 populus
740 935 853 975 prae
875 935 924 963 se
947 922 1197 963 mirificum
1220 922 1430 962 animum
1451 935 1536 974 pro
1558 935 1608 963 se
1629 923 1827 974 quisque

182 995 437 1046 adjuvandi
457 995 626 1035 ferant.
650 995 722 1035 Ac
744 994 845 1035 Rex
867 994 1055 1046 quidem
1076 994 1263 1034 aedium
1293 994 1660 1045 descriptionem
1688 994 1827 1034 confi—

182 1066 397 1107 ciendam
419 1067 645 1118 suscepit.
671 1065 803 1117 cujus
825 1065 1011 1117 quidem
1032 1070 1158 1105 certe
1178 1065 1485 1105 fundamenta
1507 1071 1664 1105 essent
1680 1065 1824 1116 iacta,

183 1139 273 1178 nisi
294 1138 547 1189 Principis,
573 1138 672 1178 eius
693 1138 820 1178 unici
840 1137 943 1188 filii,
969 1148 1107 1189 quem
1127 1136 1257 1177 Deus
1278 1136 1327 1176 in
1355 1142 1598 1176 aeternam
1626 1137 1827 1188 gloriam

185 1210 420 1260 evocavit,
441 1215 746 1261 praematura
765 1209 1044 1260 funestaque
1057 1214 1206 1248 morte
1219 1208 1560 1259 intercepisset,
1577 1220 1695 1260 quae
1708 1208 1830 1248 illius

179 1281 313 1332 juxta
332 1287 376 1321 et
397 1281 607 1332 Reginae
625 1281 834 1321 animum
855 1280 1159 1320 acerbissimo
1177 1280 1371 1319 vulnere
1391 1279 1625 1319 sauciavit
1642 1311 1649 1329 ,
1670 1291 1827 1330 quam-

182 1364 323 1404 quam
344 1353 390 1392 id
409 1354 473 1392 ita
495 1351 737 1392 moderate
758 1351 911 1391 ferant
932 1357 981 1391 ut
1002 1363 1096 1391 non
1113 1349 1355 1390 minimum
1379 1351 1540 1401 magni
1559 1350 1825 1390 christiani-

182 1435 271 1475 que
293 1424 437 1464 animi
458 1424 698 1475 specimen
719 1423 986 1463 exhibeant.
1004 1421 1196 1462 Praeter
1214 1433 1334 1474 quos
1352 1433 1407 1462 ac
1426 1422 1662 1473 principes
1681 1421 1826 1471 viros,

182 1496 397 1535 nonnulli
416 1495 592 1547 privati
615 1495 832 1535 homines
849 1494 950 1546 jam
970 1505 1094 1534 nunc
1125 1494 1299 1545 partim
1327 1493 1614 1544 nonaginta,
1649 1493 1727 1533 alii
1756 1493 1831 1532 tri-

183 1568 336 1618 ginta,
362 1567 441 1607 alii
463 1567 829 1618 quinquaginta,
852 1565 1064 1606 nonnulli
1084 1565 1163 1605 250
1184 1576 1356 1604 aureos
1377 1576 1594 1605 nummos
1623 1564 1682 1604 ad
1716 1575 1834 1616 opus

184 1650 268 1689 pro
303 1639 401 1678 suis
431 1638 629 1690 quisque
664 1637 828 1689 opibus
863 1637 1144 1689 pollicentur
1172 1637 1389 1688 ultroque
1418 1635 1636 1676 offerunt.
1672 1635 1830 1675 Taceo

184 1710 330 1749 multa
366 1709 555 1760 privata
589 1709 734 1760 bona,
773 1720 893 1760 quae
929 1720 1042 1749 sane
1074 1707 1282 1760 quotidie
1314 1707 1544 1747 ecclesiae
1577 1707 1830 1757 donantur,

184 1788 384 1832 quatuor
405 1781 607 1832 optimos
629 1781 822 1830 calices,
848 1779 1100 1831 magnifica
1116 1779 1210 1819 aris
1233 1785 1534 1829 ornamenta,
1560 1779 1745 1818 tabulas
1768 1778 1834 1830 pi-

185 1860 308 1901 ctas,
338 1857 497 1892 vestes
526 1863 713 1901 sacras,
752 1858 797 1891 et
828 1851 1087 1903 pretiosum
1118 1850 1516 1902 magnificumque
1554 1850 1832 1899 sacrarium,

185 1935 277 1975 quo
300 1935 425 1970 nunc
447 1923 713 1963 continetur
735 1928 1047 1974 servaturque
1076 1922 1427 1962 sanctissimum
1455 1920 1831 1969 Sacramentum

187 1995 310 2047 quod
331 1995 371 2036 si
393 1996 550 2035 omnia
573 1995 954 2045 admitteremus,
978 1994 1190 2046 profecto
1208 1994 1354 2034 multo
1374 1995 1509 2046 plura
1526 1993 1833 2042 donarentur3

187 2068 255 2108 sic
277 2067 401 2107 enim
423 2067 704 2107 existimant
728 2069 910 2107 lucrum
940 2066 1078 2114 valde
1108 2077 1335 2117 magnum
1367 2065 1524 2105 facere
1555 2065 1836 2116 quicumque

188 2139 323 2179 nobis
345 2138 522 2190 aliquid
543 2140 734 2178 donant.
760 2138 827 2178 Ita
850 2144 1209 2178 commoventur
1231 2137 1357 2188 quod
1376 2148 1456 2176 eas
1474 2148 1530 2176 ac
1546 2148 1724 2188 paucas
1741 2136 1837 2187 qui-

188 2211 294 2250 dem
315 2221 453 2250 casas
480 2211 737 2250 habeamus
765 2219 814 2250 ut
844 2210 958 2250 nihil
994 2209 1202 2250 dubitem
1237 2209 1347 2260 quin
1384 2209 1518 2249 brevi
1556 2208 1834 2248 conficiatur

190 2293 330 2333 opus,
355 2281 394 2321 si
426 2281 579 2333 prima
611 2293 779 2321 manus
810 2281 1032 2332 accedat;
1062 2293 1117 2320 ac
1147 2280 1333 2332 quidem
1370 2280 1416 2320 id
1450 2286 1500 2319 ut
1536 2279 1837 2319 confirmetur

190 2364 374 2392 summa
395 2352 582 2392 illorum
604 2353 651 2393 in
671 2364 758 2392 nos
780 2352 1007 2392 beneficia
1028 2353 1266 2403 multoque
1289 2352 1423 2403 plura
1456 2350 1730 2390 conferendi
1757 2362 1837 2390 vo-

190 2425 367 2474 luntas,
392 2435 534 2475 quam
555 2424 760 2475 quotidie
784 2423 1050 2474 declarant,
1075 2422 1202 2463 facit.
1225 2422 1571 2474 Quamplurimi
1588 2427 1837 2472 praeterea

191 2502 241 2535 ut
262 2495 375 2535 dant
396 2495 637 2547 portiones
657 2494 983 2546 pecuniarias,
1007 2494 1133 2545 quod
1154 2494 1230 2534 hic
1251 2505 1365 2533 sane
1386 2493 1487 2532 fieri
1510 2493 1642 2543 solet;
1669 2498 1719 2532 ut
1740 2493 1838 2543 pol-

190 2567 413 2616 licentur;
438 2572 486 2606 ut
506 2566 641 2606 nobis
664 2566 711 2605 in
738 2571 942 2606 mentem
976 2576 1313 2616 nonnunquam
1349 2564 1508 2604 veniat
1546 2574 1687 2614 quam
1716 2564 1838 2603 male

192 2644 378 2678 vestras
399 2649 539 2689 peras
562 2637 812 2677 imitemur.

272 2707 422 2760 Hujus
451 2709 615 2749 domus
645 2708 948 2760 Praepositus
977 2714 1046 2748 est
1076 2708 1308 2748 Dominus
1342 2706 1639 2756 Goncalvus,
1678 2707 1757 2757 qui
1791 2707 1838 2747 in

193 2791 419 2831 praesens
459 2787 557 2820 tum
592 2779 936 2830 doctrinarum,
970 2791 1089 2831 quae
1125 2779 1295 2830 ubique
1336 2780 1549 2817 locorum
1588 2777 1836 2827 habentur,

194 2862 357 2892 curam
395 2852 536 2903 gerit,
568 2852 789 2903 solusque
817 2863 1004 2892 omnem
1038 2851 1178 2891 istum
1212 2850 1425 2889 laborem
1461 2849 1681 2900 sustinet,
1714 2850 1839 2901 quod

195 2922 336 2963 Pater
358 2921 636 2972 Goncalvus
658 2922 793 2963 Vaaz
813 2923 861 2963 in
881 2923 1096 2963 morbum
1121 2921 1284 2961 incidit
1305 2932 1313 2971 3
1344 2920 1426 2960 sed
1456 2932 1483 2960 a
1511 2920 1728 2972 proximo
1761 2921 1839 2961 do-

198 2994 369 3034 minico
392 2994 465 3034 die
487 2993 664 3034 Doctor
687 2994 884 3044 Torres,
909 2994 987 3045 qui
1009 2992 1319 3033 Provincialis
1344 2992 1529 3042 collega
1551 2998 1642 3042 est,
1669 2991 1837 3032 docen-
