2080 3392
851 185 936 222 AN.
968 184 1059 222 1553
1706 183 1777 220 363

132 286 277 326 armis
314 283 539 336 depositis
574 283 662 323 sibi
697 282 957 322 consulant.
995 281 1277 322 Audivimus
1305 292 1473 331 unum,
1504 280 1584 332 qui
1611 279 1774 320 diebus

129 357 304 409 elapsis
338 357 494 408 palam
530 354 588 394 ab
632 353 837 403 inimico,
883 353 1058 404 poplite
1092 352 1234 403 flexo,
1275 352 1464 392 veniam
1498 351 1683 403 petierit
1729 357 1774 390 et

132 427 409 469 arundinem
431 427 471 467 ei
494 425 687 473 dederit,
712 437 803 476 qua
826 424 961 465 caedi
990 423 1302 475 ignominiose
1334 422 1552 474 cupiebat
1586 420 1612 462 ¹.
1641 421 1775 462 Alter

131 507 304 550 tamen,
328 499 434 539 odio
458 504 501 538 et
525 509 635 537 ense
658 495 899 547 depositis,
921 506 1016 534 non
1036 494 1187 546 potuit
1209 507 1258 534 se
1281 494 1521 534 continere
1544 493 1654 545 quin
1671 504 1774 533 eum

132 572 493 623 amplecteretur
515 575 558 608 et
581 568 798 608 dextram
828 566 1023 606 dextrae
1048 564 1279 616 jungeret.
1314 565 1449 605 Nunc
1477 565 1639 605 Videre
1668 564 1775 604 licet

131 642 231 694 ejus
252 641 513 682 mirabilem
540 638 822 690 profectum,
854 648 996 689 quum
1025 637 1227 676 vestium
1257 636 1541 687 elegantiam
1570 640 1772 676 contem-

131 713 291 764 pserit,
315 718 359 752 et
381 711 441 751 ad
462 709 702 750 docendos
722 719 894 760 pueros
917 707 1091 748 Christi
1112 707 1375 747 doctrinam
1407 707 1614 747 animum
1641 718 1777 747 suum

132 783 425 835 applicuerit,
451 781 696 832 egregium
717 780 773 820 de
794 791 844 819 se
866 779 966 830 ipso
988 778 1220 830 praebens
1241 778 1521 829 exemplum.
1548 777 1662 828 Quis
1684 789 1774 818 non

130 856 325 896 miretur
346 860 444 894 tam
464 852 597 893 brevi
618 857 799 892 tantam
820 851 868 891 in
889 850 1074 890 homine
1095 849 1433 890 mutationem?
1462 849 1566 890 Non
1587 849 1776 890 fabulae

129 928 330 979 placent,
350 937 444 965 non
461 924 767 975 graculorum
782 921 1059 974 loquacitas,
1083 932 1202 972 quae
1218 931 1360 971 saepe
1376 920 1615 960 fastidium
1636 920 1775 972 parit,

131 998 213 1038 sed
234 998 385 1038 solum
409 995 537 1036 Deus
559 995 605 1035 in
627 994 750 1034 illius
770 993 906 1034 labiis
926 998 1161 1033 versatur.
1187 991 1300 1042 Quis
1320 1003 1414 1031 non
1436 1003 1597 1031 secum
1628 992 1777 1032 consi-

130 1069 261 1109 deret
283 1080 332 1108 se
354 1078 523 1119 parum
544 1065 816 1118 profecisse,
840 1064 880 1104 si
901 1075 1008 1104 cum
1028 1061 1296 1114 hujusmodi
1318 1074 1367 1102 se
1389 1063 1657 1113 comparet?

210 1139 261 1180 In
282 1139 464 1191 publice
486 1137 844 1178 meretricantes
865 1141 935 1176 est
956 1135 1003 1174 in
1024 1147 1078 1175 eo
1100 1134 1271 1186 oppido
1302 1134 1708 1184 animadversum,
1733 1139 1778 1174 et

131 1223 253 1252 voce
275 1209 524 1262 praeconis
546 1208 749 1248 edictum
768 1218 826 1247 ne
849 1207 904 1247 de
927 1212 1114 1246 caetero
1131 1205 1387 1246 luderetur.

213 1281 413 1322 Accedit
435 1281 525 1320 huc
548 1279 673 1332 quod
695 1290 857 1319 omnes
874 1278 964 1318 viri
981 1277 1160 1318 nobiles
1176 1277 1461 1328 gandienses
1478 1276 1666 1316 Patrem
1683 1288 1780 1316 sus-

131 1353 334 1405 cipiunt,
373 1358 556 1393 secreta
596 1351 638 1391 ei
683 1351 839 1390 omnia
879 1349 1114 1401 aperiunt,
1156 1355 1201 1388 et
1250 1348 1500 1399 collegium
1543 1347 1781 1387 multoties

135 1424 329 1475 adeunt,
359 1423 540 1464 nobiles
568 1428 612 1462 et
642 1420 811 1474 plebeji
838 1421 1053 1461 homines
1080 1432 1172 1460 uno
1209 1431 1442 1460 consensu
1474 1418 1629 1459 Patris
1664 1418 1781 1458 inse-

132 1495 293 1548 quenti
314 1506 437 1535 anno
461 1494 714 1534 conciones
736 1498 974 1544 exoptant.
999 1491 1135 1531 Multi
1156 1491 1211 1531 de
1241 1491 1451 1542 peccatis
1483 1489 1778 1540 confitentur,

132 1567 264 1607 multi
298 1566 650 1607 sanctissimum
681 1564 1058 1621 Christilcorpus
1086 1568 1295 1611 sumunt,
1329 1562 1460 1602 multi
1492 1561 1691 1613 denique
1722 1561 1782 1601 ad

132 1638 310 1680 Christi
331 1637 598 1678 doctrinam
621 1635 903 1677 audiendam
924 1634 1226 1675 conveniunt.

211 1709 390 1761 Accipe
412 1715 665 1761 praeterea
688 1707 743 1747 de
766 1707 869 1747 aliis
889 1706 1130 1756 Patribus3
1154 1705 1319 1745 studiis
1348 1710 1544 1755 vacant,
1576 1703 1779 1744 xenodo-

135 1782 294 1822 chium
316 1781 524 1831 visitant‚
552 1780 668 1820 alios
690 1790 861 1830 aegros
883 1779 1203 1827 consolantur,
1227 1776 1534 1816 morientibus
1557 1775 1783 1816 assistunt

131 1860 178 1894 et
199 1854 386 1894 illorum
408 1852 637 1904 ancipites
657 1850 875 1891 fortassis
907 1850 1090 1890 animos
1121 1849 1180 1889 ad
1211 1847 1386 1889 Christi
1413 1847 1685 1899 passionem
1714 1859 1780 1886 re-

135 1937 308 1966 vocare
331 1930 579 1965 conantur.
604 1923 759 1963 Taceo
782 1921 969 1974 quantis
991 1920 1230 1961 laboribus
1263 1932 1347 1971 per
1378 1918 1645 1971 quindecim
1667 1917 1781 1970 jubi-

136 1997 225 2037 laei
247 1997 347 2037 dies
369 1995 522 2036 obruti
544 1994 734 2035 fuerint.

218 2066 310 2108 Sed
331 2072 628 2107 revertamur
650 2065 708 2105 ad
729 2065 933 2116 Patrem,
959 2064 1036 2116 qui
1054 2063 1249 2104 subinde
1271 2074 1436 2103 sacras
1458 2062 1517 2102 ad
1537 2060 1597 2101 D.
1616 2060 1784 2102 Clarae

137 2138 355 2179 mulieres
391 2138 530 2178 habet
567 2137 834 2177 conciones.
871 2136 1143 2176 Valentiam
1177 2133 1429 2186 aliquando
1461 2133 1595 2185 jussu
1629 2132 1784 2172 Patris

136 2210 318 2251 Natalis
338 2208 352 2227 ‘²
374 2221 424 2249 se
452 2209 652 2260 confert,
691 2214 736 2248 et
769 2207 994 2248 fratribus
1029 2207 1117 2247 illis
1152 2205 1393 2256 subvenit,
1427 2211 1472 2245 et
1500 2204 1784 2244 concionum

137 2281 312 2333 impetu
339 2280 606 2321 valentinos
633 2291 728 2320 non
757 2291 925 2331 parum
952 2284 1127 2318 movet.
1155 2277 1204 2318 Ρ.
1236 2276 1384 2317 Parra
1406 2275 1420 2295 ³
1443 2288 1498 2316 ac
1519 2275 1569 2316 P.
1604 2275 1782 2316 Navar-

138 2365 218 2393 rus
241 2351 270 2403 ⁴,
295 2363 440 2392 suasu
460 2351 614 2391 Patris
635 2350 800 2401 nostri,
823 2350 1110 2390 solemnibus
1132 2348 1433 2389 Pentecostes
1465 2346 1783 2387 Ontinientem

137 2424 282 2474 ivere,
306 2423 384 2463 ubi
407 2423 465 2462 ad
487 2422 770 2473 quingentas
793 2421 1114 2461 confessiones
1136 2420 1375 2460 audivere.
1401 2417 1667 2459 Credebant
1689 2429 1780 2457 ma-

135 2495 364 2546 gistratus
399 2494 521 2534 illius
557 2492 716 2545 oppidi
736 2504 921 2533 omnem
956 2492 1179 2544 populum
1201 2490 1545 2539 confessurum,
1576 2488 1616 2528 si
1644 2488 1783 2528 Pater

193 2681 201 2700 ¹
242 2679 505 2715 Ignominiosum
521 2673 688 2706 nobilibus
703 2682 779 2705 erat
794 2678 958 2704 arundine
979 2677 1157 2711 vapulare.
1176 2675 1277 2703 “Bien
1293 2675 1360 2709 dijo
1376 2683 1419 2702 un
1434 2674 1638 2709 predicador
1654 2681 1716 2708 que
1732 2681 1785 2701 co-

138 2728 336 2755 nocimos...:
355 2726 498 2760 Quereis
512 2733 575 2753 vei·
591 2728 611 2753 ά
624 2726 655 2752 10
672 2733 734 2760 que
750 2726 842 2759 llega
857 2726 888 2752 el
909 2725 1064 2752 desatino
1079 2724 1132 2751 del
1148 2723 1292 2750 mundo?
1308 2723 1357 2749 No
1373 2729 1496 2756 parece
1512 2721 1619 2755 puede
1635 2722 1747 2756 llegar
1763 2724 1783 2749 a

138 2783 222 2809 mas,
246 2783 309 2810 que
334 2777 354 2802 a
377 2778 474 2801 tener
495 2780 556 2808 por
577 2781 650 2800 mas
674 2773 844 2800 deshonra
865 2779 920 2799 ser
943 2772 1110 2806 apaleado
1127 2778 1189 2798 con
1210 2778 1275 2797 una
1292 2772 1380 2797 cana
1396 2777 1459 2804 que
1476 2777 1539 2796 con
1554 2777 1597 2796 un
1613 2773 1755 2803 garrote
1770 2790 1785 2802 „

138 2824 175 2851 P.
191 2824 433 2856 NIEREMEERG,
455 2822 600 2856 Ohrasy
617 2822 793 2855 dz'a8,cap.
809 2828 903 2848 xxm.

192 2872 206 2891 ‘2
243 2871 349 2898 Pater
364 2870 592 2906 Hieronymus
608 2869 744 2896 Natalis
764 2868 861 2895 Patri
882 2868 1009 2895 Barma
1030 2868 1225 2902 injunxerat
1241 2871 1277 2893 ut
1293 2866 1502 2893 valentinae
1520 2865 1619 2892 simul
1639 2869 1673 2893 et
1691 2865 1784 2892 Gan—

137 2919 246 2947 diensi
263 2918 375 2946 domui
391 2921 582 2951 praeesset.

192 2967 206 2986 ³
244 2966 280 2993 P.
296 2966 419 2992 Petrus
433 2965 555 2992 Parra.

192 3014 207 3034 4
243 3012 295 3040 Ita
306 3012 361 3038 hic
378 3019 510 3045 semper
524 3018 585 3045 per
600 3011 734 3045 patriae
750 3018 936 3045 cognomen
958 3010 1170 3045 designatur.
