2080 3392
863 157 948 194 AN.
979 155 1072 195 1553
1719 156 1790 194 395

143 253 478 293 ecclesiasticis
509 265 603 293 non
637 253 936 294 mediocriter
970 254 1061 294 sint
1097 253 1409 294 admirationi.
1448 253 1524 293 Ad
1558 253 1677 293 haec
1713 253 1787 293 vir

145 323 354 375 quidam,
379 332 422 364 et
444 324 674 375 sanguine
693 323 770 377 [et]
794 336 938 365 censu
953 324 1217 376 multiplici,
1239 323 1451 376 [amicus]
1479 323 1487 342 ¹
1505 323 1668 375 Regis,
1690 324 1784 376 qui,

142 395 350 435 nitidiori
372 396 498 435 cultu
521 407 575 435 ac
596 396 840 447 prophano
861 397 998 445 luxu,
1032 396 1224 447 reliquis
1246 395 1363 435 adeo
1393 396 1440 436 in
1469 395 1619 446 Regia
1649 394 1787 435 domo

144 467 477 517 praecellebat,
519 473 569 506 ut
611 467 773 507 varius
813 465 912 518 ejus
952 473 1171 517 ornatus,
1218 468 1365 507 vestis
1400 467 1602 507 discolor
1635 467 1784 507 multi-

146 537 253 586 plex
273 544 406 587 toga,
431 544 475 577 et
507 537 610 578 aliis
638 538 895 589 invidiosa,
929 543 974 577 et
1004 537 1222 588 frequens
1254 538 1434 578 cunctis
1463 545 1586 578 esset
1613 538 1660 578 in
1691 550 1787 587 ore,

145 608 203 647 ab
226 609 326 660 ipsa
348 608 497 659 Regia
519 609 657 649 domo
679 609 738 649 ad
759 615 974 649 nostrum
1003 609 1312 660 tuguriolum,
1337 615 1561 660 tanquam
1583 610 1642 649 ad
1669 610 1788 650 salu-

146 679 204 718 tis
228 690 340 718 suae
361 680 559 730 asylum,
584 680 854 730 pervolans,
878 678 1067 719 Patrem
1088 679 1323 720 Gonzalez
1347 679 1374 728 ²,
1399 681 1476 731 qui
1496 681 1630 720 nobis
1651 679 1790 721 modo

142 756 350 801 praeest,
375 751 609 790 convenit.
633 750 722 790 Hic
743 751 817 790 vir
847 751 1066 802 insignis,
1095 751 1485 791 exercitationum
1517 763 1656 792 cursu
1686 764 1792 803 per—

142 828 264 869 actO,
289 821 356 861 sic
377 833 553 861 novum
574 822 835 873 hominem,
867 822 945 874 qui
971 821 1229 862 secundum
1257 822 1497 863 Christum
1526 823 1687 876 Jesum
1718 830 1787 862 est

144 892 387 943 formatus,
410 892 580 943 induit,
605 900 655 933 ut
681 899 878 933 cunctos
900 893 947 933 in
968 893 1040 933 sui
1061 893 1443 943 admirationem,
1469 900 1512 933 et
1534 894 1714 934 nobiles
1745 901 1789 933 et

140 964 388 1014 religiosos
424 975 657 1016 quosque,
695 964 862 1005 merito
897 965 1074 1016 rapiat;
1111 964 1316 1016 propriis
1352 965 1581 1016 siquidem
1612 965 1789 1005 relictis

144 1035 319 1075 laribus
340 1035 635 1087 negotiisque
657 1047 750 1076 non
774 1041 1024 1088 utcumque
1046 1036 1268 1076 involutis
1290 1037 1426 1076 simul
1448 1042 1587 1087 atque
1619 1043 1789 1076 cuncta

143 1118 395 1147 numerosa
430 1107 587 1158 turba,
624 1106 671 1146 in
701 1119 792 1159 qua
829 1114 968 1148 antea
1003 1108 1288 1159 praecellere
1326 1108 1531 1158 solebat,
1570 1108 1791 1159 quodam—

143 1178 281 1218 modo
321 1184 499 1230 spreta,
530 1179 577 1218 in
607 1185 840 1219 remotam
876 1185 1015 1230 atque
1047 1179 1165 1219 adeo
1195 1180 1406 1230 ignotam
1437 1178 1692 1230 quamdam
1724 1190 1791 1219 re·

140 1250 429 1301 giunculam,
453 1256 503 1289 ut
524 1249 690 1289 melius
711 1249 813 1290 Deo
835 1262 1010 1290 vacare
1030 1257 1204 1301 posset,
1230 1250 1478 1290 concessit.

221 1320 447 1372 Quatuor,
478 1321 549 1361 his
579 1320 742 1361 diebus
770 1322 1011 1373 proximis,
1043 1334 1146 1362 sese
1176 1329 1338 1362 nostro
1372 1321 1680 1362 contubernio
1711 1321 1785 1361 ad-

142 1392 400 1443 junxerunt
421 1403 429 1443 3
459 1398 555 1432 tres
576 1392 764 1443 quidem
785 1392 992 1444 theologi
1015 1405 1070 1433 ac
1091 1404 1294 1444 magnae
1316 1392 1660 1444 expectationis
1681 1392 1787 1442 viri,

141 1471 336 1515 quartus
357 1475 471 1503 vero
493 1470 537 1503 et
558 1463 674 1503 bene
696 1464 864 1504 doctus
886 1471 930 1504 et
950 1471 1190 1516 spectatae
1212 1464 1381 1504 indolis
1403 1464 1679 1504 adolescens
1701 1471 1786 1503 est.

140 1535 209 1576 Sit
248 1534 465 1576 Christus
503 1534 640 1587 Jesus
682 1535 729 1575 in
768 1536 988 1587 operibus
1034 1536 1130 1577 suis
1176 1536 1449 1576 benedictus
1493 1535 1540 1575 in
1581 1535 1788 1575 saecula.

140 1606 308 1647 Amen.

221 1678 350 1718 Haec
381 1690 552 1730 pauca,
588 1679 689 1719 Rde
712 1679 786 1729 P.,
819 1691 878 1720 ex
908 1679 997 1730 his,
1031 1691 1150 1731 quae
1182 1679 1411 1730 proximis
1444 1678 1517 1719 his
1552 1678 1791 1718 mensibus

142 1750 271 1790 Deus
300 1751 504 1802 optimus
533 1752 768 1792 maximus
797 1751 921 1803 apud
952 1763 1038 1791 nos
1072 1751 1260 1802 operari
1291 1751 1513 1802 dignatus
1546 1755 1638 1800 est,
1669 1761 1789 1801 quae

138 1821 200 1861 ad
222 1827 265 1861 te
288 1822 544 1862 scriberem
566 1822 894 1863 occurrebant.
920 1822 990 1863 Tu
1007 1834 1138 1873 vero,
1157 1822 1229 1862 P.1·
1252 1822 1504 1862 admodum
1535 1821 1786 1861 observan-

140 1893 213 1942 de,
237 1900 286 1933 ut
302 1899 406 1945 post
423 1893 513 1934 hac
532 1894 579 1934 in
594 1894 783 1945 negotio
801 1894 975 1935 Christi
993 1894 1137 1934 simus
1154 1893 1492 1944 diligentiores,
1513 1893 1560 1933 in
1577 1892 1668 1933 tuis
1685 1904 1785 1944 pre-

140 1964 274 2004 cibus
296 1976 381 2004 nos
404 1965 892 2006 commendatissimos
912 1965 1086 2005 habere
1109 1965 1396 2016 dignaberis.

221 2035 558 2088 Salmanticae,
581 2036 605 2075 6
626 2036 731 2077 idus
751 2036 1038 2089 Septembris
1064 2036 1179 2077 1553.

198 2221 207 2239 ¹
249 2220 348 2247 Haud
361 2221 488 2255 percipi
502 2224 615 2255 potest
628 2220 708 2254 quid
720 2219 773 2247 hic
789 2220 952 2254 scriptum
967 2220 1022 2254 sit,
1036 2228 1078 2248 an
1091 2221 1281 2252 adventus,
1294 2227 1337 2247 an
1351 2221 1532 2252 advectus,
1546 2220 1710 2253 aductus,
1724 2224 1792 2247 ete.

196 2269 209 2286 ’ὲ
252 2268 286 2294 Ρ.
302 2267 449 2301 Joannes
465 2254 649 2296 Gonzalez*
