2080 3392
836 193 919 230 ΑΝ.
950 193 1043 231 1553
1694 194 1767 230 207

123 300 315 340 operam
354 288 602 339 dederunt,
645 294 743 329 toto
782 289 1005 339 triennio,
1047 295 1143 330 toto
1183 289 1526 341 quinquennio,
1569 290 1764 341 quidam

123 359 264 400 etiam
290 358 299 378 ¹
322 366 366 399 et
386 360 644 411 septennio.

202 430 383 471 Morum
404 431 546 470 etiam
565 430 614 470 fit
636 431 841 482 quotidie
862 431 909 471 in
930 432 1093 472 melius
1124 432 1442 472 commutatio.
1476 432 1607 472 Haec
1638 439 1759 480 sunt,

123 513 240 553 quae
261 501 317 542 de
337 501 525 541 scholae
546 500 560 519 '²
588 507 778 542 nostrae
805 502 1043 542 nascentis
1073 503 1227 543 adhue
1257 503 1533 543 rudimentis
1564 509 1609 543 et
1637 503 1768 544 ineu-

123 573 304 613 nabulis
319 572 461 612 habui
476 573 767 624 exponenda.
790 573 992 614 Oramus
1013 573 1267 613 Dominum
1288 573 1441 614 Deum
1470 580 1543 624 ut,
1576 586 1667 626 quo
1697 574 1764 614 fa-

123 656 235 684 vore
256 644 487 695 principia
513 644 630 684 haee
659 643 1056 696 fundamentaque
1078 645 1232 685 iacere
1253 645 1474 696 dignatus
1495 652 1585 695 est,
1610 646 1763 686 media

121 715 284 756 eodem
304 723 616 766 prosequatur
637 721 682 755 et
706 715 881 764 ultima,
906 715 965 755 ad
987 715 1110 767 quod
1131 721 1319 755 vestrae
1337 716 1582 756 eharitatis
1598 728 1767 768 preces

121 786 375 826 humillime
397 786 719 837 imploramus.

199 857 291 909 Ipsi
311 857 413 897 Deo
445 858 568 907 laus,
599 858 750 898 honor
781 864 825 897 et
854 858 1007 909 gloria
1039 870 1120 910 per
1153 857 1333 898 infinita
1360 858 1566 898 saecula.
1592 858 1763 898 Amen.

198 928 236 968 E
256 928 465 980 Collegio
486 935 650 968 nostro
672 928 928 980 patavino,
953 935 1124 969 octavo
1157 929 1379 970 calendas
1400 929 1602 981 Aprilis,
1637 941 1766 970 anno*

124 1000 238 1040 1553.

197 1070 338 1125 Jussu
360 1070 514 1111 Patris
535 1070 720 1123 Elpidii.

915 1213 1245 1254 ELEUTHERIUS
1275 1214 1541 1257 PONTANus.

199 1427 571 1478 superscriptio.
608 1430 634 1475 ἢ
661 1427 721 1468 Al
748 1429 892 1468 molto
913 1426 1014 1468 R.d0
1040 1431 1086 1472 in
1110 1430 1249 1471 Chro.
1279 1430 1328 1470 P.
1360 1431 1390 1470 il
1413 1430 1461 1470 Ρ.
1490 1432 1551 1473 Μ.
1575 1434 1764 1486 Ignatio

117 1498 172 1538 de
193 1499 374 1550 Loyola
396 1498 640 1550 Preposito
662 1501 883 1550 generale
906 1500 1025 1541 della
1048 1501 1236 1553 Comp.a
1259 1502 1304 1542 di
1323 1503 1448 1556 Jesu.

196 1569 246 1610 In
274 1569 438 1610 Roma.

194 1640 305 1681 Alia
328 1653 498 1681 manu:
519 1641 678 1682 Padoa
704 1642 827 1693 1553,
851 1643 904 1683 25
925 1644 970 1684 di
992 1644 1170 1685 Marzo.

195 1712 257 1752 Et
278 1712 402 1752 alla:
424 1712 478 1752 R.
501 1713 574 1753 Ex
594 1713 808 1754 Patavio.

174 1897 182 1917 ¹
222 1898 312 1924 adde
328 1898 448 1924 etiam.
467 1897 564 1925 Pont.

171 1946 184 1964 ”-’
222 1945 374 1979 collegii.
392 1945 487 1973 Pont.
