2080 3392
350 209 419 247 514
869 207 1095 243 LITTERAE
1122 217 1478 250 QUADRIMESTRES

352 305 398 344 in
419 304 656 343 meliorem
678 301 861 353 frugem
883 314 983 342 sese
1004 308 1296 353 receperunt.
1320 303 1414 343 Alii
1434 315 1548 344 vero
1576 305 1776 345 nefanda
1801 312 1845 345 ct
1872 306 1979 346 abo-

352 374 587 414 minabilia
609 378 802 424 peccata
826 373 1085 413 inueterata
1115 374 1272 414 multis
1300 375 1538 414 lachrimis
1567 375 1902 427 relinquentes,
1933 377 1980 416 in

350 445 591 496 frequente
613 456 699 484 usu
720 444 914 484 rationis
935 443 1200 484 reddendae
1221 457 1414 496 operum
1441 457 1633 486 suorum
1659 453 1979 496 perseuerant‚

350 517 396 555 in
419 527 565 566 eoque
586 521 646 554 no
668 515 817 554 solum
845 515 932 554 sibi
962 515 1076 566 ipsis
1106 520 1324 566 prosunt,
1356 516 1437 555 sed
1466 523 1509 556 et
1538 517 1676 567 alios,
1707 517 1872 568 quibus
1902 518 1979 557 ali-

351 585 537 638 quando
561 586 779 625 sinistrae
800 585 1079 637 suspicionis
1101 586 1397 626 occasionem
1422 587 1661 637 dederant,
1684 588 1806 627 bono
1829 599 1978 628 exem-

349 658 424 709 plo
447 669 502 697 ac
525 657 667 696 odore
688 656 913 696 feruentis
934 657 1255 697 conuersionis
1277 669 1404 707 suae,
1430 658 1475 697 in
1496 658 1618 698 bono
1641 658 1899 708 cofirmant,
1924 670 1979 698 ac

350 728 409 768 ad
431 727 716 767 laudandum
736 726 873 767 deum
899 733 1182 778 prouocant3
1213 727 1277 767 ita
1303 734 1353 768 ut
1381 729 1596 779 cotigerit
1624 730 1748 780 quod
1775 729 1979 780 quadam

349 799 421 839 die
444 798 676 838 dominica
698 798 887 849 quidam
906 798 953 838 in
973 804 1135 838 nostra
1156 799 1355 838 ecclesia
1377 799 1542 839 videns
1564 811 1844 840 concursum
1867 801 1980 840 mul-

349 876 502 909 torum
524 869 584 909 ad
606 869 885 909 cofitendum
915 875 958 909 et
986 868 1127 909 §.mum
1153 869 1466 910 eucharistiae
1493 877 1840 911 sacramentum
1869 871 1981 911 reci-

347 941 580 992 piendum,
606 946 650 980 et
667 940 788 980 inter
804 940 931 991 ipsos
951 951 1244 991 cognoscens
1261 940 1488 991 quosdam
1504 941 1686 981 vicinos
1703 953 1828 991 suos,
1848 947 1978 981 tanta

347 1011 433 1051 fuit
455 1011 814 1062 compunctione
832 1017 1070 1062 permotus
1089 1017 1132 1050 et
1152 1010 1409 1061 cofusione‚
1432 1017 1482 1051 ut
1498 1012 1659 1062 largas
1676 1023 1904 1063 spargens
1920 1013 1980 1052 la-

348 1082 568 1132 chrimas,
593 1082 652 1122 ad
673 1093 815 1121 unum
836 1087 1048 1121 nostrum
1066 1082 1317 1122 accesserit
1336 1082 1587 1122 obsecrans
1604 1088 1653 1122 ut
1670 1082 1821 1134 ipsum
1838 1083 1977 1123 etiam

348 1153 622 1204 dignaretur
642 1152 803 1192 audire
824 1159 873 1192 ut
896 1152 1161 1192 cofiteretur
1181 1158 1377 1203 peccata
1399 1164 1496 1202 sua,
1522 1153 1761 1193 obtestans
1783 1165 1832 1193 se
1853 1154 1976 1193 dein—

347 1236 456 1276 ceps
495 1224 677 1264 vicinos
716 1235 825 1263 suos
870 1223 1159 1263 imitaturum
1205 1223 1251 1263 in
1297 1223 1671 1275 frequentatione
1718 1236 1981 1264 sacramen-

346 1302 515 1335 torum.

427 1365 761 1405 Restitutiones
782 1365 923 1404 etiam
944 1375 1045 1416 gra.
1071 1364 1248 1405 domini
1269 1377 1363 1405 non
1384 1377 1566 1417 paucae
1594 1365 1746 1405 factae
1773 1372 1904 1417 sunt,
1938 1372 1981 1406 et

347 1437 532 1489 aliquae
569 1437 776 1487 ipsarum
804 1447 960 1475 rerum
995 1447 1053 1475 ex
1079 1436 1335 1487 longinquo
1371 1442 1581 1487 tempore
1617 1436 1901 1488 debitarum,
1936 1443 1979 1477 et

345 1507 609 1560 specialiter
627 1518 718 1546 una
736 1507 982 1558 plusquam
1000 1513 1185 1546 centum
1202 1506 1480 1546 ducatorum
1497 1519 1579 1557 per
1596 1507 1812 1547 undecim
1829 1519 1978 1547 annos

345 1579 513 1619 iniuste
533 1589 872 1629 possessorum.
899 1577 954 1616 Et
976 1577 1081 1616 licet
1102 1577 1149 1616 in
1167 1577 1265 1617 dies
1282 1588 1454 1628 magna
1472 1577 1602 1617 fieret
1620 1578 1830 1618 accessio
1848 1578 1980 1618 bonis

344 1650 491 1701 ipsius
513 1649 707 1699 obligati
729 1648 787 1687 ad
808 1648 1160 1695 restituendum,
1185 1648 1300 1687 nihil
1321 1648 1570 1687 verebatur
1593 1660 1733 1699 penes
1756 1660 1804 1688 se
1820 1649 1972 1688 aliena

345 1720 578 1770 detinere,
611 1719 741 1758 falsis
772 1717 1051 1769 quibusdam
1081 1718 1338 1758 rationibus
1369 1718 1574 1770 seipsum
1601 1719 1819 1759 fallendo.
1849 1719 1976 1759 Post-

345 1802 484 1843 quam
506 1796 661 1830 autem
684 1789 905 1841 cognovit
928 1789 1133 1829 rationes
1155 1801 1264 1829 suas
1281 1801 1339 1829 ex
1357 1790 1557 1829 avaritia
1575 1796 1619 1829 et
1637 1790 1887 1830 tenacitate
1903 1802 1977 1842 po-

344 1862 436 1902 tius
457 1861 710 1913 procedere
731 1872 871 1911 quam
888 1872 945 1900 ex
961 1860 1210 1911 aequitate,
1231 1866 1343 1910 gras
1361 1861 1456 1911 egit
1475 1861 1660 1900 domino
1679 1860 1979 1912 cofessusque

345 1938 414 1973 est
434 1937 629 1984 peccata
652 1943 735 1971 sua
759 1938 801 1971 et
824 1931 1139 1971 comunicauit
1161 1942 1265 1971 cum
1287 1942 1460 1981 magna
1481 1943 1597 1982 pace
1620 1938 1664 1971 et
1680 1932 1857 1972 laetitia
1880 1937 1976 1971 tam

345 2003 482 2055 graui
513 2014 652 2042 onere
681 2002 738 2041 ab
766 2002 972 2041 humeris
1000 2013 1221 2052 excusso,
1249 2013 1342 2041 non
1371 2001 1606 2042 modicum
1634 2003 1847 2042 leuamen
1878 2014 1976 2042 sen-

344 2075 478 2124 tiens,
503 2073 762 2124 exindeque
783 2073 875 2112 iam
895 2072 1072 2112 amicus
1089 2079 1247 2112 noster
1264 2078 1347 2112 est.
1368 2071 1503 2113 Alius
1521 2085 1648 2123 vero,
1669 2084 1810 2113 suasu
1831 2073 1976 2125 preci-

345 2146 522 2197 busque
545 2145 732 2194 nostris,
757 2143 942 2183 cuidam
964 2143 1161 2183 debitori
1184 2155 1283 2193 suo,
1313 2155 1397 2195 pro
1426 2150 1534 2183 tunc
1565 2145 1746 2184 soluere
1776 2155 1869 2183 non
1898 2155 1976 2184 va-

344 2216 470 2267 lenti,
494 2227 587 2255 non
610 2214 845 2254 modicam
865 2215 1123 2265 quantitate
1145 2214 1334 2254 remisit.

422 2286 658 2327 Multoties
680 2286 726 2325 in
747 2285 944 2325 diuersis
972 2286 1182 2336 partibus
1210 2292 1254 2326 et
1280 2286 1395 2326 locis
1424 2297 1651 2326 vocamur
1676 2290 1867 2336 propter
1896 2296 1975 2324 va-

343 2358 438 2398 rias
475 2357 781 2397 necessitates
817 2357 1035 2407 spualeS.;
1072 2356 1153 2396 sed
1188 2357 1296 2407 quia
1332 2357 1389 2396 ab
1425 2357 1526 2396 aliis
1558 2356 1680 2396 domi
1716 2355 1975 2395 detinemur

345 2429 549 2479 (nunqua
571 2427 693 2467 enim
723 2426 849 2466 domi
877 2425 1005 2466 deest
1026 2426 1136 2477 quid
1165 2427 1394 2477 agamus),
1416 2439 1508 2466 non
1538 2437 1786 2477 possumus
1808 2426 1853 2465 in
1883 2425 1974 2466 hac

344 2504 476 2550 parte
497 2498 710 2538 omnibus
732 2497 1018 2537 satisfacere:
1043 2503 1223 2537 tantum
1244 2497 1352 2537 illuc
1380 2498 1637 2549 pergimus,
1670 2497 1746 2536 ubi
1776 2495 1972 2536 necessi-

344 2576 487 2610 tatem
515 2568 667 2619 magis
693 2578 861 2617 urgere
888 2567 1122 2617 videmus,
1151 2574 1261 2619 puta
1298 2567 1356 2608 ad
1390 2568 1634 2607 visendum
1662 2567 1894 2618 infirmos,
1929 2571 1973 2606 et

344 2639 649 2680 morientibus
680 2637 1015 2677 assistendum:
1045 2638 1311 2678 huiusmodi
1346 2645 1499 2678 autem
1536 2638 1868 2688 occupationes
1897 2637 1972 2677 hic

343 2710 608 2761 frequentes
629 2714 751 2758 sunt,
777 2714 912 2759 prout
935 2708 1026 2748 iam
1050 2709 1166 2748 alias
1188 2715 1294 2749 tuae
1316 2708 1438 2748 Rdae
1461 2709 1630 2761 pater.i
1654 2708 1834 2759 scripsi.

421 2780 545 2820 Inter
567 2779 657 2819 alia
679 2778 978 2829 monasteria,
1003 2791 1120 2830 quae
1142 2786 1249 2819 sunt
1271 2780 1317 2819 in
1339 2780 1427 2819 hoc
1446 2780 1628 2831 oppido,
1651 2786 1720 2819 est
1737 2778 1971 2830 quoddam

344 2851 525 2891 nouiter
544 2849 754 2898 fundatu,
780 2849 826 2888 in
848 2860 938 2900 quo
960 2858 1066 2889 sunt
1089 2851 1270 2902 aliquae
1292 2851 1501 2901 virgines
1522 2851 1744 2901 innuptae
1767 2850 1812 2889 in
1835 2849 1967 2888 tutio-

341 2932 439 2960 rem
462 2920 709 2972 quemdam
730 2920 884 2958 locum
906 2932 932 2959 a
953 2926 1021 2959 tot
1042 2921 1259 2971 periculis
1281 2920 1417 2960 huius
1438 2920 1596 2961 mundi
1621 2932 1722 2960 sese
1744 2919 1966 2970 recipien-

342 2998 432 3042 tes,
457 2991 566 3042 quid
587 2989 774 3029 interim
792 2990 846 3029 de
864 2990 976 3040 ipsis
998 2990 1226 3031 Dominus
1246 2991 1467 3030 decernat
1485 2997 1750 3042 spectantes
1770 3002 1776 3029 z
1800 2988 1970 3029 accidit
2013 3044 2016 3047 Α
