2080 3392
861 159 945 196 AN.
977 158 1068 196 1553
1717 158 1783 196 331

146 268 254 297 cum
275 267 449 307 magna
471 257 570 296 eius
591 256 927 297 satisfactione.
951 255 1067 296 Nam
1101 267 1208 296 cum
1236 261 1368 296 tanta
1395 256 1686 296 humanitate
1713 256 1786 295 vir

146 333 305 368 tantus
327 339 412 367 nos
434 328 619 379 excepit
643 327 669 378 ¹,
693 334 743 368 ut
764 334 809 368 et
829 327 1000 368 fratres
1021 333 1065 367 et
1086 327 1240 368 socios
1262 327 1537 379 appellitare
1553 339 1647 367 non
1664 325 1785 367 dedi-

147 404 388 448 gnaretur.
426 398 533 438 Alia
569 399 668 439 eius
701 399 749 439 in
785 398 1067 439 Societatem
1101 398 1243 438 studii
1272 398 1623 438 evidentissima
1653 408 1787 449 argu·

147 475 304 509 menta
325 470 492 510 tacebo
514 469 735 509 brevitati
752 469 958 509 studens.
978 469 1250 509 Tacendum
1266 475 1424 509 tamen
1442 469 1629 509 minime
1646 467 1784 520 duco,

147 540 347 591 plurium
367 573 374 592 ‚
417 540 614 591 singulis
650 540 890 580 mensibus
925 540 1262 580 communicari
1302 540 1570 591 solitorum,
1612 540 1788 591 aliquot

147 612 343 662 singulis
366 611 626 663 quibusque
654 611 1023 651 hebdomadibus
1045 610 1281 662 (plurimis
1302 611 1412 651 licet
1434 611 1508 651 hic
1531 611 1785 651 reclaman-

147 682 293 732 tibus)
313 682 370 722 ad
393 687 750 722 sacrosanctam
771 681 1151 722 communionem
1172 682 1415 722 adductos.

225 752 356 793 Haec
376 758 498 803 sunt,
523 751 624 792 Rde
652 752 719 803 P„
743 764 861 803 quae
887 759 1052 793 nostra
1074 753 1264 803 protulit
1287 753 1548 793 infirmitas.
1574 752 1623 794 Si
1652 754 1786 805 plura

145 824 395 875 protulisse
417 824 574 864 debuit
597 823 736 875 (quod
758 823 961 875 ingenue
989 823 1223 874 fatemur),
1253 824 1455 875 petimus
1477 831 1526 864 ut
1547 825 1784 875 ignoscas,

145 906 323 947 nosque
344 895 524 935 sanctis
545 894 638 935 tuis
660 894 950 935 orationibus
982 895 1176 935 adiuves
1203 901 1254 935 ut
1281 895 1496 946 sequenti
1525 896 1784 946 quadrime-

143 967 228 1007 stri
256 965 285 1018 ²,
321 966 444 1018 quod
473 966 704 1007 hactenus
733 966 1047 1017 negligentius
1077 965 1290 1017 fecimus,
1326 966 1613 1017 diligentiori
1643 978 1786 1018 opera

143 1038 446 1078 resarciatur.

223 1110 447 1161 Eugubii‚
472 1110 620 1162 pridie
643 1109 875 1151 Calendas
895 1109 1059 1163 Junias
1085 1109 1201 1149 1553.

223 1181 352 1222 Tuae
374 1180 497 1221 Κόδρ-
519 1180 824 1221 Paternitatis
845 1181 1200 1232 indignissimus
1222 1179 1363 1231 filius,

1236 1271 1253 1283 C

1010 1324 1269 1365 OLIVERIUS
1290 1325 1568 1365 MANAREus.

228 1539 583 1591 Superscrzptio
604 1539 653 1578 in
675 1542 850 1590 quarta
864 1539 1079 1590 pagina:
1110 1539 1378 1580 Admodum
1408 1539 1509 1579 R.d0
1531 1540 1578 1579 in
1598 1538 1679 1579 X.O
1703 1538 1786 1579 Pa-

146 1611 205 1650 tri
226 1610 274 1650 Ρ.
299 1610 482 1662 Ignatio
511 1610 567 1650 de
597 1610 799 1662 Loyola,
833 1609 1111 1662 Praeposito
1141 1611 1353 1662 generali
1380 1610 1628 1651 Societatis
1658 1610 1785 1663 Jesu,

146 1681 338 1722 Romae.

226 1752 337 1792 Alia
358 1764 527 1793 mann:
547 1753 781 1804 Augubio.

227 1824 289 1864 Et
312 1824 432 1864 alia:
454 1824 572 1876 Qua.
596 1824 783 1875 Augub.
807 1824 860 1864 53
879 1824 985 1878 Jun.

204 2012 211 2030 ¹
257 2017 314 2043 qm
331 2014 429 2036 tanta
444 2010 660 2037 humanitate
674 2017 734 2037 nos
749 2011 893 2044 excepit.
912 2010 1088 2037 Polancus.

200 2060 212 2078 2¹
251 2059 287 2085 in
307 2060 502 2092 posterum.
519 2057 698 2085 Polancus.
