2080 3392
847 166 929 201 Ax.
962 164 1054 200 1553
1698 159 1765 196 139

791 619 1096 674 CXCVIII

198 852 243 888 P.
267 850 497 888 Arnoldus
517 850 693 886 Hezeus

249 917 367 953 Patri
387 917 556 964 Ignatio
577 916 630 952 de
650 916 834 962 Loyola.

294 982 508 1026 Lovanio‚
530 981 573 1017 lo'
591 980 790 1027 januarii
807 979 898 1017 1553
920 979 944 1014 ¹.

898 1240 997 1282 IHS

209 1475 375 1516 Gratia
393 1475 585 1516 Domini
604 1475 753 1516 nostri
768 1474 871 1515 Iesu
886 1474 960 1514 Χ.ἰ
988 1474 1046 1514 sit
1063 1485 1249 1526 semper
1265 1485 1371 1514 cum
1389 1473 1604 1514 omnibus
1621 1471 1771 1512 nobis.

207 1547 443 1599 Elapsum
464 1547 560 1587 iam
581 1558 682 1587 esse
706 1550 893 1598 tempus
918 1549 1111 1586 sanctae
1135 1545 1418 1586 obedientiae
1446 1543 1690 1585 vinculum
1719 1543 1774 1582 ol>

127 1618 291 1659 oculos
305 1619 462 1671 ponit,
483 1619 749 1658 Reverend.
774 1618 823 1658 in
846 1618 925 1658 X.0
946 1618 1121 1668 Pater,
1145 1628 1234 1669 quo
1256 1618 1319 1657 ad
1345 1616 1543 1657 Domini
1560 1615 1654 1655 Dei
1670 1614 1774 1665 glo-

126 1690 250 1730 riam
284 1690 329 1729 V.
355 1690 415 1730 P.
440 1694 491 1730 nt
506 1695 788 1741 pareamus,
810 1693 1018 1741 quatuor
1039 1689 1271 1729 mensium
1288 1688 1421 1728 uobis
1442 1687 1683 1728 reddenda
1704 1689 1775 1726 est

127 1762 266 1802 ratio.
291 1761 486 1802 Rudiori
508 1761 664 1812 igitur
686 1761 898 1802 Minerva
921 1773 975 1801 ea
1004 1761 1298 1813 potissimum
1326 1766 1624 1809 narraturus,
1655 1769 1774 1810 quae

127 1834 333 1873 maximo
364 1832 456 1873 Dei
481 1833 706 1873 beneficio
735 1833 869 1873 nobis
898 1833 1069 1873 vilibus
1103 1831 1428 1872 instrumentis
1461 1843 1487 1870 a
1519 1830 1774 1880 septembri

127 1916 355 1945 concessa
377 1911 504 1952 sunt,
529 1917 556 1944 a
577 1904 678 1944 R.d0
700 1903 984 1955 colendoque
1003 1903 1123 1944 mila·
1141 1903 1280 1944 Patre
1302 1902 1514 1943 Adriano
1572 1901 1774 1953 primum

130 1976 465 2028 auspicandum
487 1976 664 2027 putavi,
686 1976 764 2028 qui
785 1976 949 2016 statim
965 1979 1079 2027 post
1095 1980 1279 2027 pancos
1299 1975 1398 2015 dies
1416 1973 1510 2014 mei
1521 1974 1774 2023 adventus,

129 2046 343 2087 videlicet
368 2047 415 2086 16
437 2046 660 2087 calendas
691 2047 892 2095 octobr.,
927 2047 985 2087 ad
1015 2046 1391 2098 recuperandum
1419 2045 1633 2097 corporis
1654 2045 1774 2084 sani-

132 2126 277 2159 tatem
301 2119 417 2167 (sine
439 2119 570 2159 cuius
592 2119 862 2169 integritate
889 2130 974 2158 nec
1006 2118 1250 2158 animabus
1282 2117 1434 2158 debite
1465 2117 1581 2157 satis
1610 2117 1775 2156 subve-

129 2190 221 2230 niri
252 2190 419 2242 potest)
448 2189 760 2242 Antuerpiam
786 2190 1025 2243 profectus
1046 2197 1129 2241 est,
1160 2190 1415 2241 eodemque
1437 2189 1533 2238 die,
1565 2200 1654 2239 quo
1682 2199 1775 2227 ma-

129 2267 263 2302 terna
284 2261 423 2302 subiit
451 2267 590 2312 tecta,
623 2268 667 2301 et
688 2261 840 2313 ipsum
861 2261 1157 2313 chirurgum,
1192 2273 1329 2312 quem
1360 2259 1546 2300 aliunde
1576 2271 1774 2299 vocave-

129 2339 228 2384 rat,
270 2333 519 2373 advenisse
554 2333 785 2384 percepit,
824 2333 902 2385 qui
936 2344 1119 2372 omnem
1152 2344 1290 2372 suam
1324 2332 1544 2382 offerens
1582 2336 1775 2381 ope-ram

130 2404 388 2456 perfectam
410 2416 479 2453 se,
511 2404 673 2444 divino
705 2404 973 2455 adiutorio,
1004 2405 1179 2456 absque
1207 2405 1300 2444 ulla
1331 2404 1554 2450 scisione‚
1587 2402 1776 2453 corpori

129 2476 382 2516 sanitatem
402 2474 702 2515 inducturum
721 2476 1043 2527 pollicebatur.
1068 2475 1248 2516 Verum
1274 2482 1524 2527 postquam
1545 2474 1638 2513 iam
1660 2473 1776 2513 duos

131 2557 250 2598 pene
272 2557 455 2586 menses
478 2546 561 2586 sub
584 2546 689 2586 fidei
710 2547 809 2587 eius
838 2546 1265 2597 commendatione,
1301 2557 1355 2586 ac
1386 2545 1604 2597 corporis
1617 2548 1776 2596 prote-

133 2617 284 2658 ctione
298 2618 534 2669 peregerit
549 2618 595 2657 in
609 2618 766 2658 multis
782 2618 1027 2669 variisque
1043 2619 1170 2659 circa
1188 2618 1356 2666 cibum,
1377 2624 1538 2668 potum
1552 2616 1776 2656 omnium-

189 2756 199 2775 ¹
242 2755 331 2783 Tota
348 2755 565 2789 autographa
582 2756 614 2782 in
630 2756 844 2790 quadruplici
859 2756 939 2784 folio
954 2764 1008 2783 nn.
1020 2756 1150 2783 &zi-337.
1164 2771 1197 2775 —-
1208 2755 1244 2782 In
1259 2763 1300 2782 ea
1316 2756 1434 2782 clausa
1449 2758 1526 2781 sunt
1549 2754 1646 2781 lineis
1666 2762 1776 2788 pauca

139 2804 309 2838 quaedam
324 2812 363 2830 ne
378 2804 702 2838 transcriberentur,
720 2808 753 2831 et
769 2804 837 2831 tria
853 2806 961 2832 verba
974 2809 1118 2832 mutata.
1136 2805 1190 2831 Ita
1205 2804 1406 2830 emendatae
1422 2803 1587 2837 epistolae
1600 2802 1664 2829 duo
1677 2803 1780 2829 habe-

135 2858 209 2877 mus
227 2851 440 2885 apographa,
458 2858 561 2878 unum
576 2851 608 2878 in
625 2851 741 2878 eodem
756 2853 836 2885 vol..
853 2860 907 2880 nn.
920 2852 1050 2886 331-333,
1067 2853 1226 2885 alterum,
1239 2852 1272 2878 in
1287 2851 1488 2885 Hispaniam
1504 2850 1612 2877 Roma
1626 2850 1777 2881 missum,

135 2898 170 2925 in
187 2898 351 2925 Historia
367 2898 484 2931 varia,
500 2903 522 2925 t.
540 2906 561 2931 i,
579 2899 635 2926 fol.
655 2898 917 2932 306-308.—Quae
940 2900 972 2927 in
994 2900 1047 2927 his
1069 2899 1278 2934 apographis
1300 2899 1539 2926 desiderantur
1560 2902 1619 2925 aut
1643 2901 1778 2925 mutata

137 2950 233 2980 sunt,
248 2946 375 2973 italicis
390 2947 444 2973 hic
457 2954 517 2973 nos
534 2946 661 2973 litteris
679 2948 956 2975 transcribemuS.

191 2992 204 3011 Ξ
243 2992 278 3020 Ρ.
294 2993 470 3020 Adrianus
485 2993 747 3026 Adriaenssens.
761 2995 861 3022 sociis
875 2995 1022 3023 Lovanii
1038 2995 1238 3030 degentibus
1252 2995 1482 3030 praepositus.
