2080 3392
313 201 384 238 284
827 199 1056 236 LITTERAE
1084 208 1166 240 QUA
1175 207 1442 234 DRIMEsTREs

314 297 545 348 quaedam
567 296 624 335 ab
646 307 699 335 eo
721 302 1045 346 expectamus,
1070 294 1239 345 quippe
1256 293 1335 345 qui
1352 299 1401 333 et
1413 293 1709 344 simplicitate
1730 293 1952 333 columbi-

315 378 374 406 na
396 373 439 406 et
461 365 722 406 admirabili
741 365 947 405 bonitate
969 365 1027 404 sit
1049 369 1255 404 ornatus.
1276 363 1476 414 Magnus
1492 363 1672 403 fructus
1693 364 1950 414 percipere-

316 443 391 477 tur
411 437 458 476 in
479 437 567 476 hac
588 436 722 487 urbe,
745 437 784 476 si
805 442 1045 476 manerent
1075 435 1150 474 hic
1172 435 1375 486 operarii
1405 434 1537 479 boni,
1569 434 1814 485 quoniam,
1846 435 1953 474 licet

316 508 526 547 homines
565 507 596 546 ii
631 507 722 546 sint
761 506 1006 558 depravati
1042 512 1086 545 et
1122 505 1390 556 opinionum
1430 505 1738 556 perversitate
1777 503 1950 555 infecti,

316 585 471 618 tamen
503 577 720 617 facillime
756 584 946 629 possent
980 577 1037 616 ab
1074 577 1309 616 erroribus
1344 576 1559 616 revocari
1595 575 1654 615 ad
1688 576 1950 626 Veritatem,

317 649 610 699 maximeque
627 648 717 687 hoc
735 654 959 699 tempore,
980 659 1088 686 nam
1110 647 1197 696 ille,
1219 647 1295 698 qui
1313 645 1562 685 seminavit
1583 646 1812 686 zizaniam
1829 658 1953 686 erro·

317 731 419 759 rum
442 719 813 769 lutheranorum,
838 725 881 758 et
904 719 1025 758 hanc
1047 718 1209 757 urbem
1240 717 1510 768 opinionum
1530 716 1762 767 pravitate
1785 716 1951 757 infece—

318 797 411 839 rat,
436 790 509 829 die
529 791 687 840 lunae,
711 791 799 829 hoc
822 796 890 829 est
912 789 1118 829 calendis
1141 788 1270 836 Maii,
1295 788 1475 839 publice
1496 788 1543 827 in
1565 799 1745 827 summo
1764 789 1950 839 templo,

318 861 394 900 ubi
416 861 577 900 solitus
597 859 749 900 fuerat
771 860 1056 909 concionari,
1080 871 1186 899 cum
1208 860 1364 898 multis
1384 858 1619 898 mensibus
1647 842 1820 909 egisset
1847 870 1952 910 poe-

317 932 583 982 nitentiam,
608 931 774 972 refellit
795 931 1129 981 revocavitque
1151 930 1476 981 pravissimas,
1512 940 1627 980 quas
1657 935 1870 969 tenuerat
1899 941 1954 969 ac

318 1003 556 1052 emiserat,
581 1002 843 1054 opiniones,
868 1014 915 1041 se
938 1002 1139 1041 maxime
1157 1001 1423 1040 accusando
1445 1007 1489 1039 et
1520 999 1706 1039 veniam
1727 1012 1754 1039 a
1781 1001 1953 1052 populo

319 1081 361 1113 et
396 1074 627 1125 Episcopo
662 1073 793 1113 flexis
828 1073 1023 1123 genibus
1058 1071 1315 1123 precando,
1347 1071 1483 1122 idque
1512 1070 1717 1110 maxima
1748 1071 1953 1111 omnium

319 1145 623 1184 instructione
645 1151 687 1184 et
710 1144 956 1195 disciplina
978 1143 1092 1194 egit,
1117 1149 1205 1182 etc.

401 1216 593 1263 Mutina,
616 1214 641 1253 3
662 1226 811 1254 nonas
832 1214 940 1254 Maii
967 1213 1082 1253 1553.

1217 1355 1505 1394 FRANciscus
1535 1354 1740 1394 BORDON.

403 1570 512 1610 Alsa
534 1582 692 1609 mama.
720 1570 834 1609 1553.
860 1568 1008 1619 Quad.
1034 1567 1248 1617 Modena‚
1271 1568 1296 1607 3
1316 1579 1425 1607 non.
1450 1567 1575 1607 Maii.

403 1643 464 1682 Et
485 1641 580 1681 alsa
598 1653 611 1680 .·
633 1641 852 1690 Modena,
876 1641 902 1679 5
922 1640 966 1679 di
988 1639 1199 1689 Maggio‚
1228 1639 1349 1689 1553,
1374 1638 1426 1689 Q.
1452 1638 1495 1679 S.
