2080 3392
297 232 370 269 256
810 230 1035 266 L1TTERAE
1061 239 1420 272 QUADRIMESTRES

1001 680 1236 735 CCXIX

378 908 424 945 P.
447 907 666 946 Antonius
687 908 831 945 Vinck

421 973 542 1010 Patri
560 974 728 1020 Ignatio
748 974 801 1010 de
821 973 1006 1020 Loyola.

467 1039 686 1082 Messana.
704 1038 727 1076 2
744 1039 850 1087 Maji
871 1039 963 1076 1553
982 1039 1006 1074 ¹.

1071 1282 1168 1359 iiis

384 1529 569 1580 Gratia,
602 1543 695 1582 pax
716 1537 760 1571 et
782 1531 1101 1571 misericordia
1124 1531 1166 1571 d.
1187 1544 1230 1571 n.
1255 1531 1355 1571 Iesu
1378 1531 1450 1571 X.i
1478 1531 1536 1571 sit
1557 1531 1798 1571 nobiscum
1821 1542 1935 1571 sem—

301 1612 400 1652 per.
424 1601 591 1641 Amen.

381 1671 448 1711 Ne
469 1684 625 1712 rerum
645 1672 937 1712 multitudine
967 1673 1111 1712 simus
1141 1672 1442 1724 prolixiores,
1472 1673 1517 1713 id
1544 1673 1657 1713 facit
1678 1678 1839 1713 nostra
1861 1685 1937 1713 ne-

297 1743 538 1793 gligentia:
558 1750 605 1782 ut
622 1755 735 1783 vero
757 1755 874 1795 quae
897 1751 1003 1783 sunt
1025 1743 1294 1794 scribenda,
1319 1744 1522 1783 breviter
1544 1744 1932 1794 perstringamus,

301 1815 426 1864 cogit
448 1825 532 1854 nos
554 1821 633 1854 tua
654 1815 788 1854 nobis
810 1815 903 1854 iam
933 1815 1112 1866 pridem
1142 1821 1389 1866 perspecta
1419 1815 1660 1865 voluntas,
1685 1814 1734 1854 P.
1772 1815 1818 1854 in
1854 1814 1934 1855 X.⁰

299 1886 401 1926 Iesu
423 1886 863 1925 observandissime.

379 1957 439 1997 Ut
460 1957 601 2007 igitur
622 1969 763 1997 unum
784 1958 929 1997 verbo
950 1957 1102 1997 dicam
1124 1957 1247 2009 quod
1268 1957 1430 1997 audire
1452 1957 1507 1996 de
1530 1957 1798 1997 domesticis
1820 1957 1935 1996 desi-

298 2028 459 2078 deras,
491 2030 646 2068 valent
678 2040 859 2078 omnes,
890 2028 977 2068 Dei
1006 2029 1182 2079 gratia3
1213 2040 1299 2068 nec
1333 2035 1402 2068 est
1437 2029 1701 2079 quisquam,
1737 2028 1810 2068 cui
1844 2040 1937 2068 non

303 2099 510 2139 accessio
540 2098 664 2138 facta
694 2099 751 2138 sit
782 2099 938 2150 aliqua
969 2107 1012 2138 et
1042 2099 1286 2147 virtutum,
1325 2105 1369 2138 et
1404 2099 1445 2148 (a
1483 2099 1647 2150 quibus
1677 2099 1766 2138 hoc
1797 2099 1938 2138 etiam

300 2170 521 2220 exigitur)
558 2171 815 2210 literarum.
850 2169 1129 2209 Scholarum
1156 2176 1312 2209 autem
1340 2170 1460 2209 ratio
1496 2169 1759 2209 huiusmodi
1793 2175 1862 2209 est
1889 2175 1938 2209 ut

301 2241 414 2280 nihil
435 2241 618 2291 penitus
640 2241 699 2280 ad
721 2252 796 2290 ea,
822 2252 940 2292 quae
959 2240 1206 2291 postremis
1228 2240 1647 2291 quadrimestribus
1664 2241 1809 2280 literis
1826 2241 1937 2280 scri-

302 2318 381 2362 pta
416 2318 543 2362 sunt,
575 2296 839 2351 addendum
866 2312 1096 2351 Videatur.
1136 2310 1290 2350 Unum
1324 2311 1465 2361 igitur
1494 2318 1708 2362 superest
1739 2311 1936 2363 (opinor)

300 2388 350 2421 ut
373 2382 659 2433 spiritualem
681 2382 884 2422 fructum
912 2388 1233 2431 externorum,
1264 2382 1366 2432 quis
1397 2381 1554 2432 fuerit,
1586 2393 1930 2422 recenseamus.

303 2452 411 2492 Post
439 2453 512 2492 Μ.ἰ
541 2453 780 2493 Benedicti
809 2452 821 2470 ²
850 2452 1126 2503 discessum,
1160 2452 1424 2492 auditorum
1451 2452 1497 2492 in
1525 2452 1673 2492 sacris
1702 2453 1938 2492 concioni-

299 2523 387 2562 bus
408 2523 715 2575 frequentiam
737 2523 875 2574 paulo
899 2523 1035 2563 solita
1063 2523 1288 2562 minorem
1311 2523 1435 2573 (nam
1466 2529 1573 2562 ante
1602 2529 1775 2574 quanta
1796 2523 1934 2563 fuerit

302 2606 394 2633 non
417 2595 621 2645 ignoras)
646 2594 819 2634 domini
840 2593 943 2634 Iesu
969 2594 1235 2644 benignitas
1264 2594 1323 2634 ad
1350 2605 1435 2633 nos
1463 2594 1681 2644 adduxit3
1715 2605 1864 2645 neque
1892 2594 1937 2633 id

300 2664 433 2704 festis
460 2672 641 2704 tantum
669 2671 711 2704 et
740 2664 1006 2714 dominicis,
1037 2664 1117 2703 sed
1144 2671 1187 2704 et
1220 2664 1415 2715 singulis
1444 2664 1605 2704 diebus
1637 2664 1937 2715 quadragesi-

303 2747 426 2785 mae,
458 2735 623 2785 quibus
652 2735 922 2786 quotidiana
949 2734 1195 2784 evangelia
1227 2741 1270 2774 et
1300 2734 1507 2786 psalmos
1533 2734 1556 2773 7
1584 2735 1938 2785 poenitentiales

301 2805 596 2856 interpretati
634 2817 806 2845 sumus.
846 2805 947 2855 Qua
976 2805 1023 2845 in
1051 2816 1100 2844 re
1132 2811 1174 2844 et
1202 2804 1456 2856 profecisse
1481 2805 1712 2855 nonnihil,
1746 2811 1789 2844 et
1817 2806 1937 2845 ultra

360 2940 367 2959 ¹
409 2940 665 2974 Autographae,
680 2940 802 2974 duplici
819 2940 852 2967 in
868 2940 956 2973 folio,
969 2948 1000 2967 n.
1018 2940 1081 2967 143,
1099 2939 1311 2967 Emendatae
1327 2940 1359 2966 in
1370 2940 1584 2974 paucissimis
1599 2943 1675 2966 sunt
1691 2946 1710 2966 a
1726 2939 1882 2973 Polanco,
1902 2943 1937 2966 et

302 2987 427 3013 harum
442 2987 488 3013 sic
510 2987 765 3013 emendatam-um
789 2988 1027 3021 apographum
1042 2987 1205 3014 habemus
1217 2986 1248 3014 in
1266 2986 1425 3013 Historia
1442 2988 1558 3020 varia,
1574 2991 1597 3014 t.
1614 2994 1636 3020 ι,
1653 2986 1709 3014 fol.
1724 2986 1786 3013 345.

358 3034 371 3052 ‘2
409 3033 498 3067 Mag.
515 3033 717 3061 Benedictus
733 3034 899 3061 Palmius.
