2080 3392
817 227 900 264 Ax.
930 226 1023 263 1554
1672 226 1743 264 643

96 336 189 364 non
222 324 473 364 obscurum
504 323 751 364 videbatur
778 323 955 364 instare
985 332 1084 364 turn
1111 323 1324 375 corporis
1352 330 1450 364 tum
1477 323 1620 364 etiam
1645 323 1741 364 ani-

97 407 200 435 mae
221 395 497 447 periculum.
522 394 915 446 Obtemperarunt
939 395 1162 435 continuo
1184 395 1513 446 magistratus,
1539 401 1597 444 et,
1633 406 1740 435 cun-

97 474 226 507 ctum
260 466 492 506 ludicrum
526 473 804 518 apparatum
835 467 1168 516 dissolventes,
1199 467 1423 518 populum
1451 466 1670 506 dimisere
1697 473 1742 507 et

97 537 420 578 funambulum
443 537 613 588 oppido
645 537 886 577 discedere
916 537 1167 577 iusserunt.
1198 536 1362 588 Coepit
1391 536 1531 577 Pater
1559 537 1742 578 concio-

98 620 182 649 nes
203 609 377 648 habere
399 608 458 648 ad
480 609 722 660 populum,
748 608 807 648 ad
829 620 945 659 quas
967 619 1060 648 non
1082 608 1211 648 cives
1233 609 1384 647 solum
1411 608 1494 648 sed
1521 608 1653 649 multi
1684 620 1743 649 ex

98 680 268 720 vicinis
290 679 473 731 oppidis
494 680 837 719 commeabant:
857 691 944 719 nec
965 679 1110 719 multa
1133 679 1422 720 audientium
1438 680 1574 720 turba
1597 686 1743 720 atten-

98 752 287 801 tionem,
307 750 431 802 quod
451 750 551 790 fieri
573 752 704 801 solet,
725 750 977 790 minuebat:
999 749 1122 801 quod
1143 750 1232 790 hac
1250 751 1432 791 ratione
1449 758 1744 803 compertum

98 829 189 868 est,
214 834 321 862 cum
341 822 529 862 assidue
551 833 578 861 a
600 821 820 873 prandio,
844 832 954 861 nam
983 820 1030 860 id
1060 821 1286 872 temporis
1316 821 1576 862 destinarat
1605 822 1745 862 Pater

99 894 159 934 ad
178 893 430 933 familiaria
452 893 699 944 colloquia,
719 892 1119 944 particulariaque
1143 892 1406 932 animarum
1427 894 1616 945 negotia
1640 905 1746 934 cum

99 965 282 1005 civibus
313 964 438 1004 domi
459 964 817 1016 pertractanda,
842 963 1012 1003 multos
1035 974 1093 1002 ex
1114 963 1237 1002 notis
1265 963 1579 1015 interrogaret
1608 976 1742 1017 quos-

100 1047 210 1076 nam
232 1047 291 1075 ex
313 1036 412 1075 eius
432 1035 523 1075 diei
545 1035 771 1075 concione
794 1034 1140 1085 decerpsissent
1162 1034 1249 1074 sibi
1271 1035 1459 1087 suisque
1480 1036 1624 1086 cibos,
1650 1036 1744 1088 qui-

100 1108 186 1147 bus
207 1108 390 1147 animas
412 1106 672 1156 reficerent,
697 1105 860 1146 ordine
881 1105 991 1157 quid
1013 1105 1179 1156 cuique
1201 1107 1456 1146 convenire
1484 1107 1571 1147 sibi
1592 1107 1745 1147 visum

104 1178 242 1219 fuerit
264 1178 605 1227 edisserebant,
630 1189 717 1218 nec
747 1189 804 1217 ex
833 1176 1058 1217 concione
1089 1176 1342 1227 quidquam
1376 1177 1522 1218 ferme
1551 1179 1748 1230 periisse

108 1250 453 1290 inveniebatur.

185 1321 403 1372 Longum
420 1327 541 1361 esset
562 1320 780 1372 persequi
797 1320 999 1371 singula,
1019 1331 1138 1371 quae
1160 1320 1206 1359 in
1224 1331 1357 1360 suam
1374 1321 1575 1371 gloriam
1592 1320 1749 1361 Domi-

108 1405 196 1433 nus
223 1393 405 1444 peregit
438 1392 716 1432 concionum
745 1391 1018 1431 ministerio.
1049 1390 1291 1442 Quaedam
1320 1398 1476 1432 tamen
1506 1404 1564 1432 ex
1594 1392 1751 1432 multis

107 1465 496 1517 perstringemus.
514 1463 690 1504 Habita
713 1463 769 1504 de
791 1463 1040 1503 dilectione
1062 1463 1358 1503 inimicorum
1375 1464 1540 1504 concio
1562 1476 1748 1516 persua-

107 1537 167 1577 sit
188 1535 546 1587 quamplurimis
562 1535 609 1575 in
634 1535 841 1586 gratiam
870 1546 976 1574 cum
1003 1534 1205 1575 inimicis
1237 1534 1413 1575 redire:
1444 1547 1609 1575 verum
1638 1535 1751 1575 illud

107 1607 193 1648 fuit
214 1608 385 1659 populo
407 1607 731 1658 gratissimum
751 1612 810 1656 et,
837 1611 887 1646 ut
910 1617 995 1656 par
1018 1611 1087 1646 est
1109 1606 1316 1655 credere,
1336 1605 1437 1646 Deo
1460 1607 1598 1657 longe
1621 1618 1750 1646 acce-

108 1679 246 1730 ptius,
269 1678 395 1730 quod
413 1678 615 1718 ostendit
634 1683 810 1729 quanta
831 1677 890 1717 sit
911 1677 985 1717 vis
1007 1677 1139 1716 verbi
1158 1677 1317 1717 divini.
1338 1677 1582 1718 Profectus
1599 1677 1753 1718 fuerat

109 1763 136 1790 a
157 1750 310 1802 patria
332 1761 417 1790 sua
440 1749 630 1801 quidam
651 1748 921 1789 Valentiam
942 1760 1130 1798 versus,
1155 1755 1204 1788 ut
1241 1749 1364 1800 apud
1394 1749 1661 1789 valentinos
1689 1749 1751 1789 iu-

110 1822 237 1862 dices
258 1822 519 1872 inimicum,
545 1832 682 1872 quem
703 1820 867 1861 oderat
888 1821 1113 1872 pessime,
1146 1820 1194 1860 in
1225 1821 1511 1861 calumniam
1540 1828 1750 1861 vocaret:

110 1893 314 1933 Domino
335 1904 529 1944 gressus
551 1893 650 1932 eius
671 1892 922 1943 dirigente,
946 1892 1286 1932 Fontenentem
1306 1893 1542 1944 pervenit,
1568 1904 1677 1933 nam
1698 1905 1753 1933 ea

109 1970 239 2005 recta
263 1964 355 2004 itur
372 1964 643 2004 Valentiam
667 1964 723 2003 ab
746 1963 844 2003 eius
866 1964 1020 2015 patria
1042 1962 1282 2014 profectis,
1303 1963 1377 2003 hic
1399 1963 1520 2004 forte
1542 1964 1589 2004 in
1611 1965 1754 2004 eccle-

111 2036 230 2076 siam
251 2036 495 2086 ingressus
517 2035 697 2075 audivit
719 2034 908 2075 Patrem
931 2035 986 2075 de
1018 2034 1267 2086 diligendis
1298 2035 1499 2075 inimicis
1528 2036 1755 2076 disseren-

109 2114 218 2148 tem.
241 2107 416 2147 Tactus
438 2113 568 2147 motu
588 2106 745 2146 cordis
776 2106 1081 2157 intrinsecus,
1118 2118 1213 2146 non
1246 2106 1558 2146 dissimulavit
1587 2107 1755 2147 verita-

112 2186 226 2229 tem;
258 2178 414 2218 fassus
440 2184 509 2218 est
538 2189 628 2230 quo
659 2179 815 2218 animo
846 2177 1000 2229 patria
1035 2177 1210 2218 exisset
1246 2184 1290 2218 et
1324 2184 1436 2218 tunc
1470 2179 1757 2219 intellexisse

111 2250 222 2302 quid
244 2250 331 2289 sibi
352 2256 475 2289 esset
497 2249 747 2300 agendum.
772 2248 1014 2289 Sententia
1045 2249 1092 2288 in
1124 2249 1289 2289 melius
1319 2256 1522 2299 mutata,
1556 2250 1616 2290 ad
1646 2262 1757 2291 suos

112 2321 250 2361 rediit
273 2327 315 2360 et
339 2332 445 2360 cum
466 2320 670 2370 inimico,
696 2331 835 2371 quem
855 2320 1008 2360 fuerat
1031 2326 1354 2368 accusaturus,
1379 2321 1636 2361 amicitiam
1657 2322 1758 2362 iniit

113 2400 157 2432 et
185 2392 577 2432 benevolentiam.
607 2390 899 2431 Adolescens
928 2392 1046 2431 alius
1077 2392 1220 2443 impia
1246 2392 1511 2432 temeritate
1542 2392 1757 2433 sacerdo-

113 2471 206 2504 tem
229 2463 479 2515 quemdam
501 2462 588 2502 sibi
608 2462 843 2502 infensum
865 2462 924 2502 ad
946 2469 1187 2503 certamen
1208 2463 1449 2513 singulare
1469 2475 1757 2515 provocave-

116 2541 209 2585 rat,
233 2540 282 2574 ut
303 2534 476 2574 mutuis
498 2545 547 2573 se
569 2533 875 2573 confoderent
896 2534 1185 2584 vulneribus;
1210 2546 1347 2585 quem
1369 2536 1655 2575 conveniens
1676 2534 1758 2575 Pa-

117 2612 187 2646 ter
207 2605 420 2657 Baptista
441 2616 535 2644 non
557 2604 616 2644 ad
636 2604 1072 2645 reconciliationem
1094 2606 1244 2645 solum
1266 2605 1483 2657 perduxit
1504 2606 1586 2646 sed
1607 2612 1657 2646 ut
1679 2606 1760 2646 hu-

118 2676 329 2717 militatis
372 2681 416 2716 et
449 2675 764 2727 poenitentiae
799 2675 937 2716 fidem
972 2676 1149 2716 faceret
1193 2676 1359 2716 effecit.
1392 2677 1467 2717 Ad
1501 2677 1762 2718 sacerdotis

122 2749 279 2799 itaque
300 2758 457 2799 genua
477 2747 755 2798 provolutus
775 2747 965 2786 veniam
986 2747 1163 2787 erroris
1185 2748 1331 2799 petiit.

203 2819 266 2859 Ut
282 2818 468 2870 publica
485 2818 850 2867 magistratuum
868 2818 1020 2858 edicta
1038 2819 1448 2869 promulgarentur
1462 2821 1637 2861 sanctis
1655 2831 1762 2873 qua-

123 2890 421 2941 dragesimae
443 2889 606 2929 diebus
628 2889 913 2940 impetravit,
939 2889 1106 2940 quibus
1129 2890 1336 2930 omnium
1362 2901 1589 2942 generum
1614 2892 1762 2943 ludos,

123 2973 285 3001 eorum
306 2961 463 3011 etiam,
487 2960 566 3012 qui
596 2960 687 2999 alio
720 2966 931 3011 tempore
953 2960 1238 3001 haberentur
1264 2961 1596 3013 honestissimi,
1627 2964 1764 3004 inter-

122 3032 346 3073 dicerent.
378 3032 508 3072 Bona
536 3031 676 3071 etiam
704 3030 904 3082 publica,
931 3031 988 3071 ab
1019 3031 1222 3084 antiquis
1251 3034 1501 3084 quotannis
1536 3041 1766 3087 occupata
