2080 3392
291 191 361 228 412
803 186 1029 222 LlTTERAE
1056 193 1411 226 QUADRlMESTREs

1025 632 1203 687 CCLI

369 902 412 938 Ρ.
437 899 664 937 Arnoldus
683 898 858 935 Hezeus

418 965 539 1003 Patri
557 964 728 1012 Ignatio
747 963 800 1000 de
819 962 1007 1010 Loyola.

466 1030 680 1075 Lovanio‚
702 1029 744 1065 17
763 1026 1036 1075 Septembris
1054 1024 1146 1062 1553
1166 1025 1191 1060 ¹.

376 1273 448 1313 Ex
469 1272 572 1312 aliis
594 1270 801 1322 ejusdem
822 1269 835 1288 ²
860 1270 906 1308 17
928 1267 1214 1320 Septembris
1238 1266 1352 1306 1553.

377 1343 645 1393 Scripturus
685 1352 804 1392 quae
843 1339 930 1379 Dei
970 1338 1128 1390 optim.
1166 1349 1289 1377 max.
1332 1336 1577 1377 clementia
1613 1334 1683 1374 his
1718 1333 1932 1385 proxime

299 1420 497 1467 quatuor
518 1413 754 1453 mensibus
775 1411 851 1451 hic
873 1416 978 1450 acta
1001 1410 1113 1460 sint,
1136 1408 1345 1448 laconice
1366 1408 1524 1459 plane,
1545 1404 1678 1456 juxta
1705 1404 1765 1445 V.
1796 1403 1850 1444 R.
1880 1403 1930 1443 P.

299 1485 601 1533 desiderium,
626 1495 681 1523 ea
703 1482 961 1530 dumtaxat,
987 1492 1105 1532 quae
1126 1479 1173 1518 in
1195 1477 1397 1530 proximi
1424 1482 1625 1528 vergant
1654 1474 1932 1515 aedificatio-

300 1567 429 1606 nem,
453 1553 690 1595 narranda
711 1558 942 1604 putamus.

382 1626 503 1666 Hinc
529 1625 731 1676 primum
758 1623 898 1663 subiit
927 1622 1132 1662 animum
1162 1620 1281 1660 mira
1309 1620 1356 1659 in
1384 1619 1482 1659 dies
1510 1618 1749 1657 hominum
1776 1615 1835 1656 ad
1865 1627 1934 1655 sa-

302 1698 434 1738 niora
462 1695 656 1736 mutatio
685 1701 729 1735 et
757 1694 848 1734 alia
877 1694 1016 1744 longe
1046 1703 1186 1743 quam
1215 1697 1376 1741 antea,
1409 1689 1734 1740 (maximarum
1756 1686 1932 1739 praeci-

302 1780 390 1821 pue
412 1766 762 1820 personarum)‚
783 1765 838 1805 de
861 1764 1093 1805 Societate
1115 1769 1278 1803 nostra
1301 1772 1517 1811 censere,
1542 1757 1936 1811 quemadmodum

301 1841 530 1892 applausu
552 1837 754 1890 quodam
781 1847 1054 1887 summoque
1078 1834 1221 1874 animi
1248 1832 1419 1873 affectu
1446 1831 1660 1871 omnibus
1687 1829 1835 1870 modis
1865 1841 1933 1869 os-

301 1911 490 1951 tendere
520 1909 746 1948 nituntur.
784 1907 917 1958 Quod
948 1905 1134 1957 quidem
1160 1904 1208 1944 P.
1243 1902 1442 1944 Adriani
1470 1901 1776 1953 professionis
1803 1911 1933 1940 reno-

300 1981 489 2021 vatione
510 1979 523 1998 ⁵
546 1979 728 2019 abunde
749 1978 904 2018 docuit
927 1975 1238 2027 experientia,
1263 1985 1403 2025 quam
1428 1971 1444 1991 ‘⁴
1472 1978 1659 2024 praeter
1687 1972 1937 2011 multorum

301 2051 607 2092 offensionem
627 2049 933 2089 intermittere
960 2047 1040 2087 vix
1061 2046 1302 2097 potuisset.

379 2121 559 2162 Verum
589 2126 764 2172 quanta
793 2117 1058 2170 hujusmodi
1085 2115 1408 2156 aedificatione
1437 2120 1542 2154 acta
1570 2113 1651 2163 sit,
1683 2113 1784 2164 ipsa
1815 2123 1935 2151 com-

302 2193 640 2234 municantium
664 2197 708 2231 et
729 2190 1003 2231 concionem
1031 2187 1317 2228 audientium
1347 2186 1480 2236 (quae
1507 2197 1534 2224 a
1561 2183 1762 2235 quodam
1788 2182 1935 2233 Magi-

303 2270 400 2304 stro
420 2269 582 2304 nostro
603 2268 673 2302 est
693 2260 869 2311 habita)
893 2260 1007 2300 satis
1029 2257 1230 2298 ostendit
1251 2255 1533 2307 frequentia,
1559 2266 1677 2306 quae
1698 2259 1829 2293 tanta
1850 2252 1935 2292 fuit

304 2340 477 2386 quanta
499 2334 538 2374 si
558 2333 815 2373 maximum
836 2330 945 2370 anni
965 2329 1128 2369 fuisset
1150 2327 1434 2368 celebratum
1454 2326 1637 2372 festum;
1658 2336 1743 2364 nec
1765 2323 1850 2363 fuit
1871 2323 1935 2372 (ut

305 2417 363 2445 ex
384 2406 581 2445 aliorum
602 2403 868 2454 accepimus
894 2399 1059 2449 relatu)
1089 2399 1188 2438 sive
1221 2398 1523 2448 coniugatus,
1557 2396 1656 2435 sive
1686 2394 1935 2447 studiosus,

304 2476 404 2516 sive
421 2475 683 2526 religiosus,
703 2473 781 2524 qui
798 2479 895 2512 tum
912 2483 971 2511 ex
991 2471 1093 2521 ipsa
1110 2469 1349 2518 concione,
1369 2478 1488 2518 quae
1506 2466 1712 2506 omnium
1732 2470 1939 2504 statuum

305 2545 701 2597 complectebatur
722 2542 1097 2587 renovationem,
1121 2545 1220 2579 tum
1240 2551 1298 2579 ex
1318 2537 1386 2578 rei
1407 2537 1589 2577 actione
1609 2568 1616 2585 ‚
1642 2536 1688 2575 in
1709 2547 1793 2575 suo
1816 2540 1940 2574 statu

307 2617 576 2656 consolatus
597 2627 691 2655 non
713 2613 865 2654 fuerit.

359 2752 370 2772 ¹
411 2751 670 2785 Apographum.
687 2751 719 2778 in
735 2749 825 2777 foliis
840 2748 893 2776 328
907 2752 939 2775 et
954 2747 1016 2774 329.

359 2798 373 2817 2
411 2798 473 2824 Est
490 2798 553 2824 hoc
569 2796 806 2831 apographum
817 2798 893 2829 post
910 2793 991 2821 illud
1005 2793 1202 2820 litterarum
1214 2791 1364 2825 ejusdem
1378 2789 1522 2817 Arnoldi
1535 2789 1566 2815 17
1579 2787 1656 2829 Maii
1673 2787 1840 2820 datarum,
1854 2785 1941 2820 quod

313 2845 559 2879 descripsimus
573 2851 687 2878 supra,
702 2850 780 2877 pag.
795 2842 857 2869 301.

359 2892 373 2911 5
410 2891 590 2918 Renovare
605 2890 736 2925 publice
757 2889 899 2923 singulis
922 2887 1019 2914 annis
1039 2886 1283 2921 professionem
1304 2884 1483 2913 consuevit
1504 2884 1539 2911 P.
1564 2882 1736 2910 Adrianus
1753 2881 1940 2907 Adriaens—

310 2946 386 2966 sens
400 2938 608 2965 Lovaniensi
627 2937 737 2965 domui
753 2936 984 2971 praepositus.

362 2986 377 3006 ⁴
414 2986 633 3019 professionis
648 2984 917 3012 renovationem.
