2080 3392
312 198 385 237 308
828 198 1058 236 LITTERAE
1084 210 1442 242 QUADRIMESTRES

313 295 411 343 dio,
436 295 600 345 paucis
622 300 669 334 ut
691 294 943 345 explicem,
967 294 1155 335 domum
1182 295 1572 346 proficiscendum
1602 297 1722 337 filiae
1750 298 1948 338 indicari

312 366 514 415 iubetur,
545 376 663 416 quae
689 376 782 404 una
811 376 916 404 cum
945 376 1106 405 sorore
1132 366 1351 417 veniens,
1383 368 1644 418 provolutis
1680 380 1840 408 coram
1871 382 1948 421 pa-

311 435 519 475 rentibus
558 435 775 486 genibus,
812 446 984 486 magna
1019 436 1371 488 lachrymarum
1410 438 1715 479 inundatione
1752 440 1814 480 ibi
1854 452 1947 481 ma-

310 505 449 545 nendi
471 506 719 546 obsecrare
741 507 894 558 coepit
914 506 1198 547 facultatem.
1224 507 1312 547 Hic
1333 509 1454 548 laeta
1480 509 1526 548 in
1546 521 1736 550 amaros
1757 518 1946 551 vertun-

311 583 385 616 tur
406 576 626 616 convivia
645 577 860 627 gemitus.
885 578 1004 617 Tum
1031 584 1230 618 vocatus
1256 579 1315 618 ad
1347 581 1685 631 spectaculum,
1716 581 1823 621 hinc
1847 582 1946 622 sun-

309 647 472 687 dentes
491 646 783 699 lachrymas,
812 647 1018 688 infelices
1047 660 1103 691 se.
1127 649 1270 689 chara
1299 650 1428 700 prole
1457 661 1660 702 suaeque
1692 653 1946 692 senectutis

310 718 467 758 orbari
495 718 662 758 baculo
693 719 1039 769 proclamantes
1070 719 1264 759 audiens
1292 726 1531 771 parentes,
1564 721 1673 762 hinc
1700 734 1813 762 vero
1841 734 1944 774 pro—

310 794 484 828 stratas
518 788 645 828 humi
674 788 783 829 fletu
816 801 1013 829 cernens
1040 789 1230 830 madere
1256 790 1487 841 virgines,
1521 792 1694 832 acriter
1722 793 1835 833 satis
1867 806 1946 845 pa—

307 865 491 899 rentum
514 859 645 910 coepi
667 860 911 911 increpare
933 861 1308 910 sensualitatem,
1338 873 1429 913 qua
1453 861 1691 903 Christum
1721 875 1805 903 sua
1831 865 1944 904 nite-

307 935 469 969 rentur
488 930 678 980 privare
699 942 888 982 sponsa.
914 931 1033 982 Quid
1054 932 1208 982 plura?
1230 931 1379 982 Virgo
1401 933 1588 973 mansit.
1607 933 1710 984 Ipse
1727 945 1817 974 una
1838 947 1943 975 cum

306 1001 579 1051 parentibus
601 1001 707 1041 inde
728 1002 1024 1053 proficiscor,
1050 1003 1127 1054 qui
1147 1015 1220 1042 me
1236 1010 1373 1043 nocte
1389 1003 1478 1043 ista
1496 1015 1667 1055 magna
1686 1017 1792 1045 cum
1807 1005 1941 1046 bene-

306 1072 513 1111 volentia
535 1072 735 1123 hospitio
757 1080 1054 1124 exceperunt.

385 1142 517 1182 Multi
537 1149 795 1194 praeterea,
817 1149 912 1183 tum
935 1143 1269 1194 adolescentes,
1289 1151 1386 1184 tum
1403 1145 1626 1196 virgines,
1646 1145 1861 1187 diversas
1878 1148 1945 1187 in-

304 1220 550 1254 traverunt
578 1215 848 1265 religiones,
879 1227 933 1254 ac
962 1216 1117 1266 plures
1144 1215 1320 1255 intrare
1347 1217 1522 1267 parati,
1554 1217 1630 1257 ubi
1660 1217 1942 1259 desiderium

303 1286 350 1325 in
378 1285 591 1325 effectum
621 1292 800 1325 mutare
829 1286 1000 1326 licebit.
1030 1286 1163 1326 Unde
1184 1288 1435 1327 nonnullae
1463 1288 1687 1339 Virgines,
1711 1300 1802 1329 una
1832 1291 1940 1329 alte-

301 1356 399 1396 rius
420 1357 656 1396 nesciente
675 1357 980 1407 propositum,
1000 1357 1264 1408 frequenter
1281 1357 1469 1398 Patrem
1485 1359 1818 1400 convenientes
1836 1372 1939 1412 sup-

302 1427 496 1478 plicant,
521 1434 593 1478 ut,
618 1428 725 1479 quia
747 1429 822 1467 vel
846 1429 1033 1468 omnino
1054 1440 1147 1468 non
1168 1430 1243 1468 vel
1272 1441 1365 1468 non
1386 1435 1481 1469 tam
1504 1429 1594 1469 cito
1618 1437 1813 1482 possunt
1834 1431 1936 1471 reli-

301 1498 488 1548 gionem
509 1499 710 1549 ingredi,
735 1499 833 1550 ipse
855 1511 934 1539 eas
956 1499 1039 1539 sub
1063 1499 1353 1540 obedientiae
1374 1506 1487 1540 voto
1515 1502 1753 1552 suscipere
1774 1501 1934 1552 digna-

300 1575 441 1609 retur.
461 1569 524 1609 At
545 1570 642 1620 ipse
664 1581 758 1609 non
779 1571 929 1610 solum
950 1571 1102 1611 renuit
1123 1572 1375 1622 suscipere,
1401 1583 1565 1612 verum
1586 1572 1726 1612 etiam
1746 1573 1935 1613 instruit

300 1646 350 1679 ut
383 1641 661 1692 ubicumque
696 1641 1019 1681 huiuscemodi
1053 1642 1334 1683 mentionem
1361 1642 1458 1682 fieri
1488 1643 1703 1693 audiant,
1736 1644 1938 1695 idipsum

298 1712 641 1762 reprehendant
664 1718 707 1752 et
728 1712 1003 1763 impediant,
1027 1725 1105 1761 ne,
1130 1713 1370 1764 religionis
1391 1720 1549 1765 spreta
1579 1715 1931 1766 approbatione,

299 1788 432 1822 extra
460 1783 623 1822 matris
651 1783 891 1823 Ecclesiae
922 1784 1284 1833 ordinationem,
1315 1785 1427 1825 talia
1453 1791 1533 1825 aut
1560 1786 1830 1826 emittantur
1856 1792 1937 1827 aut

296 1854 612 1905 suscipiantur
633 1860 765 1902 vota,
789 1855 885 1904 sed,
911 1866 1038 1894 more
1060 1855 1290 1895 bonorum
1311 1856 1675 1896 christianorum
1697 1857 1931 1908 poeniten-

295 1925 434 1972 tium,
467 1936 657 1964 suarum
689 1926 1082 1965 conscientiarum
1113 1927 1395 1977 secretariis,
1428 1928 1474 1967 in
1501 1928 1635 1967 bonis
1666 1928 1935 1968 obedientes

298 1995 521 2043 consiliis,
548 1996 862 2047 acquiescant.

376 2065 703 2117 Superioribus
725 2067 887 2107 diebus
907 2067 1253 2108 adolescentem
1281 2068 1549 2120 quemdam,
1580 2068 1733 2108 Patris
1764 2069 1934 2109 iudicio

298 2137 559 2176 monastico
581 2137 793 2177 instituto
825 2138 1063 2189 idoneum,
1098 2138 1155 2178 ad
1184 2139 1484 2179 Carthusiam
1513 2140 1827 2180 coloniensem
1854 2141 1932 2180 mi-

297 2208 460 2258 simus,
486 2208 562 2248 ubi
583 2220 689 2248 cum
710 2209 883 2259 gaudio
905 2216 1169 2260 susceptus,
1202 2210 1300 2261 ipse
1323 2210 1458 2249 simul
1480 2217 1523 2250 et
1544 2209 1598 2250 R.
1629 2210 1766 2251 Pater
1797 2211 1934 2251 Prior

296 2279 510 2329 ingentes
531 2279 665 2319 nobis
687 2291 770 2330 pro
793 2286 923 2319 tanto
946 2280 1153 2320 exhibito
1175 2281 1397 2320 beneficio
1419 2281 1598 2331 gratias
1619 2288 1829 2332 egerunt.

375 2349 509 2389 Alius
530 2350 719 2401 quidam
742 2351 905 2401 paucis
922 2351 1091 2391 abhinc
1113 2351 1274 2391 diebus
1296 2352 1557 2403 spiritualia
1575 2352 1775 2392 absolvit
1799 2365 1927 2392 excr-

296 2420 427 2469 citia,
448 2421 525 2471 qui
547 2421 593 2460 in
614 2420 798 2471 eodem,
829 2433 919 2472 quo
950 2422 1150 2461 imbutus
1178 2429 1265 2472 est,
1295 2434 1606 2473 perseverans
1634 2423 1821 2474 spiritu,
1852 2435 1928 2464 no-

296 2497 421 2530 strae
444 2490 665 2531 Societati
686 2498 835 2531 totum
856 2492 1091 2543 applicare
1113 2493 1274 2532 nititur
1296 2493 1516 2533 animum.

376 2561 533 2612 Nuper
553 2568 747 2612 rogatus
768 2561 908 2602 Pater
930 2574 956 2602 a
977 2563 1119 2602 nobili
1147 2564 1349 2614 quadam
1379 2575 1600 2615 persona,
1636 2563 1839 2604 Domina
1873 2564 1929 2604 de

295 2632 461 2672 Ffrens
485 2631 493 2650 ¹
517 2633 771 2683 appellata,
796 2633 853 2673 ob
882 2632 1196 2673 infirmitatem
1217 2635 1385 2673 lectulo
1408 2634 1733 2684 decumbente,
1765 2635 1810 2674 in
1831 2634 1928 2674 suis

294 2703 487 2742 aedibus
515 2704 750 2743 celebrare
782 2710 826 2743 et
861 2711 1158 2744 sacramenta
1194 2705 1501 2745 confessionis
1529 2711 1573 2744 et
1602 2705 1926 2745 Eucharistiae

293 2774 380 2812 sibi
401 2774 729 2814 administrare
750 2780 797 2814 ut
820 2774 1106 2825 dignaretur,
1127 2776 1322 2826 contigit
1342 2775 1592 2826 quamdam
1613 2776 1815 2815 nobilem
1836 2776 1928 2815 vir-

292 2844 469 2892 ginem,
502 2856 593 2884 una
615 2856 720 2884 cum
742 2845 951 2894 domina,
982 2846 1143 2885 eadem
1171 2846 1408 2897 suscipere
1436 2853 1754 2896 sacramenta,
1789 2857 1922 2897 quae,

346 3006 355 3024 ¹
398 3004 484 3032 Vide
501 3006 658 3039 Cartasy
675 3007 767 3032 οἰνος
784 3006 930 3032 escritos
946 3005 1002 3032 del
1018 3005 1058 3032 Β.
1076 3006 1112 3032 P.
1131 3006 1244 3033 Pedro
1259 3006 1385 3038 Fabro,
1400 3009 1422 3033 t.
1440 3013 1461 3039 Ι,
1477 3013 1555 3040 pag.
1571 3005 1638 3033 224.
