2080 3392
787 242 871 279 AN.
903 242 996 279 1553
1662 241 1710 278 97

146 342 246 382 Dos
276 340 563 380 estudiantes
594 340 859 390 theologos,
890 350 1118 390 personas
1153 338 1412 387 virtuosas,
1447 350 1507 377 an
1542 338 1710 388 pedido

66 414 133 453 les
154 412 388 464 quisiesen
410 411 494 451 dar
516 411 791 461 exercicios.
816 410 994 450 Ambos
1016 409 1201 461 quedan
1223 421 1280 449 en
1307 409 1421 448 ellos
1453 411 1560 460 aqui
1591 421 1648 448 en
1670 411 1713 449 61

67 483 298 534 Collegio:
329 468 508 522 creo-se
531 476 893 533 aprovecharzin‘
909 493 966 520 en
988 481 1169 532 spiritu,
1189 492 1366 532 porque
1386 480 1542 520 tienen
1560 480 1710 531 dispo-

67 555 216 604 sicion
237 565 353 605 para
375 554 478 594 ello.

147 624 217 665 No
239 636 437 665 occurre
461 630 562 664 otro
586 625 630 664 al
650 629 881 675 presente.
901 621 1103 662 Nuestro
1120 621 1268 662 Senor
1283 634 1370 662 nos
1387 623 1443 663 (16
1461 625 1486 662 ἐι
1506 622 1641 662 todos
1658 633 1714 662 su

67 696 232 747 gracia
253 709 284 747 y
306 696 363 736 V.
388 695 464 735 P.d
483 707 570 735 nos
591 695 647 735 de'
669 707 723 734 su
747 701 881 735 santa
903 692 1169 743 bendicion.
1193 693 1361 733 Amen.

149 766 220 807 De
243 766 485 816 Coimbra‚
510 766 720 817 segundo
742 765 798 805 de
819 765 995 804 henero
1018 764 1074 804 de
1100 764 1214 804 1553.

149 836 240 877 Por
262 838 517 877 comission
538 837 611 877 del
632 836 680 876 P.
706 836 892 876 Manoel
915 835 1114 876 Godino.

148 909 319 949 Innutil
336 909 492 948 siervo
514 921 545 959 y
561 907 755 958 indigno
776 905 869 957 hijo
893 906 948 945 (16
970 906 1028 946 V.
1054 905 1131 946 Ρ.<ἰ
1155 938 1163 956 ,

1053 1052 1301 1093 MELCHIOR
1324 1053 1477 1094 COTTA
1493 1085 1498 1091 .

151 1266 213 1305 In
234 1265 479 1317 superiori
494 1269 637 1317 parte
664 1265 860 1306 ultimae
883 1266 1136 1317 pagellae,
1166 1265 1264 1306 alia
1293 1278 1439 1307 manu
1466 1267 1578 1307 haec
1602 1267 1715 1307 scri-

71 1341 154 1388 pta
175 1337 435 1389 leguntur:
456 1337 676 1378 Coimbra
697 1338 722 1378 2
745 1338 800 1378 de
822 1338 1013 1389 henero,
1042 1338 1157 1378 1553.
1183 1338 1333 1389 Quad.

787 1694 1002 1748 CXCII

139 1929 359 1967 Robertus
381 1929 690 1978 Clayssonius‚

185 1993 254 2031 Ex
274 1995 595 2033 commissione
616 1996 760 2034 Patris
780 1996 1007 2034 Paschasii
1032 1998 1182 2043 Broet,

234 2060 356 2098 Patri
374 2061 544 2107 Ignatio
566 2061 618 2099 de
638 2062 824 2110 Loyola.

280 2126 481 2172 Parisiis,
503 2127 525 2164 2
542 2127 743 2173 januarii
765 2128 856 2165 1553
875 2129 900 2164 ¹.

148 2317 248 2375 Pzix
268 2335 458 2376 Domini
479 2336 567 2377 Dei
586 2338 737 2377 nostri
767 2338 870 2378 Iesu
892 2338 1067 2379 Christi
1089 2338 1298 2390 perfecta
1315 2349 1401 2378 nos
1424 2337 1563 2377 donet
1582 2336 1715 2376 liber-

68 2412 178 2447 tate.
203 2407 371 2447 Amen.

148 2477 249 2518 R.de
274 2479 320 2518 in
341 2478 424 2519 X.O
445 2478 495 2518 P.
520 2479 548 2520 ‘·’.

149 2549 518 2601 Quadrimestris
553 2552 693 2603 spatii
726 2553 955 2593 transacti
991 2565 1040 2593 se
1076 2552 1280 2593 offerens
1307 2552 1533 2592 memoria
1564 2551 1713 2590 nostri

69 2619 229 2672 officii,
268 2620 542 2662 Reverende
563 2622 611 2662 in
642 2622 828 2663 Christo
858 2623 1012 2675 Pater,
1045 2636 1131 2665 nos
1162 2622 1520 2664 commonefacit
1551 2628 1620 2673 ut,
1655 2634 1715 2662 ex

121 2782 130 2803 ¹
173 2784 404 2818 Autographa
420 2783 453 2811 in
468 2784 524 2812 fol.
539 2785 672 2819 duplici,
688 2793 741 2812 nn.
757 2785 808 2812 132
822 2789 855 2812 et
872 2785 1077 2813 133.-P1ura
1093 2790 1170 2813 sunt
1186 2786 1219 2813 in
1235 2785 1450 2820 autographo
1466 2784 1574 2818 lineis,
1590 2789 1627 2812 ut
1642 2793 1711 2813 mo-

68 2831 116 2858 ris
131 2836 217 2863 erat,
233 2839 272 2858 ne
289 2840 308 2859 a
324 2833 474 2859 librariis
490 2832 777 2868 exscriberentur,
795 2835 929 2868 clausa;
947 2835 1015 2861 alia
1033 2834 1131 2860 lineis
1147 2834 1302 2860 obductis
1317 2834 1447 2865 deleta;
1465 2841 1591 2867 pauca,
1607 2838 1643 2860 ut
1659 2833 1715 2860 de—

66 2879 213 2907 letorum
228 2880 301 2907 loco
318 2881 619 2913 substituerentur,
642 2880 771 2908 addita.
794 2881 872 2911 Nos.
894 2889 1022 2908 morem
1045 2887 1197 2908 nostrum
1218 2886 1409 2915 sequentes,
1425 2881 1562 2908 litteras
1576 2886 1675 2915 prout
1693 2889 1712 2908 a

68 2926 268 2962 Clayssonio
284 2928 459 2955 confectae
476 2928 622 2961 fuerunt,
640 2928 882 2956 exscribemus.
899 2928 934 2956 Id
950 2933 1066 2956 autem
1089 2929 1166 2956 novi
1192 2929 1225 2955 in
1248 2929 1300 2955 his
1317 2929 1609 2956 emendationibus
1626 2937 1714 2956 nunc

67 2974 212 3007 primum
227 2975 426 3009 reperimus,
440 2975 601 3002 videlicet
617 2976 852 3003 emendantem
868 2984 1004 3004 manum
1022 2984 1086 3004 non
1102 2984 1176 3003 esse
1189 2998 1195 3010 ‚
1211 2980 1248 3003 ut
1264 2976 1297 3003 in
1313 2977 1389 3003 aliis
1404 2984 1538 3010 semper
1554 2977 1634 3009 fere,
1652 2976 1714 3004 Po-

66 3022 166 3056 lanci,
183 3023 242 3049 sed
257 3026 352 3050 certo
368 3023 579 3055 flandi-icam,
596 3027 641 3055 et,
657 3027 693 3050 ut
709 3024 806 3050 nobis
820 3023 971 3057 videtur,
986 3024 1154 3051 Bernardi
1171 3024 1324 3052 Oliverii.

120 3069 134 3088 ²
171 3069 266 3098 Haec
280 3071 388 3098 verba
404 3071 480 3099 Rste
497 3071 533 3097 in
549 3071 606 3098 Χ.ο
624 3070 662 3098 P.
680 3072 747 3098 alia
763 3079 783 3098 a
800 3070 991 3107 Clayssonii
1008 3079 1114 3099 manu
1130 3071 1249 3099 addita
1265 3076 1353 3099 sunt.

260 3131 308 3166 T.
338 3143 363 3166 ιι

1456 3142 1475 3176 x]
