2080 3392
829 215 912 253 AN.
944 216 1039 253 1553
1679 215 1745 252 261

831 666 1033 722 CCXX

183 910 230 948 Ρ.
251 910 576 947 Maximilianus
598 908 780 957 Capella

230 975 352 1013 Patri
370 975 540 1022 Ignatio
560 975 614 1012 de
633 974 819 1022 Loyola.

276 1041 534 1090 Methymna
554 1040 731 1087 Campi,
752 1040 774 1077 2
793 1040 896 1088 Maji
918 1040 1011 1077 1553
1033 1040 1055 1076 ¹.

883 1279 982 1355 nis

191 1524 460 1565 Admodum
480 1524 580 1564 Rfst
608 1524 654 1564 in
677 1523 864 1565 Christo
882 1529 1029 1575 pater.

193 1596 356 1637 Gratia
379 1602 424 1636 et
450 1608 545 1648 pax
566 1595 659 1636 dni.
682 1595 769 1636 nri.
793 1596 897 1636 Iesu
928 1594 1102 1636 Christi
1129 1601 1173 1635 et
1201 1594 1565 1634 communicatio
1596 1591 1759 1633 Sancti

115 1667 314 1721 Spiritus
337 1679 521 1720 semper
541 1667 600 1708 sit
621 1667 879 1708 nobiscum.
903 1666 1071 1707 Amen.

191 1740 288 1780 Iam
325 1746 509 1791 tempus
554 1739 687 1779 adest
728 1744 777 1779 ut
816 1738 1094 1790 paternitati
1129 1744 1237 1778 tuae
1287 1736 1483 1777 reddam
1528 1736 1756 1776 rationem

114 1823 287 1861 eorum,
329 1823 449 1863 quae
483 1810 573 1850 hoc
610 1810 946 1862 quadrimestri
981 1809 1207 1861 temporis
1243 1809 1493 1848 intervallo
1526 1807 1758 1858 benignus

113 1882 340 1923 Dominus
361 1894 445 1934 per
466 1883 682 1922 servulos
704 1893 814 1922 suos
836 1881 1058 1932 dignatus
1080 1887 1149 1921 est
1171 1880 1373 1932 operari.

193 1953 433 2006 Cogitanti
472 1960 629 1993 autem
669 1953 791 1993 unde
825 1952 1124 2004 potissimum
1166 1951 1405 1999 exordiar,
1441 1950 1670 2002 imprimis
1708 1962 1757 1990 se

118 2025 230 2065 mihi
251 2024 387 2065 offert
414 2036 541 2065 nova
563 2024 795 2076 quaedam
817 2030 862 2063 et
890 2021 1167 2063 admiranda
1196 2022 1323 2062 vitae
1352 2021 1612 2062 immutatio
1641 2021 1758 2061 civis

118 2096 363 2136 cuiusdam
383 2095 519 2135 huius
549 2094 727 2147 oppidi,
756 2094 847 2134 viri
874 2093 1063 2145 generis
1088 2094 1329 2133 nobilitate
1357 2093 1492 2143 clari,
1518 2093 1686 2132 aetatis
1706 2092 1759 2131 43

116 2179 359 2218 annorum,
386 2167 517 2207 cuius
539 2166 598 2206 ad
614 2166 767 2206 Deum
785 2165 1034 2206 conversio
1051 2176 1199 2216 usque
1218 2164 1336 2204 adeo
1355 2164 1596 2215 inopinata
1614 2164 1757 2203 omni-

113 2238 197 2278 bus
218 2238 369 2279 extitit
389 2244 438 2278 ut
455 2238 612 2278 multis
630 2237 807 2277 tamdiu
826 2236 1112 2276 incredibilis
1128 2235 1395 2284 haberetur,
1415 2235 1563 2276 donec
1579 2246 1755 2284 rumor,

118 2310 260 2349 celari
279 2310 483 2360 nescius,
506 2321 589 2361 per
616 2314 765 2348 totam
794 2307 957 2348 urbem
979 2308 1236 2359 dispersus,
1261 2307 1439 2347 nullum
1461 2305 1757 2356 ambiguitati

115 2380 265 2421 locum
299 2381 611 2432 relinqueret:
645 2392 731 2420 nec
762 2380 932 2419 mirum
952 2378 1187 2430 profecto;
1227 2390 1370 2430 quum
1404 2378 1527 2418 enim
1562 2377 1636 2417 vir
1670 2377 1758 2417 iste

116 2463 250 2492 sacro
284 2452 649 2492 subdiaconatus
681 2451 844 2490 ordine
875 2450 1086 2490 initiatus
1122 2456 1265 2500 esset,
1304 2450 1533 2489 canonica
1567 2448 1759 2499 insuper

118 2522 343 2573 dignitate
360 2523 407 2563 in
423 2523 623 2563 ecclesia
639 2522 933 2563 Salmantina
950 2522 1217 2571 decoratus,
1237 2533 1344 2561 cum
1357 2532 1530 2571 magno
1549 2520 1760 2559 omnium

119 2593 395 2634 offendiculo
418 2600 462 2634 et
482 2595 622 2645 gravi
644 2594 908 2634 animarum
930 2593 1129 2639 iactura,
1152 2592 1447 2644 permutatis,
1469 2597 1564 2641 aut,
1588 2599 1637 2631 ut
1659 2602 1757 2630 cre-

117 2663 251 2716 ditur,
274 2664 528 2705 divenditis
549 2665 684 2705 bonis
705 2664 1053 2714 ecclesiasticis,
1074 2664 1159 2703 sub
1180 2663 1342 2703 habitu
1363 2662 1484 2702 laico
1515 2662 1663 2702 vitam
1684 2662 1756 2701 de-

115 2735 253 2784 gebat
272 2736 740 2787 perniciosissimam,
765 2747 851 2775 nec
878 2735 926 2776 id
953 2736 1187 2775 occultum
1215 2740 1339 2784 erat,
1364 2732 1444 2773 sed
1474 2733 1559 2773 toti
1587 2732 1758 2784 oppido

172 2896 182 2915 ¹
223 2896 483 2931 Autographae,
499 2904 575 2924 cum
590 2897 759 2924 nonnullis
775 2896 1068 2924 emendationibus
1084 2896 1119 2922 P.
1138 2895 1289 2929 Polanci,
1314 2895 1438 2929 duplici
1454 2894 1545 2928 folio,
1561 2894 1622 2921 sub
1637 2901 1691 2920 nn.
1707 2893 1762 2919 449

118 2946 151 2969 et
171 2943 349 2971 affl—Est
371 2949 405 2972 et
430 2945 689 2972 emendatarum
714 2945 912 2971 litterarum
935 2943 1187 2978 apographum,
1209 2943 1334 2977 duplici
1358 2943 1440 2970 item
1461 2943 1493 2969 in
1515 2942 1611 2974 folio,
1633 2949 1687 2968 nn.
1707 2942 1758 2968 401

118 2994 150 3016 et
164 2990 229 3018 462.
246 2992 394 3019 —Aliud
417 3000 482 3019 non
497 2996 574 3019 sunt
591 3000 692 3026 quam
707 2992 882 3019 latinitate
904 2992 1052 3018 donatae
1073 2991 1231 3025 litterae,
1254 2998 1339 3025 quas
1359 2991 1470 3018 altero
1492 2993 1569 3024 post
1591 2989 1643 3016 die
1668 2989 1762 3016 dedit

117 3036 157 3064 P.
174 3037 313 3066 Portillo
327 3046 480 3066 sermone
496 3040 651 3074 hispano,
667 3039 753 3066 Vide
770 3047 800 3066 n.
816 3046 926 3073 ccxxx,
942 3047 1019 3073 pag.
1033 3039 1095 3065 267.
1154 3069 1156 3071 .
