2080 3392
253 178 325 216 638
763 174 990 211 LITTERAE
1016 182 1372 215 QUADRIMESTRES

252 286 339 314 nus
361 272 572 321 delectis,
596 271 685 310 hac
707 269 1067 321 quadragesima
1089 268 1287 308 diversis
1309 268 1357 307 in
1380 267 1562 319 templis
1586 278 1721 307 sacro
1742 268 1875 308 verbi

254 343 400 384 divini
421 342 594 392 pabulo
615 340 855 380 famelicas
877 351 989 379 oves
1010 338 1344 379 refocillarunt.
1370 338 1547 389 Quibus
1569 338 1710 377 etiam
1737 338 1882 378 adfuit

255 414 473 464 frequens
494 411 608 451 satis
629 418 673 450 et
697 410 845 450 maior
867 421 1006 461 quam
1027 409 1331 461 sperabamus
1354 408 1618 448 auditorum
1645 420 1880 448 numerus.

256 484 378 525 Hinc
411 482 459 522 fit
490 488 538 522 ut
573 488 763 521 nostrae
796 479 1044 521 Societatis
1073 491 1232 520 rumor
1267 479 1642 530 existimatioque
1678 478 1882 529 quotidie

256 554 588 594 increbrescat.

338 624 459 675 Quid
479 635 592 663 vero
609 623 787 662 fructus
805 634 863 662 ex
879 622 1007 662 hisce
1025 621 1247 661 collectus
1261 620 1334 669 sit,
1355 619 1622 660 summatim
1638 619 1880 670 attingam.

257 694 377 735 Nam
397 695 596 746 primum
625 693 950 734 serenissimus
978 692 1080 732 Rex
1107 691 1440 741 Romanorum,
1474 689 1776 730 concionibus
1803 689 1883 729 Pa-

258 766 342 806 tris
362 765 510 805 nostri
533 764 708 805 Canisii
736 764 905 804 mirum
925 764 972 803 in
998 762 1188 803 modum
1219 762 1464 811 excitatus,
1488 761 1886 801 vehementiorem

259 849 307 876 se
329 837 500 876 habere
518 835 736 875 affectum
754 835 814 874 ad
832 833 1208 874 conservandam
1226 833 1273 872 in
1290 833 1386 873 suis
1403 832 1672 883 regionibus
1688 831 1885 882 relligio-

258 919 365 947 nem
386 907 698 947 orthodoxam
720 906 942 946 declarat.
966 904 1100 953 Nam,
1120 910 1305 955 praeter
1327 903 1418 943 alia
1439 904 1582 942 multa
1603 902 1884 953 testimonia,

260 979 392 1018 nobis
419 978 555 1017 huius
585 978 653 1017 rei
682 977 819 1016 fidem
845 976 957 1016 facit
984 976 1112 1027 pium
1132 975 1254 1014 illius
1282 979 1326 1013 et
1355 980 1568 1013 sanctum
1590 972 1884 1023 desiderium,

260 1061 351 1100 quo
374 1048 429 1088 D.
458 1048 696 1088 Canisium
718 1047 840 1087 serio
873 1045 1229 1086 commonefecit
1258 1051 1307 1084 ut
1334 1045 1466 1085 brevi
1497 1044 1740 1084 doctrinae
1768 1043 1886 1083 chri-

258 1120 440 1159 stianae
471 1119 704 1170 epitomen
732 1118 1050 1167 concinnaret,
1081 1128 1199 1168 quae
1227 1116 1397 1166 pueris,
1427 1127 1520 1154 non
1549 1115 1698 1154 solum
1725 1115 1772 1154 in
1798 1115 1888 1153 hac

260 1191 467 1240 civitate,
490 1201 656 1229 verum
677 1190 817 1229 etiam
838 1189 885 1228 in
912 1188 1014 1227 aliis
1037 1198 1148 1227 suae
1179 1186 1413 1227 Maiestati
1441 1186 1683 1235 subiectiS,
1713 1185 1886 1236 praele-

260 1266 462 1312 geretur.
486 1260 612 1300 Idem
635 1260 786 1300 edicto
807 1259 990 1310 publico
1013 1269 1092 1298 eos
1109 1257 1402 1307 exterminat,
1423 1257 1501 1308 qui
1519 1256 1693 1307 passim
1713 1255 1760 1295 in
1776 1267 1888 1295 suae

260 1332 450 1372 ditionis
476 1331 744 1381 regionibus
773 1334 1077 1381 praesumunt
1108 1329 1192 1368 sub
1222 1333 1420 1379 utraque
1447 1327 1601 1378 specie
1632 1326 1793 1366 altaris
1819 1337 1888 1365 sa-

260 1408 552 1443 cramentum
574 1402 825 1452 suscipere.

343 1473 672 1513 Confitentium
694 1478 737 1511 et
759 1470 1204 1511 communicantium
1224 1480 1447 1509 numerus
1467 1469 1605 1519 longe
1633 1468 1782 1508 maior
1802 1466 1889 1507 fuit

263 1544 350 1584 hac
373 1543 735 1595 quadragesima
757 1553 897 1593 quam
925 1547 1077 1591 antea,
1108 1540 1387 1592 praesertim
1416 1550 1749 1589 germanorum
1785 1549 1891 1577 cum

261 1615 467 1664 flandris,
493 1614 658 1665 quibus
680 1612 775 1652 RR.
809 1612 895 1652 PP.
929 1611 1144 1652 Canisius
1171 1617 1215 1650 et
1244 1610 1466 1650 Godanus
1496 1622 1544 1649 se
1575 1609 1891 1649 confessarios

261 1686 591 1737 praebuerunt,
627 1696 722 1723 non
755 1683 854 1723 sine
888 1683 1072 1723 illorum
1108 1693 1281 1733 magna
1315 1687 1413 1721 tum
1444 1681 1750 1720 instructione
1790 1686 1886 1719 tum

261 1755 596 1795 aedificatione.
611 1755 741 1794 Haec
757 1765 831 1793 res
843 1765 935 1793 non
951 1764 1118 1804 parum
1128 1764 1213 1793 nos
1226 1763 1416 1803 sperare
1433 1751 1545 1791 facit
1562 1757 1610 1791 ut
1628 1751 1805 1790 isthaec
1819 1761 1887 1790 sa-

260 1826 511 1866 luberrima
534 1824 821 1866 consuetudo
845 1823 1114 1872 confitendi,
1140 1835 1258 1875 quae
1279 1823 1389 1873 fere,
1414 1823 1532 1874 proh
1554 1822 1722 1871 dolorl,
1745 1821 1820 1861 hic
1841 1821 1888 1861 in

260 1897 611 1936 desuetudinem
633 1896 776 1946 venit,
801 1895 990 1935 tandem
1008 1899 1274 1934 renovetur.
1294 1893 1413 1933 Nam
1431 1893 1612 1932 etiamsi
1629 1892 1761 1932 multi
1777 1891 1891 1932 satis

260 1978 466 2006 annuum
487 1966 796 2006 confessionis
816 1977 951 2005 usum
968 1977 1060 2005 non
1079 1964 1348 2014 abiecerint,
1369 1975 1422 2003 eo
1440 1969 1596 2003 tamen
1613 1974 1773 2003 omnes
1790 1962 1887 2002 fere

261 2038 477 2077 laborant
498 2037 636 2087 vitio,
662 2043 710 2076 ut
733 2042 831 2076 tum
851 2047 900 2075 se
921 2036 996 2087 pio
1018 2035 1125 2075 huic
1148 2034 1298 2075 officio
1329 2033 1612 2074 satisfecisse
1639 2038 1821 2084 putent,
1854 2032 1892 2072 si

261 2108 523 2158 generatim
544 2114 587 2147 et
604 2119 697 2146 non
719 2106 964 2158 speciatim
986 2117 1069 2145 sua
1090 2111 1285 2156 peccata
1310 2103 1545 2144 sacerdoti
1565 2104 1787 2154 detegant
1810 2115 1891 2143 seu

263 2180 415 2230 potius
455 2184 728 2228 contegant,
774 2189 973 2229 quorum
999 2182 1096 2216 tam
1129 2171 1345 2226 gravem*
1366 2186 1599 2215 errrorem
1638 2175 1817 2214 utinam
1848 2185 1892 2214 et

262 2250 350 2301 ipsi
366 2256 579 2300 pastores
599 2261 692 2288 non
716 2248 1081 2297 dissimularent3
1106 2246 1186 2286 sed
1215 2258 1319 2286 cum
1341 2246 1469 2286 coeci
1498 2257 1667 2285 coecos
1696 2244 1887 2295 ducunt,

265 2321 312 2360 fit
333 2327 382 2360 ut
403 2321 538 2360 ambo
560 2320 606 2359 in
626 2320 815 2359 foveam
837 2319 1022 2359 cadant.
1045 2318 1175 2358 Italis
1203 2329 1316 2357 vero
1339 2323 1382 2357 et
1410 2316 1620 2367 hispanis
1654 2328 1709 2356 ac
1739 2316 1889 2367 gallis,

264 2391 343 2442 qui
382 2391 566 2442 plurimi
608 2391 666 2430 ad
701 2402 786 2430 nos
821 2389 1069 2430 confitendi
1113 2389 1266 2439 gratia
1303 2393 1624 2437 accesserunt,
1667 2386 1893 2426 satisfecit

266 2461 317 2500 R.
342 2461 389 2500 P.
414 2462 572 2511 Lanoy
602 2460 626 2511 ยน,
654 2472 852 2512 quorum
874 2461 1014 2500 etiam
1036 2460 1191 2499 multis
1213 2470 1399 2498 sacram
1419 2457 1651 2498 distribuit
1674 2457 1891 2508 synaxim

266 2543 438 2582 magna
460 2543 565 2571 cum
585 2532 791 2572 omnium
808 2531 1144 2571 aedificatione.

344 2602 581 2642 Hactenus
617 2602 672 2642 de
708 2602 1008 2642 concionibus
1035 2607 1079 2641 et
1107 2613 1267 2641 earum
1301 2600 1542 2640 fructibus.
1575 2598 1707 2638 Nunc
1742 2609 1893 2649 pauca

263 2673 460 2712 dicenda
495 2674 689 2713 veniunt
726 2673 781 2712 de
817 2673 919 2713 aliis
952 2672 1140 2724 pietatis
1176 2671 1349 2712 officiis
1387 2670 1491 2710 Non
1522 2681 1629 2709 raro
1666 2669 1788 2708 enim
1823 2680 1890 2707 so-

267 2744 360 2782 lent
394 2744 541 2783 nostri
578 2744 899 2783 incarceratos
934 2743 1157 2793 invisere,
1198 2753 1369 2793 eosque
1404 2739 1654 2780 salutiferis
1688 2738 1891 2778 admoni-

267 2814 468 2852 tionibus
485 2814 731 2864 consolari,
753 2820 796 2854 et
815 2814 872 2853 ab
889 2813 1140 2864 erroribus,
1159 2813 1324 2864 quibus
1340 2811 1436 2851 fere
1454 2812 1624 2861 vulgus
1642 2809 1894 2849 obnoxium

325 2970 334 2989 ยน
376 2970 409 2996 P.
428 2970 585 2997 Nicolaus
599 2971 729 3005 Lanoy,
744 2970 948 2998 Viennensis
964 2970 1105 3004 Collegii
1120 2970 1256 2997 Rector.
