<?xml version="1.0" encoding="UTF-8"?>
<!DOCTYPE html PUBLIC "-//W3C//DTD XHTML 1.0 Transitional//EN"
    "http://www.w3.org/TR/xhtml1/DTD/xhtml1-transitional.dtd">
<html xmlns="http://www.w3.org/1999/xhtml" xml:lang="en" lang="en">
 <head>
  <title>
</title>
<meta http-equiv="Content-Type" content="text/html;charset=utf-8" />
  <meta name='ocr-system' content='tesseract 3.04.00' />
  <meta name='ocr-capabilities' content='ocr_page ocr_carea ocr_par ocr_line ocrx_word'/>
</head>
<body>
  <div class='ocr_page' id='page_1' title='image "./litteraequadrime14lain_0119.png"; bbox 0 0 2080 3392; ppageno 0'>
   <div class='ocr_carea' id='block_1_1' title="bbox 769 211 1697 251">
    <p class='ocr_par' dir='ltr' id='par_1_1' title="bbox 769 211 1697 251">
     <span class='ocr_line' id='line_1_1' title="bbox 769 211 1697 251; baseline 0.004 -6"><span class='ocrx_word' id='word_1_1' title='bbox 769 211 853 246; x_wconf 83' lang='lat' dir='ltr'>AN.</span> <span class='ocrx_word' id='word_1_2' title='bbox 884 211 975 248; x_wconf 74' lang='lat'>1553</span> <span class='ocrx_word' id='word_1_3' title='bbox 1629 215 1697 251; x_wconf 64' lang='lat'>115</span> 
     </span>
    </p>
   </div>
   <div class='ocr_carea' id='block_1_2' title="bbox 52 305 1747 2785">
    <p class='ocr_par' dir='ltr' id='par_1_2' title="bbox 54 305 1747 1703">
     <span class='ocr_line' id='line_1_2' title="bbox 60 305 1694 358; baseline 0.003 -12"><span class='ocrx_word' id='word_1_4' title='bbox 60 305 371 346; x_wconf 91' lang='lat' dir='ltr'>sacrificasset</span> <span class='ocrx_word' id='word_1_5' title='bbox 394 306 456 356; x_wconf 91' lang='lat' dir='ltr'>(in</span> <span class='ocrx_word' id='word_1_6' title='bbox 475 318 566 358; x_wconf 93' lang='lat' dir='ltr'>quo</span> <span class='ocrx_word' id='word_1_7' title='bbox 583 318 721 347; x_wconf 90' lang='lat' dir='ltr'>sacro</span> <span class='ocrx_word' id='word_1_8' title='bbox 739 309 908 348; x_wconf 90' lang='lat' dir='ltr'>multos</span> <span class='ocrx_word' id='word_1_9' title='bbox 926 309 1089 350; x_wconf 87' lang='lat' dir='ltr'>habuit</span> <span class='ocrx_word' id='word_1_10' title='bbox 1108 310 1509 351; x_wconf 75' lang='lat' dir='ltr'>communicantes</span> <span class='ocrx_word' id='word_1_11' title='bbox 1527 312 1694 352; x_wconf 84' lang='lat' dir='ltr'>utrius—</span> 
     </span>
     <span class='ocr_line' id='line_1_3' title="bbox 57 376 1694 434; baseline 0.004 -17"><span class='ocrx_word' id='word_1_12' title='bbox 57 389 145 429; x_wconf 98' lang='lat' dir='ltr'>que</span> <span class='ocrx_word' id='word_1_13' title='bbox 172 388 313 416; x_wconf 83' lang='lat' dir='ltr'>sexus</span> <span class='ocrx_word' id='word_1_14' title='bbox 341 376 597 428; x_wconf 90' lang='lat' dir='ltr'>homines),</span> <span class='ocrx_word' id='word_1_15' title='bbox 627 378 785 419; x_wconf 90' lang='lat' dir='ltr'>statim</span> <span class='ocrx_word' id='word_1_16' title='bbox 813 390 1033 430; x_wconf 89' lang='lat' dir='ltr'>egressus</span> <span class='ocrx_word' id='word_1_17' title='bbox 1070 392 1093 420; x_wconf 94' lang='lat' dir='ltr'>e</span> <span class='ocrx_word' id='word_1_18' title='bbox 1124 382 1298 433; x_wconf 92' lang='lat' dir='ltr'>templo</span> <span class='ocrx_word' id='word_1_19' title='bbox 1335 393 1524 422; x_wconf 90' lang='lat' dir='ltr'>currum</span> <span class='ocrx_word' id='word_1_20' title='bbox 1557 395 1694 434; x_wconf 78' lang='lat' dir='ltr'>expe-</span> 
     </span>
     <span class='ocr_line' id='line_1_4' title="bbox 57 448 1696 502; baseline 0.005 -16"><span class='ocrx_word' id='word_1_21' title='bbox 57 453 260 487; x_wconf 89' lang='lat' dir='ltr'>ctantem</span> <span class='ocrx_word' id='word_1_22' title='bbox 281 448 474 499; x_wconf 85' lang='lat' dir='ltr'>invenit,</span> <span class='ocrx_word' id='word_1_23' title='bbox 498 457 548 488; x_wconf 94' lang='lat' dir='ltr'>ut</span> <span class='ocrx_word' id='word_1_24' title='bbox 569 449 615 489; x_wconf 90' lang='lat' dir='ltr'>in</span> <span class='ocrx_word' id='word_1_25' title='bbox 637 461 813 501; x_wconf 89' lang='lat' dir='ltr'>pagum</span> <span class='ocrx_word' id='word_1_26' title='bbox 834 451 1083 502; x_wconf 78' lang='lat' dir='ltr'>quemdam</span> <span class='ocrx_word' id='word_1_27' title='bbox 1105 459 1150 492; x_wconf 90' lang='lat' dir='ltr'>et</span> <span class='ocrx_word' id='word_1_28' title='bbox 1169 452 1262 492; x_wconf 90' lang='lat' dir='ltr'>illic</span> <span class='ocrx_word' id='word_1_29' title='bbox 1279 452 1631 493; x_wconf 88' lang='lat' dir='ltr'>sacrificaturus</span> <span class='ocrx_word' id='word_1_30' title='bbox 1650 461 1696 494; x_wconf 90' lang='lat' dir='ltr'>et</span> 
     </span>
     <span class='ocr_line' id='line_1_5' title="bbox 58 519 1695 565; baseline 0.005 -8"><span class='ocrx_word' id='word_1_31' title='bbox 58 519 421 559; x_wconf 87' lang='lat' dir='ltr'>concionaturus</span> <span class='ocrx_word' id='word_1_32' title='bbox 442 531 544 559; x_wconf 88' lang='lat' dir='ltr'>sese</span> <span class='ocrx_word' id='word_1_33' title='bbox 567 520 815 561; x_wconf 84' lang='lat' dir='ltr'>conferret.</span> <span class='ocrx_word' id='word_1_34' title='bbox 848 521 965 562; x_wconf 88' lang='lat' dir='ltr'>Cum</span> <span class='ocrx_word' id='word_1_35' title='bbox 996 523 1119 562; x_wconf 90' lang='lat' dir='ltr'>enim</span> <span class='ocrx_word' id='word_1_36' title='bbox 1146 524 1302 563; x_wconf 87' lang='lat' dir='ltr'>multis</span> <span class='ocrx_word' id='word_1_37' title='bbox 1331 524 1501 564; x_wconf 80' lang='lat' dir='ltr'>abhinc</span> <span class='ocrx_word' id='word_1_38' title='bbox 1529 525 1695 565; x_wconf 91' lang='lat' dir='ltr'>mensi-</span> 
     </span>
     <span class='ocr_line' id='line_1_6' title="bbox 57 590 1695 645; baseline 0.005 -17"><span class='ocrx_word' id='word_1_39' title='bbox 57 590 141 629; x_wconf 91' lang='lat' dir='ltr'>bus</span> <span class='ocrx_word' id='word_1_40' title='bbox 160 590 337 629; x_wconf 91' lang='lat' dir='ltr'>nullum</span> <span class='ocrx_word' id='word_1_41' title='bbox 359 590 452 630; x_wconf 91' lang='lat' dir='ltr'>illic</span> <span class='ocrx_word' id='word_1_42' title='bbox 474 590 720 632; x_wconf 78' lang='lat' dir='ltr'>Pastorem</span> <span class='ocrx_word' id='word_1_43' title='bbox 741 593 1029 643; x_wconf 79' lang='lat' dir='ltr'>habuissent,</span> <span class='ocrx_word' id='word_1_44' title='bbox 1060 594 1195 634; x_wconf 82' lang='lat' dir='ltr'>enixe</span> <span class='ocrx_word' id='word_1_45' title='bbox 1223 602 1453 645; x_wconf 81' lang='lat' dir='ltr'>rogarunt</span> <span class='ocrx_word' id='word_1_46' title='bbox 1484 603 1534 635; x_wconf 89' lang='lat' dir='ltr'>ut</span> <span class='ocrx_word' id='word_1_47' title='bbox 1563 608 1587 636; x_wconf 91' lang='lat' dir='ltr'>e</span> <span class='ocrx_word' id='word_1_48' title='bbox 1617 608 1695 636; x_wconf 92' lang='lat' dir='ltr'>no-</span> 
     </span>
     <span class='ocr_line' id='line_1_7' title="bbox 58 661 1695 713; baseline 0.004 -13"><span class='ocrx_word' id='word_1_49' title='bbox 58 661 165 701; x_wconf 88' lang='lat' dir='ltr'>stris</span> <span class='ocrx_word' id='word_1_50' title='bbox 199 661 402 713; x_wconf 87' lang='lat' dir='ltr'>aliquem</span> <span class='ocrx_word' id='word_1_51' title='bbox 428 674 511 713; x_wconf 89' lang='lat' dir='ltr'>per</span> <span class='ocrx_word' id='word_1_52' title='bbox 538 662 787 703; x_wconf 89' lang='lat' dir='ltr'>Natalitias</span> <span class='ocrx_word' id='word_1_53' title='bbox 816 664 991 704; x_wconf 84' lang='lat' dir='ltr'>Christi</span> <span class='ocrx_word' id='word_1_54' title='bbox 1018 664 1160 704; x_wconf 87' lang='lat' dir='ltr'>ferias</span> <span class='ocrx_word' id='word_1_55' title='bbox 1188 667 1291 705; x_wconf 92' lang='lat' dir='ltr'>loco</span> <span class='ocrx_word' id='word_1_56' title='bbox 1322 666 1530 707; x_wconf 85' lang='lat' dir='ltr'>Pastoris</span> <span class='ocrx_word' id='word_1_57' title='bbox 1558 667 1695 707; x_wconf 89' lang='lat' dir='ltr'>habe-</span> 
     </span>
     <span class='ocr_line' id='line_1_8' title="bbox 58 732 1747 789; baseline 0.004 -17"><span class='ocrx_word' id='word_1_58' title='bbox 58 738 173 772; x_wconf 87' lang='lat' dir='ltr'>rent.</span> <span class='ocrx_word' id='word_1_59' title='bbox 197 732 298 783; x_wconf 84' lang='lat' dir='ltr'>Quo</span> <span class='ocrx_word' id='word_1_60' title='bbox 321 733 367 772; x_wconf 91' lang='lat' dir='ltr'>in</span> <span class='ocrx_word' id='word_1_61' title='bbox 390 734 493 773; x_wconf 92' lang='lat' dir='ltr'>loco</span> <span class='ocrx_word' id='word_1_62' title='bbox 511 735 632 774; x_wconf 90' lang='lat' dir='ltr'>laete</span> <span class='ocrx_word' id='word_1_63' title='bbox 654 735 840 786; x_wconf 91' lang='lat' dir='ltr'>quidem</span> <span class='ocrx_word' id='word_1_64' title='bbox 875 742 1096 787; x_wconf 85' lang='lat' dir='ltr'>acceptus</span> <span class='ocrx_word' id='word_1_65' title='bbox 1126 743 1170 775; x_wconf 88' lang='lat' dir='ltr'>et</span> <span class='ocrx_word' id='word_1_66' title='bbox 1198 743 1409 777; x_wconf 83' lang='lat' dir='ltr'>retentus</span> <span class='ocrx_word' id='word_1_67' title='bbox 1439 746 1509 778; x_wconf 88' lang='lat' dir='ltr'>est</span> <span class='ocrx_word' id='word_1_68' title='bbox 1538 739 1694 789; x_wconf 90' lang='lat' dir='ltr'>Pater,</span> <span class='ocrx_word' id='word_1_69' title='bbox 1744 758 1747 760; x_wconf 40' lang='lat'><em>*</em></span> 
     </span>
     <span class='ocr_line' id='line_1_9' title="bbox 56 805 1694 858; baseline 0.004 -16"><span class='ocrx_word' id='word_1_70' title='bbox 56 814 369 855; x_wconf 86' lang='lat' dir='ltr'>magnamque</span> <span class='ocrx_word' id='word_1_71' title='bbox 390 805 476 844; x_wconf 88' lang='lat' dir='ltr'>sibi</span> <span class='ocrx_word' id='word_1_72' title='bbox 500 817 701 845; x_wconf 90' lang='lat' dir='ltr'>messem</span> <span class='ocrx_word' id='word_1_73' title='bbox 724 807 966 858; x_wconf 88' lang='lat' dir='ltr'>comperit,</span> <span class='ocrx_word' id='word_1_74' title='bbox 991 814 1089 847; x_wconf 88' lang='lat' dir='ltr'>tum</span> <span class='ocrx_word' id='word_1_75' title='bbox 1112 807 1158 847; x_wconf 91' lang='lat' dir='ltr'>in</span> <span class='ocrx_word' id='word_1_76' title='bbox 1180 808 1431 848; x_wconf 81' lang='lat' dir='ltr'>visitandis</span> <span class='ocrx_word' id='word_1_77' title='bbox 1462 816 1506 848; x_wconf 89' lang='lat' dir='ltr'>et</span> <span class='ocrx_word' id='word_1_78' title='bbox 1529 821 1694 850; x_wconf 90' lang='lat' dir='ltr'>conso-</span> 
     </span>
     <span class='ocr_line' id='line_1_10' title="bbox 56 874 1698 929; baseline 0.004 -15"><span class='ocrx_word' id='word_1_79' title='bbox 56 874 205 915; x_wconf 84' lang='lat' dir='ltr'>landis</span> <span class='ocrx_word' id='word_1_80' title='bbox 233 875 427 916; x_wconf 87' lang='lat' dir='ltr'>infirmis</span> <span class='ocrx_word' id='word_1_81' title='bbox 458 878 675 928; x_wconf 82' lang='lat' dir='ltr'>&lt;quorum</span> <span class='ocrx_word' id='word_1_82' title='bbox 703 877 846 917; x_wconf 88' lang='lat' dir='ltr'>etiam</span> <span class='ocrx_word' id='word_1_83' title='bbox 874 877 1194 918; x_wconf 86' lang='lat' dir='ltr'>confessiones</span> <span class='ocrx_word' id='word_1_84' title='bbox 1223 879 1409 929; x_wconf 79' lang='lat' dir='ltr'>audire,</span> <span class='ocrx_word' id='word_1_85' title='bbox 1442 887 1485 919; x_wconf 92' lang='lat' dir='ltr'>et</span> <span class='ocrx_word' id='word_1_86' title='bbox 1515 880 1698 921; x_wconf 91' lang='lat' dir='ltr'>animas</span> 
     </span>
     <span class='ocr_line' id='line_1_11' title="bbox 56 946 1690 1001; baseline 0.003 -15"><span class='ocrx_word' id='word_1_87' title='bbox 56 946 303 987; x_wconf 90' lang='lat' dir='ltr'>Dominico</span> <span class='ocrx_word' id='word_1_88' title='bbox 327 959 525 999; x_wconf 90' lang='lat' dir='ltr'>corpore</span> <span class='ocrx_word' id='word_1_89' title='bbox 547 949 837 988; x_wconf 90' lang='lat' dir='ltr'>communire</span> <span class='ocrx_word' id='word_1_90' title='bbox 859 950 1076 999; x_wconf 84' lang='lat' dir='ltr'>curavit),</span> <span class='ocrx_word' id='word_1_91' title='bbox 1106 950 1279 1001; x_wconf 83' lang='lat' dir='ltr'>partim</span> <span class='ocrx_word' id='word_1_92' title='bbox 1307 950 1354 990; x_wconf 88' lang='lat' dir='ltr'>in</span> <span class='ocrx_word' id='word_1_93' title='bbox 1382 951 1596 990; x_wconf 86' lang='lat' dir='ltr'>docenda</span> <span class='ocrx_word' id='word_1_94' title='bbox 1627 952 1690 992; x_wconf 88' lang='lat' dir='ltr'>iu-</span> 
     </span>
     <span class='ocr_line' id='line_1_12' title="bbox 54 1020 1695 1071; baseline 0.002 -13"><span class='ocrx_word' id='word_1_95' title='bbox 54 1024 257 1068; x_wconf 85' lang='lat' dir='ltr'>ventute,</span> <span class='ocrx_word' id='word_1_96' title='bbox 284 1030 424 1070; x_wconf 90' lang='lat' dir='ltr'>quam</span> <span class='ocrx_word' id='word_1_97' title='bbox 445 1020 491 1059; x_wconf 88' lang='lat' dir='ltr'>in</span> <span class='ocrx_word' id='word_1_98' title='bbox 513 1021 686 1071; x_wconf 87' lang='lat' dir='ltr'>templo</span> <span class='ocrx_word' id='word_1_99' title='bbox 710 1021 980 1071; x_wconf 91' lang='lat' dir='ltr'>collegerat,</span> <span class='ocrx_word' id='word_1_100' title='bbox 1013 1028 1058 1061; x_wconf 91' lang='lat' dir='ltr'>et</span> <span class='ocrx_word' id='word_1_101' title='bbox 1085 1022 1129 1061; x_wconf 89' lang='lat' dir='ltr'>in</span> <span class='ocrx_word' id='word_1_102' title='bbox 1162 1022 1469 1062; x_wconf 80' lang='lat' dir='ltr'>admonendis</span> <span class='ocrx_word' id='word_1_103' title='bbox 1498 1023 1589 1062; x_wconf 91' lang='lat' dir='ltr'>illis</span> <span class='ocrx_word' id='word_1_104' title='bbox 1623 1035 1695 1063; x_wconf 91' lang='lat' dir='ltr'>ru-</span> 
     </span>
     <span class='ocr_line' id='line_1_13' title="bbox 56 1089 1698 1144; baseline 0.003 -15"><span class='ocrx_word' id='word_1_105' title='bbox 56 1089 199 1140; x_wconf 88' lang='lat' dir='ltr'>sticis,</span> <span class='ocrx_word' id='word_1_106' title='bbox 225 1101 340 1142; x_wconf 91' lang='lat' dir='ltr'>quos</span> <span class='ocrx_word' id='word_1_107' title='bbox 362 1091 589 1131; x_wconf 78' lang='lat' dir='ltr'>concione</span> <span class='ocrx_word' id='word_1_108' title='bbox 611 1091 886 1143; x_wconf 85' lang='lat' dir='ltr'>quotidiana</span> <span class='ocrx_word' id='word_1_109' title='bbox 909 1093 967 1132; x_wconf 90' lang='lat' dir='ltr'>ad</span> <span class='ocrx_word' id='word_1_110' title='bbox 998 1093 1221 1144; x_wconf 87' lang='lat' dir='ltr'>pietatem</span> <span class='ocrx_word' id='word_1_111' title='bbox 1247 1094 1603 1134; x_wconf 75' lang='lat' dir='ltr'>exhortabatur.</span> <span class='ocrx_word' id='word_1_112' title='bbox 1627 1094 1698 1134; x_wconf 87' lang='lat' dir='ltr'>In-</span> 
     </span>
     <span class='ocr_line' id='line_1_14' title="bbox 54 1162 1696 1216; baseline 0.002 -15"><span class='ocrx_word' id='word_1_113' title='bbox 54 1172 247 1213; x_wconf 83' lang='lat' dir='ltr'>gressus</span> <span class='ocrx_word' id='word_1_114' title='bbox 268 1162 457 1202; x_wconf 92' lang='lat' dir='ltr'>domum</span> <span class='ocrx_word' id='word_1_115' title='bbox 478 1162 746 1214; x_wconf 88' lang='lat' dir='ltr'>quamdam,</span> <span class='ocrx_word' id='word_1_116' title='bbox 770 1164 943 1215; x_wconf 92' lang='lat' dir='ltr'>reperit</span> <span class='ocrx_word' id='word_1_117' title='bbox 965 1164 1027 1203; x_wconf 91' lang='lat' dir='ltr'>ibi</span> <span class='ocrx_word' id='word_1_118' title='bbox 1048 1176 1220 1214; x_wconf 87' lang='lat' dir='ltr'>senem,</span> <span class='ocrx_word' id='word_1_119' title='bbox 1247 1177 1302 1204; x_wconf 82' lang='lat' dir='ltr'>ac</span> <span class='ocrx_word' id='word_1_120' title='bbox 1324 1177 1520 1216; x_wconf 88' lang='lat' dir='ltr'>prorsus</span> <span class='ocrx_word' id='word_1_121' title='bbox 1541 1166 1696 1206; x_wconf 88' lang='lat' dir='ltr'>decre-</span> 
     </span>
     <span class='ocr_line' id='line_1_15' title="bbox 55 1233 1698 1287; baseline 0.003 -15"><span class='ocrx_word' id='word_1_122' title='bbox 55 1233 202 1284; x_wconf 91' lang='lat' dir='ltr'>pitum</span> <span class='ocrx_word' id='word_1_123' title='bbox 222 1233 619 1284; x_wconf 88' lang='lat' dir='ltr'>nonagenarium,</span> <span class='ocrx_word' id='word_1_124' title='bbox 652 1234 729 1285; x_wconf 91' lang='lat' dir='ltr'>qui</span> <span class='ocrx_word' id='word_1_125' title='bbox 758 1241 802 1274; x_wconf 91' lang='lat' dir='ltr'>et</span> <span class='ocrx_word' id='word_1_126' title='bbox 832 1234 1089 1287; x_wconf 68' lang='lat' dir='ltr'>lachrymis</span> <span class='ocrx_word' id='word_1_127' title='bbox 1114 1242 1157 1275; x_wconf 90' lang='lat' dir='ltr'>et</span> <span class='ocrx_word' id='word_1_128' title='bbox 1186 1237 1398 1287; x_wconf 81' lang='lat' dir='ltr'>gestibus</span> <span class='ocrx_word' id='word_1_129' title='bbox 1425 1237 1698 1277; x_wconf 87' lang='lat' dir='ltr'>declarabat</span> 
     </span>
     <span class='ocr_line' id='line_1_16' title="bbox 56 1304 1697 1358; baseline 0.004 -15"><span class='ocrx_word' id='word_1_130' title='bbox 56 1304 169 1344; x_wconf 90' lang='lat' dir='ltr'>satis</span> <span class='ocrx_word' id='word_1_131' title='bbox 196 1316 337 1356; x_wconf 89' lang='lat' dir='ltr'>quam</span> <span class='ocrx_word' id='word_1_132' title='bbox 364 1312 503 1355; x_wconf 89' lang='lat' dir='ltr'>grata</span> <span class='ocrx_word' id='word_1_133' title='bbox 535 1305 623 1345; x_wconf 90' lang='lat' dir='ltr'>sibi</span> <span class='ocrx_word' id='word_1_134' title='bbox 653 1313 776 1346; x_wconf 90' lang='lat' dir='ltr'>esset</span> <span class='ocrx_word' id='word_1_135' title='bbox 805 1305 958 1346; x_wconf 84' lang='lat' dir='ltr'>Patris</span> <span class='ocrx_word' id='word_1_136' title='bbox 984 1307 1272 1358; x_wconf 88' lang='lat' dir='ltr'>praesentia,</span> <span class='ocrx_word' id='word_1_137' title='bbox 1306 1308 1362 1347; x_wconf 88' lang='lat' dir='ltr'>de</span> <span class='ocrx_word' id='word_1_138' title='bbox 1393 1309 1524 1348; x_wconf 86' lang='lat' dir='ltr'>cuius</span> <span class='ocrx_word' id='word_1_139' title='bbox 1556 1320 1697 1349; x_wconf 92' lang='lat' dir='ltr'>manu</span> 
     </span>
     <span class='ocr_line' id='line_1_17' title="bbox 55 1377 1697 1431; baseline 0.003 -16"><span class='ocrx_word' id='word_1_140' title='bbox 55 1381 212 1427; x_wconf 89' lang='lat' dir='ltr'>posset</span> <span class='ocrx_word' id='word_1_141' title='bbox 233 1387 420 1416; x_wconf 86' lang='lat' dir='ltr'>sacram</span> <span class='ocrx_word' id='word_1_142' title='bbox 441 1377 662 1428; x_wconf 81' lang='lat' dir='ltr'>synaxim</span> <span class='ocrx_word' id='word_1_143' title='bbox 689 1378 944 1429; x_wconf 88' lang='lat' dir='ltr'>suscipere.</span> <span class='ocrx_word' id='word_1_144' title='bbox 979 1377 1166 1418; x_wconf 89' lang='lat' dir='ltr'>Diutius</span> <span class='ocrx_word' id='word_1_145' title='bbox 1195 1379 1382 1431; x_wconf 90' lang='lat' dir='ltr'>quidem</span> <span class='ocrx_word' id='word_1_146' title='bbox 1410 1379 1522 1430; x_wconf 89' lang='lat' dir='ltr'>illic,</span> <span class='ocrx_word' id='word_1_147' title='bbox 1556 1392 1697 1431; x_wconf 91' lang='lat' dir='ltr'>quam</span> 
     </span>
     <span class='ocr_line' id='line_1_18' title="bbox 56 1447 1696 1510; baseline 0.003 -24"><span class='ocrx_word' id='word_1_148' title='bbox 56 1458 245 1487; x_wconf 88' lang='lat' dir='ltr'>manere</span> <span class='ocrx_word' id='word_1_149' title='bbox 268 1453 519 1498; x_wconf 88' lang='lat' dir='ltr'>statuerat,</span> <span class='ocrx_word' id='word_1_150' title='bbox 544 1447 758 1488; x_wconf 88' lang='lat' dir='ltr'>detentus</span> <span class='ocrx_word' id='word_1_151' title='bbox 779 1455 862 1488; x_wconf 91' lang='lat' dir='ltr'>est.</span> <span class='ocrx_word' id='word_1_152' title='bbox 887 1448 1064 1489; x_wconf 82' lang='lat' dir='ltr'>Abiens</span> <span class='ocrx_word' id='word_1_153' title='bbox 1095 1451 1378 1510; x_wconf 20' lang='lat' dir='ltr'>autem,vvix</span> <span class='ocrx_word' id='word_1_154' title='bbox 1407 1462 1487 1490; x_wconf 90' lang='lat' dir='ltr'>eos</span> <span class='ocrx_word' id='word_1_155' title='bbox 1515 1464 1696 1503; x_wconf 91' lang='lat' dir='ltr'>compe-</span> 
     </span>
     <span class='ocr_line' id='line_1_19' title="bbox 55 1519 1696 1573; baseline 0.004 -15"><span class='ocrx_word' id='word_1_156' title='bbox 55 1530 185 1558; x_wconf 88' lang='lat' dir='ltr'>scere</span> <span class='ocrx_word' id='word_1_157' title='bbox 206 1519 376 1570; x_wconf 89' lang='lat' dir='ltr'>potuit,</span> <span class='ocrx_word' id='word_1_158' title='bbox 410 1525 459 1559; x_wconf 89' lang='lat' dir='ltr'>ut</span> <span class='ocrx_word' id='word_1_159' title='bbox 486 1531 704 1568; x_wconf 87' lang='lat' dir='ltr'>munera,</span> <span class='ocrx_word' id='word_1_160' title='bbox 736 1532 855 1572; x_wconf 92' lang='lat' dir='ltr'>quae</span> <span class='ocrx_word' id='word_1_161' title='bbox 883 1521 1158 1571; x_wconf 86' lang='lat' dir='ltr'>offerebant,</span> <span class='ocrx_word' id='word_1_162' title='bbox 1191 1522 1277 1561; x_wconf 90' lang='lat' dir='ltr'>sibi</span> <span class='ocrx_word' id='word_1_163' title='bbox 1309 1523 1397 1573; x_wconf 88' lang='lat' dir='ltr'>ipsi</span> <span class='ocrx_word' id='word_1_164' title='bbox 1424 1523 1696 1564; x_wconf 88' lang='lat' dir='ltr'>retinerent:</span> 
     </span>
     <span class='ocr_line' id='line_1_20' title="bbox 55 1590 1694 1644; baseline 0.003 -15"><span class='ocrx_word' id='word_1_165' title='bbox 55 1590 340 1642; x_wconf 90' lang='lat' dir='ltr'>multumque</span> <span class='ocrx_word' id='word_1_166' title='bbox 361 1590 425 1630; x_wconf 91' lang='lat' dir='ltr'>illi</span> <span class='ocrx_word' id='word_1_167' title='bbox 445 1591 762 1642; x_wconf 88' lang='lat' dir='ltr'>promiserunt</span> <span class='ocrx_word' id='word_1_168' title='bbox 783 1593 1111 1644; x_wconf 83' lang='lat' dir='ltr'>pecuniarum,</span> <span class='ocrx_word' id='word_1_169' title='bbox 1146 1593 1183 1632; x_wconf 91' lang='lat' dir='ltr'>si</span> <span class='ocrx_word' id='word_1_170' title='bbox 1211 1593 1392 1633; x_wconf 79' lang='lat' dir='ltr'>festivis</span> <span class='ocrx_word' id='word_1_171' title='bbox 1424 1595 1577 1634; x_wconf 83' lang='lat' dir='ltr'>redire</span> <span class='ocrx_word' id='word_1_172' title='bbox 1605 1594 1694 1635; x_wconf 90' lang='lat' dir='ltr'>die-</span> 
     </span>
     <span class='ocr_line' id='line_1_21' title="bbox 54 1661 797 1703; baseline 0 -2"><span class='ocrx_word' id='word_1_173' title='bbox 54 1661 139 1702; x_wconf 89' lang='lat' dir='ltr'>bus</span> <span class='ocrx_word' id='word_1_174' title='bbox 163 1662 303 1702; x_wconf 84' lang='lat' dir='ltr'>vellet</span> <span class='ocrx_word' id='word_1_175' title='bbox 325 1662 384 1701; x_wconf 88' lang='lat' dir='ltr'>ad</span> <span class='ocrx_word' id='word_1_176' title='bbox 407 1663 797 1703; x_wconf 88' lang='lat' dir='ltr'>concionandum.</span> 
     </span>
    </p>

    <p class='ocr_par' dir='ltr' id='par_1_3' title="bbox 52 1732 1701 2785">
     <span class='ocr_line' id='line_1_22' title="bbox 132 1732 1696 1786; baseline 0.003 -14"><span class='ocrx_word' id='word_1_177' title='bbox 132 1732 346 1773; x_wconf 89' lang='lat' dir='ltr'>Viennae</span> <span class='ocrx_word' id='word_1_178' title='bbox 369 1734 426 1773; x_wconf 92' lang='lat' dir='ltr'>ab</span> <span class='ocrx_word' id='word_1_179' title='bbox 449 1733 635 1774; x_wconf 87' lang='lat' dir='ltr'>afflictis</span> <span class='ocrx_word' id='word_1_180' title='bbox 656 1741 700 1774; x_wconf 93' lang='lat' dir='ltr'>et</span> <span class='ocrx_word' id='word_1_181' title='bbox 722 1734 983 1786; x_wconf 90' lang='lat' dir='ltr'>desperatis</span> <span class='ocrx_word' id='word_1_182' title='bbox 1015 1736 1137 1776; x_wconf 91' lang='lat' dir='ltr'>idem</span> <span class='ocrx_word' id='word_1_183' title='bbox 1165 1735 1304 1776; x_wconf 87' lang='lat' dir='ltr'>Pater</span> <span class='ocrx_word' id='word_1_184' title='bbox 1331 1737 1548 1777; x_wconf 83' lang='lat' dir='ltr'>Canisius</span> <span class='ocrx_word' id='word_1_185' title='bbox 1577 1737 1696 1778; x_wconf 88' lang='lat' dir='ltr'>adiri</span> 
     </span>
     <span class='ocr_line' id='line_1_23' title="bbox 54 1804 1692 1860; baseline 0.003 -16"><span class='ocrx_word' id='word_1_186' title='bbox 54 1804 147 1845; x_wconf 90' lang='lat' dir='ltr'>iam</span> <span class='ocrx_word' id='word_1_187' title='bbox 169 1804 321 1856; x_wconf 87' lang='lat' dir='ltr'>coepit</span> <span class='ocrx_word' id='word_1_188' title='bbox 351 1810 396 1845; x_wconf 86' lang='lat' dir='ltr'>et</span> <span class='ocrx_word' id='word_1_189' title='bbox 425 1806 648 1846; x_wconf 86' lang='lat' dir='ltr'>accersiri</span> <span class='ocrx_word' id='word_1_190' title='bbox 680 1805 706 1854; x_wconf 88' lang='lat'>¹,</span> <span class='ocrx_word' id='word_1_191' title='bbox 736 1807 859 1858; x_wconf 90' lang='lat' dir='ltr'>quod</span> <span class='ocrx_word' id='word_1_192' title='bbox 888 1819 1081 1859; x_wconf 90' lang='lat' dir='ltr'>sparsus</span> <span class='ocrx_word' id='word_1_193' title='bbox 1109 1807 1164 1848; x_wconf 90' lang='lat' dir='ltr'>de</span> <span class='ocrx_word' id='word_1_194' title='bbox 1191 1820 1245 1848; x_wconf 94' lang='lat' dir='ltr'>eo</span> <span class='ocrx_word' id='word_1_195' title='bbox 1272 1820 1432 1848; x_wconf 86' lang='lat' dir='ltr'>rumor</span> <span class='ocrx_word' id='word_1_196' title='bbox 1461 1809 1692 1860; x_wconf 74' lang='lat' dir='ltr'>videatur,</span> 
     </span>
     <span class='ocr_line' id='line_1_24' title="bbox 53 1876 1693 1929; baseline 0.003 -14"><span class='ocrx_word' id='word_1_197' title='bbox 53 1886 142 1926; x_wconf 92' lang='lat' dir='ltr'>quo</span> <span class='ocrx_word' id='word_1_198' title='bbox 163 1882 303 1927; x_wconf 91' lang='lat' dir='ltr'>pacto</span> <span class='ocrx_word' id='word_1_199' title='bbox 326 1876 605 1928; x_wconf 89' lang='lat' dir='ltr'>quibusdam</span> <span class='ocrx_word' id='word_1_200' title='bbox 625 1878 921 1929; x_wconf 83' lang='lat' dir='ltr'>miserrimis,</span> <span class='ocrx_word' id='word_1_201' title='bbox 947 1878 1133 1919; x_wconf 91' lang='lat' dir='ltr'>Christo</span> <span class='ocrx_word' id='word_1_202' title='bbox 1165 1878 1375 1926; x_wconf 80' lang='lat' dir='ltr'>favente,</span> <span class='ocrx_word' id='word_1_203' title='bbox 1406 1881 1693 1921; x_wconf 77' lang='lat' dir='ltr'>subvenerit.</span> 
     </span>
     <span class='ocr_line' id='line_1_25' title="bbox 52 1947 1696 2001; baseline 0.004 -15"><span class='ocrx_word' id='word_1_204' title='bbox 52 1947 122 1987; x_wconf 88' lang='lat' dir='ltr'>Ex</span> <span class='ocrx_word' id='word_1_205' title='bbox 151 1947 317 1998; x_wconf 88' lang='lat' dir='ltr'>quibus</span> <span class='ocrx_word' id='word_1_206' title='bbox 346 1959 461 1999; x_wconf 91' lang='lat' dir='ltr'>una,</span> <span class='ocrx_word' id='word_1_207' title='bbox 496 1949 640 1989; x_wconf 87' lang='lat' dir='ltr'>multo</span> <span class='ocrx_word' id='word_1_208' title='bbox 672 1950 764 1989; x_wconf 90' lang='lat' dir='ltr'>iam</span> <span class='ocrx_word' id='word_1_209' title='bbox 794 1955 1004 2001; x_wconf 92' lang='lat' dir='ltr'>tempore</span> <span class='ocrx_word' id='word_1_210' title='bbox 1033 1951 1337 2000; x_wconf 85' lang='lat' dir='ltr'>decumbens,</span> <span class='ocrx_word' id='word_1_211' title='bbox 1369 1963 1554 1991; x_wconf 90' lang='lat' dir='ltr'>omnem</span> <span class='ocrx_word' id='word_1_212' title='bbox 1581 1963 1696 1992; x_wconf 88' lang='lat' dir='ltr'>suae</span> 
     </span>
     <span class='ocr_line' id='line_1_26' title="bbox 54 2019 1693 2075; baseline 0.004 -18"><span class='ocrx_word' id='word_1_213' title='bbox 54 2019 216 2058; x_wconf 91' lang='lat' dir='ltr'>salutis</span> <span class='ocrx_word' id='word_1_214' title='bbox 237 2030 368 2070; x_wconf 91' lang='lat' dir='ltr'>spem</span> <span class='ocrx_word' id='word_1_215' title='bbox 390 2020 634 2071; x_wconf 88' lang='lat' dir='ltr'>amiserat,</span> <span class='ocrx_word' id='word_1_216' title='bbox 659 2027 704 2060; x_wconf 91' lang='lat' dir='ltr'>et</span> <span class='ocrx_word' id='word_1_217' title='bbox 725 2033 874 2073; x_wconf 88' lang='lat' dir='ltr'>neque</span> <span class='ocrx_word' id='word_1_218' title='bbox 897 2034 922 2061; x_wconf 92' lang='lat' dir='ltr'>a</span> <span class='ocrx_word' id='word_1_219' title='bbox 946 2022 1140 2062; x_wconf 88' lang='lat' dir='ltr'>medicis</span> <span class='ocrx_word' id='word_1_220' title='bbox 1163 2023 1341 2073; x_wconf 88' lang='lat' dir='ltr'>curari,</span> <span class='ocrx_word' id='word_1_221' title='bbox 1367 2035 1517 2075; x_wconf 88' lang='lat' dir='ltr'>neque</span> <span class='ocrx_word' id='word_1_222' title='bbox 1539 2036 1565 2063; x_wconf 91' lang='lat' dir='ltr'>a</span> <span class='ocrx_word' id='word_1_223' title='bbox 1588 2036 1693 2064; x_wconf 91' lang='lat' dir='ltr'>con-</span> 
     </span>
     <span class='ocr_line' id='line_1_27' title="bbox 54 2088 1696 2145; baseline 0.004 -16"><span class='ocrx_word' id='word_1_224' title='bbox 54 2088 263 2130; x_wconf 89' lang='lat' dir='ltr'>fessariis</span> <span class='ocrx_word' id='word_1_225' title='bbox 285 2092 658 2132; x_wconf 86' lang='lat' dir='ltr'>consolationem</span> <span class='ocrx_word' id='word_1_226' title='bbox 681 2093 895 2144; x_wconf 89' lang='lat' dir='ltr'>accipere</span> <span class='ocrx_word' id='word_1_227' title='bbox 916 2094 1085 2145; x_wconf 81' lang='lat' dir='ltr'>potuit,</span> <span class='ocrx_word' id='word_1_228' title='bbox 1111 2095 1218 2145; x_wconf 89' lang='lat' dir='ltr'>quia</span> <span class='ocrx_word' id='word_1_229' title='bbox 1240 2106 1289 2134; x_wconf 90' lang='lat' dir='ltr'>se</span> <span class='ocrx_word' id='word_1_230' title='bbox 1311 2107 1337 2134; x_wconf 87' lang='lat' dir='ltr'>a</span> <span class='ocrx_word' id='word_1_231' title='bbox 1360 2094 1460 2134; x_wconf 84' lang='lat' dir='ltr'>Deo</span> <span class='ocrx_word' id='word_1_232' title='bbox 1482 2096 1696 2136; x_wconf 78' lang='lat' dir='ltr'>relictam</span> 
     </span>
     <span class='ocr_line' id='line_1_28' title="bbox 54 2161 1694 2218; baseline 0.004 -17"><span class='ocrx_word' id='word_1_233' title='bbox 54 2161 229 2213; x_wconf 89' lang='lat' dir='ltr'>aiebat,</span> <span class='ocrx_word' id='word_1_234' title='bbox 253 2163 534 2214; x_wconf 82' lang='lat' dir='ltr'>magnisque</span> <span class='ocrx_word' id='word_1_235' title='bbox 557 2164 704 2215; x_wconf 90' lang='lat' dir='ltr'>signis</span> <span class='ocrx_word' id='word_1_236' title='bbox 726 2165 1065 2215; x_wconf 87' lang='lat' dir='ltr'>comprobabat</span> <span class='ocrx_word' id='word_1_237' title='bbox 1092 2178 1141 2206; x_wconf 92' lang='lat' dir='ltr'>se</span> <span class='ocrx_word' id='word_1_238' title='bbox 1170 2173 1437 2218; x_wconf 86' lang='lat' dir='ltr'>correptam</span> <span class='ocrx_word' id='word_1_239' title='bbox 1464 2173 1509 2206; x_wconf 88' lang='lat' dir='ltr'>et</span> <span class='ocrx_word' id='word_1_240' title='bbox 1541 2167 1694 2207; x_wconf 89' lang='lat' dir='ltr'>obses-</span> 
     </span>
     <span class='ocr_line' id='line_1_29' title="bbox 55 2233 1694 2284; baseline 0.004 -12"><span class='ocrx_word' id='word_1_241' title='bbox 55 2243 153 2272; x_wconf 88' lang='lat' dir='ltr'>sam</span> <span class='ocrx_word' id='word_1_242' title='bbox 175 2245 201 2273; x_wconf 94' lang='lat' dir='ltr'>a</span> <span class='ocrx_word' id='word_1_243' title='bbox 223 2233 466 2284; x_wconf 87' lang='lat' dir='ltr'>daemone,</span> <span class='ocrx_word' id='word_1_244' title='bbox 492 2241 540 2274; x_wconf 90' lang='lat' dir='ltr'>ut</span> <span class='ocrx_word' id='word_1_245' title='bbox 561 2243 721 2275; x_wconf 92' lang='lat' dir='ltr'>noster</span> <span class='ocrx_word' id='word_1_246' title='bbox 737 2236 879 2276; x_wconf 86' lang='lat' dir='ltr'>etiam</span> <span class='ocrx_word' id='word_1_247' title='bbox 901 2236 1110 2277; x_wconf 88' lang='lat' dir='ltr'>medicus</span> <span class='ocrx_word' id='word_1_248' title='bbox 1133 2238 1188 2277; x_wconf 91' lang='lat' dir='ltr'>de</span> <span class='ocrx_word' id='word_1_249' title='bbox 1210 2238 1287 2277; x_wconf 88' lang='lat' dir='ltr'>illa</span> <span class='ocrx_word' id='word_1_250' title='bbox 1309 2238 1550 2278; x_wconf 86' lang='lat' dir='ltr'>iudicavit.</span> <span class='ocrx_word' id='word_1_251' title='bbox 1573 2238 1694 2278; x_wconf 89' lang='lat' dir='ltr'>Hinc</span> 
     </span>
     <span class='ocr_line' id='line_1_30' title="bbox 55 2303 1699 2361; baseline 0.004 -18"><span class='ocrx_word' id='word_1_252' title='bbox 55 2303 101 2343; x_wconf 88' lang='lat' dir='ltr'>in</span> <span class='ocrx_word' id='word_1_253' title='bbox 125 2310 299 2345; x_wconf 88' lang='lat' dir='ltr'>terram</span> <span class='ocrx_word' id='word_1_254' title='bbox 321 2316 461 2357; x_wconf 89' lang='lat' dir='ltr'>saepe</span> <span class='ocrx_word' id='word_1_255' title='bbox 489 2307 745 2357; x_wconf 86' lang='lat' dir='ltr'>prosterni,</span> <span class='ocrx_word' id='word_1_256' title='bbox 776 2314 820 2347; x_wconf 92' lang='lat' dir='ltr'>et</span> <span class='ocrx_word' id='word_1_257' title='bbox 848 2308 939 2348; x_wconf 85' lang='lat' dir='ltr'>huc</span> <span class='ocrx_word' id='word_1_258' title='bbox 971 2308 1078 2348; x_wconf 89' lang='lat' dir='ltr'>illuc</span> <span class='ocrx_word' id='word_1_259' title='bbox 1106 2309 1335 2349; x_wconf 75' lang='lat' dir='ltr'>violenter</span> <span class='ocrx_word' id='word_1_260' title='bbox 1365 2317 1503 2349; x_wconf 87' lang='lat' dir='ltr'>nocte</span> <span class='ocrx_word' id='word_1_261' title='bbox 1531 2310 1699 2361; x_wconf 90' lang='lat' dir='ltr'>dieque</span> 
     </span>
     <span class='ocr_line' id='line_1_31' title="bbox 55 2374 1694 2432; baseline 0.004 -18"><span class='ocrx_word' id='word_1_262' title='bbox 55 2374 258 2426; x_wconf 89' lang='lat' dir='ltr'>detrudi,</span> <span class='ocrx_word' id='word_1_263' title='bbox 298 2376 541 2428; x_wconf 88' lang='lat' dir='ltr'>abripique</span> <span class='ocrx_word' id='word_1_264' title='bbox 575 2378 850 2429; x_wconf 78' lang='lat' dir='ltr'>videbatur3</span> <span class='ocrx_word' id='word_1_265' title='bbox 892 2379 1172 2430; x_wconf 87' lang='lat' dir='ltr'>propalabat</span> <span class='ocrx_word' id='word_1_266' title='bbox 1210 2387 1370 2431; x_wconf 88' lang='lat' dir='ltr'>aperte</span> <span class='ocrx_word' id='word_1_267' title='bbox 1408 2381 1694 2432; x_wconf 77' lang='lat' dir='ltr'>gravissima</span> 
     </span>
     <span class='ocr_line' id='line_1_32' title="bbox 54 2446 1697 2504; baseline 0.004 -19"><span class='ocrx_word' id='word_1_268' title='bbox 54 2446 223 2496; x_wconf 89' lang='lat' dir='ltr'>prioris</span> <span class='ocrx_word' id='word_1_269' title='bbox 244 2447 371 2487; x_wconf 84' lang='lat' dir='ltr'>vitae</span> <span class='ocrx_word' id='word_1_270' title='bbox 394 2454 611 2499; x_wconf 84' lang='lat' dir='ltr'>peccata.</span> <span class='ocrx_word' id='word_1_271' title='bbox 634 2456 826 2501; x_wconf 91' lang='lat' dir='ltr'>propter</span> <span class='ocrx_word' id='word_1_272' title='bbox 853 2462 973 2501; x_wconf 91' lang='lat' dir='ltr'>quae</span> <span class='ocrx_word' id='word_1_273' title='bbox 1004 2451 1122 2491; x_wconf 89' lang='lat' dir='ltr'>iuste</span> <span class='ocrx_word' id='word_1_274' title='bbox 1153 2463 1202 2491; x_wconf 89' lang='lat' dir='ltr'>se</span> <span class='ocrx_word' id='word_1_275' title='bbox 1233 2452 1522 2502; x_wconf 86' lang='lat' dir='ltr'>damnatam,</span> <span class='ocrx_word' id='word_1_276' title='bbox 1556 2464 1697 2504; x_wconf 89' lang='lat' dir='ltr'>seque</span> 
     </span>
     <span class='ocr_line' id='line_1_33' title="bbox 55 2516 1695 2574; baseline 0.004 -18"><span class='ocrx_word' id='word_1_277' title='bbox 55 2516 272 2558; x_wconf 91' lang='lat' dir='ltr'>daemoni</span> <span class='ocrx_word' id='word_1_278' title='bbox 292 2519 516 2559; x_wconf 90' lang='lat' dir='ltr'>traditam</span> <span class='ocrx_word' id='word_1_279' title='bbox 538 2521 860 2560; x_wconf 86' lang='lat' dir='ltr'>asseverabat.</span> <span class='ocrx_word' id='word_1_280' title='bbox 890 2521 1046 2572; x_wconf 85' lang='lat' dir='ltr'>Quare</span> <span class='ocrx_word' id='word_1_281' title='bbox 1077 2534 1184 2562; x_wconf 91' lang='lat' dir='ltr'>cum</span> <span class='ocrx_word' id='word_1_282' title='bbox 1215 2530 1350 2574; x_wconf 86' lang='lat' dir='ltr'>pater</span> <span class='ocrx_word' id='word_1_283' title='bbox 1382 2523 1441 2563; x_wconf 88' lang='lat' dir='ltr'>ad</span> <span class='ocrx_word' id='word_1_284' title='bbox 1467 2524 1594 2563; x_wconf 85' lang='lat' dir='ltr'>illam</span> <span class='ocrx_word' id='word_1_285' title='bbox 1622 2535 1695 2563; x_wconf 89' lang='lat' dir='ltr'>ve-</span> 
     </span>
     <span class='ocr_line' id='line_1_34' title="bbox 54 2587 1700 2640; baseline 0.004 -13"><span class='ocrx_word' id='word_1_286' title='bbox 54 2587 196 2628; x_wconf 88' lang='lat' dir='ltr'>nisset</span> <span class='ocrx_word' id='word_1_287' title='bbox 224 2589 394 2640; x_wconf 91' lang='lat' dir='ltr'>(nullus</span> <span class='ocrx_word' id='word_1_288' title='bbox 425 2590 548 2630; x_wconf 91' lang='lat' dir='ltr'>enim</span> <span class='ocrx_word' id='word_1_289' title='bbox 580 2591 903 2632; x_wconf 86' lang='lat' dir='ltr'>confessorum</span> <span class='ocrx_word' id='word_1_290' title='bbox 930 2592 943 2610; x_wconf 72' lang='lat'><strong>²</strong></span> <span class='ocrx_word' id='word_1_291' title='bbox 974 2604 1136 2633; x_wconf 89' lang='lat' dir='ltr'>curam</span> <span class='ocrx_word' id='word_1_292' title='bbox 1164 2594 1286 2633; x_wconf 88' lang='lat' dir='ltr'>illius</span> <span class='ocrx_word' id='word_1_293' title='bbox 1313 2594 1487 2634; x_wconf 86' lang='lat' dir='ltr'>habere</span> <span class='ocrx_word' id='word_1_294' title='bbox 1514 2595 1662 2635; x_wconf 77' lang='lat' dir='ltr'>voluit</span> <span class='ocrx_word' id='word_1_295' title='bbox 1684 2594 1700 2611; x_wconf 59' lang='lat'>⁷*</span> 
     </span>
     <span class='ocr_line' id='line_1_35' title="bbox 54 2660 1697 2717; baseline 0.005 -19"><span class='ocrx_word' id='word_1_296' title='bbox 54 2660 288 2711; x_wconf 86' lang='lat' dir='ltr'>amplius),</span> <span class='ocrx_word' id='word_1_297' title='bbox 314 2673 367 2701; x_wconf 93' lang='lat' dir='ltr'>eo</span> <span class='ocrx_word' id='word_1_298' title='bbox 389 2662 623 2712; x_wconf 87' lang='lat' dir='ltr'>permovit</span> <span class='ocrx_word' id='word_1_299' title='bbox 644 2663 847 2714; x_wconf 89' lang='lat' dir='ltr'>primum</span> <span class='ocrx_word' id='word_1_300' title='bbox 867 2664 1203 2715; x_wconf 89' lang='lat' dir='ltr'>miserrimam,</span> <span class='ocrx_word' id='word_1_301' title='bbox 1228 2671 1276 2705; x_wconf 91' lang='lat' dir='ltr'>ut</span> <span class='ocrx_word' id='word_1_302' title='bbox 1298 2665 1481 2716; x_wconf 87' lang='lat' dir='ltr'>integre</span> <span class='ocrx_word' id='word_1_303' title='bbox 1502 2672 1697 2717; x_wconf 83' lang='lat' dir='ltr'>peccata</span> 
     </span>
     <span class='ocr_line' id='line_1_36' title="bbox 53 2731 1701 2785; baseline 0.004 -15"><span class='ocrx_word' id='word_1_304' title='bbox 53 2731 193 2771; x_wconf 89' lang='lat' dir='ltr'>totius</span> <span class='ocrx_word' id='word_1_305' title='bbox 214 2733 340 2772; x_wconf 83' lang='lat' dir='ltr'>Vitae</span> <span class='ocrx_word' id='word_1_306' title='bbox 362 2733 686 2784; x_wconf 82' lang='lat' dir='ltr'>confiteretur3</span> <span class='ocrx_word' id='word_1_307' title='bbox 711 2734 900 2785; x_wconf 83' lang='lat' dir='ltr'>deinde,</span> <span class='ocrx_word' id='word_1_308' title='bbox 926 2741 1023 2775; x_wconf 91' lang='lat' dir='ltr'>tum</span> <span class='ocrx_word' id='word_1_309' title='bbox 1046 2736 1356 2784; x_wconf 77' lang='lat' dir='ltr'>orationibus,</span> <span class='ocrx_word' id='word_1_310' title='bbox 1389 2745 1486 2777; x_wconf 93' lang='lat' dir='ltr'>tum</span> <span class='ocrx_word' id='word_1_311' title='bbox 1516 2737 1701 2777; x_wconf 87' lang='lat' dir='ltr'>adiura-</span> 
     </span>
    </p>
   </div>
   <div class='ocr_carea' id='block_1_3' title="bbox 107 2939 1405 3064">
    <p class='ocr_par' dir='ltr' id='par_1_4' title="bbox 107 2939 1405 3064">
     <span class='ocr_line' id='line_1_37' title="bbox 160 2939 1405 2980; baseline 0.005 -13"><span class='ocrx_word' id='word_1_312' title='bbox 160 2939 326 2969; x_wconf 85' lang='lat' dir='ltr'>Martinus</span> <span class='ocrx_word' id='word_1_313' title='bbox 342 2943 540 2977; x_wconf 71' lang='lat' dir='ltr'>scripserat:</span> <span class='ocrx_word' id='word_1_314' title='bbox 558 2944 656 2970; x_wconf 73' lang='lat' dir='ltr'>idem</span> <span class='ocrx_word' id='word_1_315' title='bbox 673 2944 780 2971; x_wconf 71' lang='lat' dir='ltr'>Pater</span> <span class='ocrx_word' id='word_1_316' title='bbox 796 2946 869 2971; x_wconf 81' lang='lat' dir='ltr'>iam</span> <span class='ocrx_word' id='word_1_317' title='bbox 887 2947 999 2980; x_wconf 71' lang='lat' dir='ltr'>coepit</span> <span class='ocrx_word' id='word_1_318' title='bbox 1013 2946 1161 2972; x_wconf 67' lang='lat' dir='ltr'>visitari</span> <span class='ocrx_word' id='word_1_319' title='bbox 1175 2947 1208 2972; x_wconf 74' lang='lat' dir='ltr'>et</span> <span class='ocrx_word' id='word_1_320' title='bbox 1224 2947 1405 2973; x_wconf 72' lang='lat' dir='ltr'>accersiri.</span> 
     </span>
     <span class='ocr_line' id='line_1_38' title="bbox 107 2986 926 3026; baseline 0.006 -12"><span class='ocrx_word' id='word_1_321' title='bbox 107 2987 121 3005; x_wconf 78' lang='lat'><strong>2</strong></span> <span class='ocrx_word' id='word_1_322' title='bbox 158 2986 212 3014; x_wconf 85' lang='lat' dir='ltr'>Sic</span> <span class='ocrx_word' id='word_1_323' title='bbox 227 2988 405 3020; x_wconf 77' lang='lat' dir='ltr'>Martinus:</span> <span class='ocrx_word' id='word_1_324' title='bbox 427 2990 596 3017; x_wconf 76' lang='lat' dir='ltr'>Polaticus</span> <span class='ocrx_word' id='word_1_325' title='bbox 611 2991 926 3026; x_wconf 75' lang='lat' dir='ltr'>confessariorum.</span> 
     </span>
     <span class='ocr_line' id='line_1_39' title="bbox 111 3033 497 3064; baseline 0.008 -3"><span class='ocrx_word' id='word_1_326' title='bbox 111 3033 124 3052; x_wconf 78' lang='lat'><strong>5</strong></span> <span class='ocrx_word' id='word_1_327' title='bbox 162 3034 328 3063; x_wconf 74' lang='lat' dir='ltr'>Polaticus</span> <span class='ocrx_word' id='word_1_328' title='bbox 343 3038 497 3064; x_wconf 78' lang='lat' dir='ltr'>volebat.</span> 
     </span>
    </p>
   </div>
  </div>
 </body>
</html>
