2080 3392
304 173 375 210 678
811 171 1038 208 LITTERAE
1065 182 1423 214 QUADR1MESTRES

306 268 391 306 bus
412 267 617 316 mireque
636 265 890 305 incitarunt
908 263 966 304 ad
984 264 1323 304 conficiendum
1341 271 1386 304 et
1402 265 1728 306 illustrandum
1744 268 1930 307 inchoa-

305 344 402 377 tum
431 348 560 387 opus.
584 335 967 375 D.1¹SCardinalis
999 334 1007 353 ¹
1038 334 1154 375 dixit
1188 334 1318 375 Patri
1353 335 1522 376 Mironi
1555 343 1605 376 ut
1635 348 1716 376 eas
1751 338 1930 378 litteras

304 408 506 447 Eboram
527 406 744 455 mitteret,
769 417 860 457 quo
882 406 1085 445 maiores
1107 406 1288 445 animos
1309 412 1353 445 et
1375 407 1566 457 spiritus
1587 407 1794 448 adderet.

382 476 686 526 Summopere
716 476 894 515 incensi
925 481 1031 515 sunt
1062 487 1223 515 omnes
1252 476 1540 527 profectione
1567 477 1870 518 Patriarchae
1899 480 1927 517 ².

306 549 543 598 Exoptant
564 558 668 586 eum
688 546 932 597 prosequi;
954 558 1091 586 nemo
1113 551 1270 586 tamen
1291 547 1546 587 etiamnum
1563 553 1631 587 est
1648 548 1928 588 declaratus.

302 618 532 658 Dominus
556 622 730 656 statuat
752 616 875 668 quod
897 617 987 656 sibi
1006 617 1328 667 gratissimum
1347 617 1500 657 fuerit.

381 688 486 728 Duo
508 687 699 727 Fratres
715 692 946 727 venerunt
964 686 1277 737 Conimbrica‚
1297 694 1491 739 uterque
1509 689 1729 729 sacerdos
1747 695 1932 729 creatus

303 766 385 799 est.
406 759 456 798 In
472 758 652 798 Indiam
670 758 781 797 abiit
799 758 916 797 alter
932 756 960 807 ³,
982 759 1100 797 alter
1116 758 1358 798 nobiscum
1376 766 1460 799 est.
1479 758 1747 810 Antequam
1763 759 1931 799 initiati

303 835 472 877 essent,
494 829 785 868 docebantur
812 828 1016 880 quotidie
1046 829 1370 868 caeremonias
1398 841 1479 880 per
1506 829 1670 869 horam
1697 830 1754 869 ab
1787 832 1929 870 eccle-

303 900 504 949 siarcha‚
529 911 612 950 per
634 900 829 939 alteram
851 899 1103 939 audiebant
1124 900 1312 939 Patrem
1332 900 1637 940 Franciscum
1654 899 1682 951 4,
1703 901 1780 952 qui
1797 913 1931 952 quae-

303 971 477 1010 stiones
499 969 813 1010 confessarias
834 970 1051 1021 explicat,
1077 970 1135 1010 ad
1157 982 1293 1021 quem
1314 971 1479 1022 reliqui
1500 971 1769 1011 sacerdotes
1800 983 1927 1011 acce-

306 1042 493 1091 debant,
517 1041 572 1080 de
603 1041 675 1080 his
697 1041 1048 1092 quaestionibus
1070 1042 1334 1092 tractaturi,
1366 1054 1457 1093 quo
1487 1042 1531 1081 in
1555 1042 1798 1082 audiendis
1828 1054 1933 1082 con-

305 1112 586 1152 fessionibus
622 1111 870 1151 solutiores
897 1117 1067 1151 essent.
1096 1112 1165 1151 Ita
1194 1111 1371 1152 factum
1397 1119 1461 1162 ut,
1494 1112 1571 1152 ubi
1600 1113 1800 1164 primum
1828 1120 1934 1152 sunt

305 1182 570 1222 sacerdotio
594 1182 777 1231 initiati,
803 1182 1049 1222 confestim
1066 1194 1149 1222 suo
1167 1194 1358 1222 munere
1380 1183 1472 1223 sint
1492 1182 1653 1223 functi.

383 1253 574 1304 Aliquot
597 1253 643 1292 in
664 1260 877 1292 nostrum
899 1253 1107 1292 ordinem
1129 1254 1338 1304 cooptati
1355 1260 1475 1293 sunt.
1496 1253 1611 1294 Cum
1628 1253 1765 1294 Pater
1783 1254 1933 1294 Miron

307 1325 444 1364 rediit
466 1324 637 1372 Ebora,
660 1324 901 1375 praemisit
923 1323 1038 1363 duos
1059 1324 1229 1363 ibidem
1250 1331 1479 1375 receptos,
1502 1332 1551 1364 ut
1572 1334 1726 1364 essent
1743 1324 1933 1364 admini-

310 1395 415 1444 stri;
449 1402 644 1446 uterque
666 1394 890 1434 exercitia
918 1395 1096 1445 primae
1123 1394 1444 1434 hebdomadae
1472 1396 1665 1446 accepit,
1696 1395 1742 1435 in
1769 1395 1934 1446 quibus

302 1466 440 1507 valde
471 1466 670 1517 profecit
704 1473 913 1517 uterque.
944 1466 1076 1505 Alter
1111 1466 1456 1506 Conimbricam
1489 1466 1659 1506 missus
1699 1472 1788 1515 est,
1817 1467 1934 1506 alter

309 1537 553 1577 nobiscum
575 1537 822 1585 ministrat,
848 1537 924 1587 qui
947 1543 1196 1587 antequam
1213 1537 1454 1586 ingressus
1475 1543 1612 1585 esset,
1635 1537 1728 1576 iam
1746 1537 1822 1577 diu
1843 1537 1932 1576 vir-

308 1614 404 1647 tute
427 1608 667 1658 praeditus
688 1613 804 1654 erat,
828 1607 1237 1646 mortificationum
1260 1607 1400 1646 etiam
1422 1614 1617 1656 amator,
1642 1608 1828 1648 interim
1843 1607 1933 1647 die—

306 1679 391 1718 bus
412 1678 542 1718 festis
564 1678 744 1718 cinctus
765 1678 912 1728 paleis
934 1677 947 1695 ³⁵
968 1684 1010 1717 et
1034 1684 1163 1716 veste
1188 1678 1412 1717 vilissima
1431 1678 1740 1718 conveniebat
1757 1679 1934 1718 amicos

307 1756 352 1788 et
373 1749 682 1798 necessarios,
707 1760 823 1799 quos
845 1748 1084 1799 splendide
1105 1748 1300 1788 vestitos
1322 1760 1423 1788 esse
1446 1749 1776 1799 cognoscebat,
1808 1749 1933 1800 quod

304 1820 346 1859 ei
370 1826 470 1859 erat
491 1831 672 1859 summo
694 1820 879 1859 solatio.
903 1819 1046 1859 Venit
1067 1820 1185 1859 alius
1206 1820 1361 1859 Ebora
1383 1827 1432 1859 ut
1453 1821 1754 1871 ministraret,
1785 1820 1861 1872 qui
1884 1820 1930 1860 in

302 1891 538 1930 exercitiis
553 1891 802 1942 plurimum
818 1890 1030 1940 profecit,
1049 1890 1179 1930 adest
1196 1889 1223 1930 ⁰.
1245 1890 1339 1930 Alii
1351 1897 1593 1941 praeterea
1613 1897 1719 1930 sunt
1732 1891 1931 1941 ingressi

304 1962 363 2001 ad
382 1962 544 2001 literas
573 1962 682 2012 apti.
707 1961 811 2000 Duo
838 1961 1008 2000 fratres
1029 1961 1205 2000 Baetici
1227 1961 1422 2001 consilio
1443 1961 1596 2001 Patris
1617 1961 1786 2001 Avilae
1808 1961 1820 1979 ⁷
1842 1961 1932 2001 huc

304 2040 550 2079 venerunt,
584 2039 778 2082 uterque
811 2032 980 2081 bonus;
1011 2031 1089 2071 ubi
1118 2032 1320 2081 primum
1350 2031 1462 2071 facti
1489 2038 1596 2071 sunt
1633 2032 1856 2072 certiores
1876 2031 1932 2071 de

304 2103 535 2154 ingressu,
563 2115 661 2142 rem
684 2103 1016 2142 commiserunt
1039 2102 1222 2142 cuidam
1243 2103 1346 2142 viro
1368 2103 1443 2153 pio
1467 2109 1513 2142 ut
1530 2114 1633 2142 eam
1650 2103 1933 2154 pauperibus

303 2174 619 2221 distribueret3
659 2174 815 2224 itaque
855 2179 963 2213 sunt
999 2173 1214 2223 ingressi.
1250 2172 1382 2213 Alter
1419 2173 1777 2223 Conimbricam,
1816 2174 1932 2213 alter

304 2245 507 2284 Eboram
542 2245 711 2284 missus
740 2250 822 2283 est.
854 2244 1064 2284 Admissi
1095 2250 1201 2283 sunt
1231 2244 1320 2283 duo
1350 2255 1523 2295 magna
1552 2244 1724 2284 virtute
1759 2244 1925 2292 ornati,

306 2326 503 2366 quorum
527 2316 643 2354 alter
678 2315 724 2354 in
758 2315 909 2365 prima
931 2315 1081 2353 classe
1108 2314 1403 2363 versabatur,
1437 2314 1597 2354 literas
1627 2325 1828 2365 graecas
1854 2315 1928 2354 do—

303 2392 405 2425 ctus
427 2392 565 2437 atque
588 2386 878 2435 rhetoricen,
902 2391 1040 2424 natus
1062 2385 1163 2425 viro
1194 2385 1447 2425 admodum
1475 2385 1637 2435 nobili,
1667 2385 1741 2425 cui
1767 2384 1847 2424 filii
1866 2385 1928 2424 in-

303 2467 498 2506 gressus
520 2456 771 2496 admodum
799 2456 987 2507 placuit,
1012 2456 1156 2495 multo
1183 2455 1335 2506 magis
1362 2456 1517 2506 matri,
1546 2468 1664 2507 quae
1691 2456 1781 2496 huc
1802 2456 1929 2496 venit

357 2638 367 2656 ¹
407 2638 590 2671 Henricus,
608 2638 663 2672 qui
680 2638 864 2671 Collegium
882 2638 1044 2665 Societati
1060 2638 1194 2664 Eborae
1209 2638 1424 2666 aedificabat.

357 2686 370 2703 ²
406 2686 638 2719 patriarchae
653 2685 871 2720 Aethiopiae,
887 2686 925 2712 de
942 2693 1006 2719 quo
1021 2685 1156 2719 saepius
1172 2685 1265 2712 facta
1279 2690 1330 2713 est
1346 2690 1379 2713 et
1395 2686 1451 2714 fiet
1467 2688 1602 2715 mentio.

356 2732 370 2751 5
408 2731 485 2758 Fuit
501 2733 556 2758 ille
574 2732 720 2759 Didacus
736 2733 776 2759 de
792 2733 945 2766 Soveral,
962 2740 1036 2759 eum
1052 2731 1088 2758 Ρ.
1106 2731 1289 2759 Francisco
1306 2733 1410 2761 Viera
1428 2735 1459 2761 in
1475 2734 1604 2762 IndIam
1622 2734 1753 2761 missus.

357 2779 372 2798 4
410 2778 444 2805 P.
460 2778 679 2806 Franciscum
695 2779 895 2813 Rodriguez.

357 2825 371 2844 5
409 2824 501 2852 Fune
518 2826 648 2852 cinctus
663 2826 833 2853 contextis
850 2826 957 2860 paleis
972 2826 1075 2853 sacto.

355 2870 370 2891 6
408 2871 462 2898 Sic
478 2873 664 2906 perspicue3
682 2877 714 2900 et
729 2880 848 2900 sensus
863 2880 936 2900 esse
950 2873 1087 2900 videtur
1103 2873 1284 2900 nobiscum
1302 2876 1376 2907 agit
1391 2879 1450 2902 aut
1462 2877 1681 2909 perseveras.

357 2919 368 2937 ⁷
408 2919 444 2945 B.
459 2919 605 2952 joannes
622 2921 660 2946 de
674 2920 786 2954 Avila,
799 2921 986 2948 saecularis
1001 2921 1171 2955 sacerdos,
1185 2922 1224 2948 de
1240 2929 1303 2956 quo
1316 2923 1451 2957 saepius
1466 2923 1520 2950 hic
1536 2924 1615 2950 etin
1629 2922 1811 2950 societatis
1827 2923 1929 2950 histo>

301 2966 354 2993 ria
369 2966 494 2993 mentio
510 2967 603 2994 sacta
619 2972 669 2993 est
685 2966 817 3001 fietque.
