2080 3392
894 163 976 200 AN.
1008 163 1099 200 1553
1751 163 1821 200 295

177 267 326 300 strum
360 260 608 311 magnifice
639 262 886 311 extollunt,
921 261 1002 301 sed
1037 261 1286 312 privilegia
1320 273 1346 301 a
1382 272 1564 301 summo
1596 260 1819 301 Pontifice

177 343 203 371 a
225 331 360 372 nobis
387 343 613 372 concessa
639 343 807 384 parum
838 333 1120 383 approbant,
1155 333 1279 384 quod
1308 333 1533 372 nonnulla
1564 332 1816 384 Episcopo-

174 414 279 442 rum
306 411 350 443 et
377 403 620 443 curionum
651 402 961 443 iurisdictioni
993 404 1238 443 adversari
1273 412 1316 444 ct
1349 405 1579 444 malorum
1611 403 1818 443 occasio-

175 486 303 524 nem,
342 474 628 526 Praepositis
667 473 919 515 Societatis
954 475 1011 514 ab
1046 474 1196 515 officio
1232 475 1607 525 deflectentibus,
1648 475 1820 515 minari

179 550 419 585 censeant.

256 614 562 655 Reverendus
601 614 833 655 Dominus
867 614 1090 655 Decanus
1129 615 1445 667 Theologicae
1479 616 1740 656 Facultatis
1776 621 1821 655 et

177 684 407 725 Dominus
428 685 606 725 Doctor
628 684 868 736 Pelletier‚
894 686 968 725 cui
990 685 1261 737 Diplomata
1291 693 1452 726 nostra
1476 687 1532 727 ab
1554 687 1667 738 ipsis
1688 698 1819 738 prae-

174 756 309 796 fectis
331 756 591 796 Facultatis
616 759 748 808 (quos
779 757 1027 808 deputatos
1055 758 1242 808 vulgari
1264 758 1449 798 nomine
1476 758 1818 809 nuncupamus)

175 827 349 867 tradita
385 833 492 867 sunt
526 828 843 879 discutienda,
874 840 929 868 ac
959 829 1167 880 plerique
1196 828 1542 880 Deputatorum
1577 830 1693 869 satis
1726 841 1820 869 mo-

175 899 304 939 deste
341 906 385 939 et
419 899 686 939 humaniter
722 899 909 940 Patrem
944 907 1231 951 exceperunt
1265 906 1309 940 et
1343 900 1705 951 prudentissime
1742 913 1819 941 no-

177 977 325 1010 strum
347 977 616 1011 tractavere
636 972 892 1022 negotium.

254 1042 351 1082 Iam
371 1043 508 1083 tertio
531 1043 707 1093 aliquot
730 1044 940 1095 deputati
961 1055 1101 1095 super
1129 1043 1379 1084 Societatis
1405 1050 1599 1083 nostrae
1628 1055 1817 1084 conces-

173 1113 383 1154 sionibus
412 1113 716 1154 discutiendis
747 1115 794 1154 in
829 1114 1038 1166 Collegio
1069 1114 1327 1156 Sorbonico
1364 1115 1642 1166 congregati
1672 1115 1815 1155 fuere.

254 1184 415 1226 Abbas
452 1185 842 1235 claravallensis,
884 1186 1075 1227 Ordinis
1103 1185 1148 1227 S.
1180 1187 1429 1237 Bernardi,
1461 1187 1641 1227 Doctor
1671 1187 1818 1227 Theo-

172 1258 311 1308 logus
332 1269 356 1297 e
378 1270 572 1299 numero
595 1259 946 1310 deputatorum,
977 1259 1092 1298 satis
1122 1259 1257 1298 nobis
1285 1258 1404 1299 favit
1433 1271 1539 1299 cum
1567 1258 1815 1310 plerisque,

174 1329 252 1380 qui
272 1334 370 1369 tum
399 1329 618 1380 aderant,
649 1330 860 1382 exceptis
889 1330 1065 1382 aliquot
1094 1331 1325 1381 articulis,
1354 1331 1523 1382 quibus
1546 1330 1820 1382 paucissimi

178 1399 423 1451 suffragati
445 1408 553 1441 sunt
578 1401 602 1441 ¹.

251 1470 431 1511 Doctor
452 1471 737 1512 Franciscus
757 1473 998 1526 Joverius,
1028 1473 1225 1513 solemni
1246 1485 1377 1512 more
1408 1485 1491 1524 per
1523 1472 1762 1513 Pedellum
1791 1486 1818 1513 a

172 1541 381 1593 Collegio
405 1542 751 1595 Deputatorum
772 1551 972 1585 vocatus
994 1545 1040 1584 in
1063 1551 1251 1595 testem,
1276 1545 1592 1585 testimonium
1616 1544 1818 1585 reddidit

170 1614 454 1666 integritatis
489 1627 676 1667 eorum,
705 1627 821 1667 quos
852 1617 951 1668 ipse
985 1616 1185 1657 Lovanii
1216 1623 1260 1657 et
1288 1616 1501 1657 Lutetiae
1530 1629 1553 1657 e
1581 1616 1816 1657 Societate

172 1693 389 1727 noverat.

249 1757 300 1798 In
336 1759 489 1810 prima
529 1765 573 1800 et
611 1759 817 1800 secunda
856 1760 1243 1811 congregatione.
1286 1759 1424 1800 Pater
1461 1759 1519 1800 ad
1556 1760 1816 1799 secundum

168 1841 331 1869 eorum
352 1830 602 1870 concilium
628 1832 902 1881 accersitus,
922 1833 1174 1872 multorum
1192 1832 1425 1872 rationem
1443 1831 1638 1871 reddere
1657 1831 1815 1871 debuit

169 1901 226 1940 ab
247 1901 362 1952 ipsis
384 1902 718 1954 interrogatus.

247 1971 632 2025 Antepenultima
660 1974 734 2014 die
767 1974 946 2026 Aprilis
973 1975 1188 2026 proxime
1217 1975 1385 2026 elapsi,
1420 1973 1645 2026 Deputati
1677 1986 1812 2026 quar-

166 2051 265 2084 tum
286 2044 547 2095 comitium,
572 2045 804 2086 adiunctis
826 2052 984 2086 tamen
1005 2046 1184 2098 aliquot
1205 2046 1308 2086 aliis
1331 2046 1606 2087 doctoribus
1626 2046 1812 2086 inferio-

166 2116 231 2155 ris
252 2116 450 2167 ordiniS,
475 2118 774 2157 celebrarunt
795 2129 936 2169 super
956 2124 1147 2158 nostrae
1177 2130 1350 2158 causae
1380 2117 1618 2158 decisione
1646 2118 1812 2157 delibe-

166 2193 348 2238 rantes,
386 2193 436 2227 ut
469 2188 518 2228 hi
551 2189 628 2240 qui
664 2195 774 2229 tunc
804 2197 1079 2240 praesentes
1114 2196 1269 2240 erant,
1307 2201 1393 2230 ceu
1432 2190 1676 2241 praecipui
1714 2189 1812 2229 fere

168 2270 345 2309 omnes,
369 2269 444 2310 ea,
474 2271 594 2311 quae
620 2260 847 2311 postridie
876 2262 1100 2302 universo
1124 2261 1385 2302 Doctorum
1408 2261 1617 2311 Collegio
1646 2272 1811 2312 propo-

167 2329 321 2369 nenda
343 2337 501 2381 erant,
527 2331 777 2383 diligenter
806 2333 1109 2373 discuterent.
1139 2332 1215 2373 Ad
1243 2333 1366 2373 hanc
1395 2333 1647 2384 synodum,
1672 2331 1812 2371 Pater

165 2412 350 2452 quoque
371 2401 632 2443 advocatus
654 2410 723 2443 est
744 2409 794 2443 ut
816 2403 1032 2444 redderet
1053 2404 1287 2444 rationem
1308 2415 1486 2454 eorum,
1511 2415 1629 2455 quae
1651 2410 1807 2454 postu-

164 2473 374 2513 larentur
392 2473 450 2513 ab
468 2473 596 2525 ipsis.
617 2473 770 2524 Quam
787 2476 922 2516 varia
944 2476 1005 2516 ibi
1022 2475 1234 2516 Societas
1250 2476 1423 2516 iudicia
1441 2476 1649 2523 subierit,
1671 2487 1809 2515 nemo

166 2544 304 2584 facile
341 2544 616 2595 crediderit,
656 2545 734 2596 qui
767 2546 889 2596 gesti
924 2547 1101 2597 negotii
1127 2547 1340 2587 ordinem
1372 2558 1467 2586 non
1495 2547 1808 2597 conspexerit.

167 2615 256 2655 Tot
276 2621 465 2667 tamque
488 2623 722 2661 venenata
744 2617 791 2656 in
811 2616 1095 2658 Societatem
1115 2617 1227 2670 Jesu
1249 2617 1640 2658 obtrectationum
1656 2618 1810 2657 iacula

165 2687 337 2737 grandi
370 2687 547 2738 impetu
582 2686 639 2726 ab
674 2687 965 2728 adversariis
1001 2689 1216 2729 coniecta
1247 2695 1374 2739 sunt,
1411 2700 1529 2740 quae
1561 2688 1810 2728 Societatis

166 2769 336 2797 nomen
358 2757 397 2797 si
417 2770 512 2798 non
538 2758 840 2810 extinguere,
873 2760 1038 2800 saltem
1068 2759 1304 2800 offuscare
1324 2767 1516 2811 possent
1538 2760 1695 2806 facile,
1721 2761 1811 2800 nisi

224 2944 232 2962 ¹
274 2943 324 2970 De
340 2944 381 2971 iis
396 2943 558 2974 omnibus.
574 2951 657 2978 quos
678 2944 851 2978 hueusque
873 2945 1062 2972 nominavit
1079 2944 1313 2980 Clayssonius,
1327 2945 1405 2971 vide
1422 2944 1590 2975 POLANCO,
1609 2945 1812 2974 Clzronz'con.

166 2996 192 3019 t.
210 2999 259 3024 111,
275 2999 354 3026 pag.
367 2991 435 3026 291,
453 2995 485 3018 et
503 2991 611 3026 ΡκΑτ,
631 2999 683 3026 op.
700 2993 757 3019 cit.
