2080 3392
852 176 936 212 ΑΝ.
967 175 1059 215 1552
1729 176 1780 214 27

129 273 410 323 ciscebatur‚
448 272 525 312 ubi
559 271 756 312 infirmis
790 272 886 311 bini
919 283 1003 324 per
1038 270 1381 316 hebdomadas,
1421 282 1528 311 cum
1565 272 1773 313 maxima

129 355 292 384 eorum
312 343 392 395 qui
410 342 634 383 videbant
656 342 998 393 aedificatione,
1023 342 1302 382 servierunt.
1327 341 1448 381 Huic
1469 347 1625 382 autem
1644 344 1775 395 operi

129 415 414 456 intendimus
441 414 589 455 donec
620 426 675 454 ea
702 426 816 454 cura
844 427 871 454 a
896 413 1179 466 jurisperitis
1207 418 1250 453 et
1284 412 1480 452 notariis
1516 414 1775 465 suscipere-

129 493 219 537 tur,
249 486 309 526 ad
338 497 455 538 quos
482 486 529 526 in
558 485 723 538 primis
752 486 987 537 pertinere
1016 485 1293 525 videbatur:
1325 494 1525 536 aequum
1553 485 1676 525 enim
1705 493 1775 526 est

129 563 199 608 ut,
224 569 422 609 quorum
442 557 508 597 1111
530 557 866 598 controversiis
888 557 1146 606 ditescunt,
1178 567 1340 596 eorum
1370 567 1552 607 quoque
1573 556 1777 597 miseriis

129 629 425 669 subveniant.
448 628 579 669 Haec
602 641 677 669 res
697 629 762 669 ita
783 629 970 681 demum
992 627 1207 667 confecta
1229 626 1332 667 fuit,
1356 626 1496 667 Pater
1517 628 1702 668 curavit
1724 635 1774 668 ut

126 700 384 752 jurisperiti
405 706 450 740 et
474 701 655 751 notarii¹
675 700 813 740 simul
841 699 901 740 ad
930 698 1186 750 Proregem
1213 704 1608 739 convocarentur.
1640 698 1775 749 Quod

128 783 235 812 cum
255 770 433 811 factum
459 771 639 823 fuisset,
663 775 986 811 convenerunt
1007 781 1194 810 omnes:
1218 770 1459 821 negotium
1490 770 1580 809 illis
1608 782 1777 822 propo·

128 843 276 883 nitur:
301 842 488 883 demum
508 843 662 883 nullus
683 847 754 882 est
774 841 852 893 qui
874 852 967 881 non
998 841 1276 881 consentiat.
1307 841 1428 881 Huic
1457 848 1616 881 autem
1643 841 1772 893 operi

127 919 312 954 tantum
343 914 515 965 singuli
542 925 723 962 eorum,
747 924 842 953 una
873 923 980 952 cum
1008 912 1142 952 curia
1169 912 1331 964 (quam
1359 912 1434 952 hic
1462 913 1645 952 cursam
1680 925 1777 953 ma-

126 997 279 1036 gnam
311 983 322 1003 ¹
355 985 621 1033 nominant)
653 990 698 1024 et
729 984 920 1025 civitate
950 983 1192 1034 Messana,
1216 983 1415 1035 singulis
1438 985 1574 1024 annis
1606 985 1767 1024 contri-

125 1057 268 1096 buere
289 1061 553 1096 statuerunt
575 1061 624 1095 ut
645 1055 719 1095 his
739 1055 982 1106 reditibus,
1006 1055 1085 1107 qui
1105 1055 1320 1106 perpetui
1336 1062 1484 1105 erunt,
1506 1067 1599 1095 non
1622 1057 1774 1096 solum

126 1127 356 1178 hospitale
377 1127 632 1167 sustentari
652 1127 824 1178 possit,
844 1127 927 1167 sed
948 1127 1091 1167 etiam
1110 1126 1176 1166 illi
1197 1138 1383 1179 quoque
1405 1128 1639 1167 carcerati
1670 1128 1777 1167 sub-

125 1199 427 1249 levabuntur,
451 1198 618 1250 quibus
650 1204 839 1250 praeter
869 1198 1110 1238 miseriam
1135 1198 1251 1238 nihil
1281 1204 1509 1249 superest.
1542 1198 1609 1238 Illi
1640 1210 1769 1250 vero,

127 1269 293 1321 quibus
320 1281 437 1321 opus
465 1269 661 1310 curandi
690 1269 923 1321 hospitale
952 1269 1199 1319 incumbit,
1232 1275 1407 1309 statuta
1435 1270 1557 1310 inter
1585 1282 1635 1310 se
1665 1282 1773 1310 con-

127 1341 441 1393 scripserunt,
464 1341 805 1381 Procuratores
827 1347 873 1382 et
900 1341 1142 1381 ministros
1162 1347 1212 1381 ut
1232 1341 1334 1381 fieri
1355 1342 1496 1391 solet,
1533 1347 1767 1392 crearunt,

126 1418 177 1452 ut
198 1413 324 1452 omni
346 1424 459 1452 cura
477 1411 574 1464 jam
594 1425 680 1453 nos
703 1413 1006 1453 absolverint.
1030 1412 1165 1453 Nunc
1193 1418 1377 1452 tantum
1406 1413 1576 1464 aliquis
1604 1425 1662 1453 ex
1688 1412 1772 1453 Pa-

122 1483 272 1524 tribus
294 1484 508 1535 mittitur,
533 1484 610 1536 qui
632 1483 796 1524 diebus
815 1484 948 1524 festis
969 1483 1165 1524 infirmis
1198 1484 1401 1524 celebret
1430 1484 1442 1502 ”³
1467 1490 1547 1524 aut
1575 1484 1773 1536 alicujus

121 1555 479 1607 confessionem,
501 1556 540 1596 si
556 1568 749 1596 necesse
766 1556 840 1607 sit,
859 1556 1033 1596 audiat.
1055 1555 1285 1607 Quamvis
1302 1561 1347 1596 et
1360 1555 1477 1596 haec
1494 1556 1629 1596 nobis
1646 1563 1770 1608 post-

122 1627 212 1668 hac
235 1627 492 1668 omittenda
514 1633 669 1678 erunt,
693 1639 801 1668 cum
822 1628 1048 1668 lectiones
1069 1634 1264 1679 coeptae
1284 1628 1474 1668 fuerint.

201 1699 286 1739 His
308 1699 492 1750 diebus,
518 1711 624 1739 cum
645 1699 910 1740 Turcarum
930 1699 1098 1740 classis
1120 1700 1211 1740 huc
1233 1699 1431 1751 Neapoli
1459 1700 1770 1751 pervenisset,

121 1776 374 1822 antequam
396 1770 454 1810 ad
476 1782 586 1811 suos
607 1771 894 1822 navigatura
917 1771 1200 1821 discederet,
1225 1772 1281 1811 de
1304 1771 1589 1811 redimendis
1611 1771 1769 1823 aliqui-

120 1842 206 1882 bus
240 1842 442 1894 captivis
476 1848 634 1882 actum
665 1842 772 1893 fuit,
811 1854 918 1882 cum
952 1849 997 1883 et
1031 1843 1119 1894 ipsi
1153 1844 1403 1883 nonnullos
1435 1854 1494 1882 ex
1529 1843 1652 1893 suis,
1692 1843 1771 1894 qui

121 1913 368 1954 Messanae
388 1914 687 1964 haberentur,
712 1915 943 1955 redimere
966 1921 1205 1966 cuperent.
1230 1914 1332 1954 Hac
1355 1915 1400 1954 in
1423 1926 1473 1954 re
1496 1914 1636 1954 Pater
1660 1914 1770 1954 duo-

121 1985 207 2025 bus
227 1984 392 2026 diebus
413 1986 477 2026 ita
499 1986 759 2034 laboravit,
784 1992 834 2026 ut
856 1985 935 2026 400
954 1986 1051 2026 fere
1073 1997 1244 2026 aureos
1266 1986 1612 2038 quamprimum
1634 1986 1771 2025 colle-

119 2057 257 2108 gerit.
282 2057 463 2097 Verum
484 2069 591 2097 cum
611 2057 875 2098 Turcarum
898 2058 1148 2098 insolentia
1171 2064 1214 2097 et
1232 2057 1532 2109 improbitate
1550 2057 1770 2097 effectum

120 2128 282 2168 fuisset
303 2134 352 2169 ut
380 2129 496 2168 nihil
522 2129 612 2169 hac
641 2129 697 2169 de
726 2141 777 2169 re
806 2129 959 2179 fieret,
989 2128 1170 2169 Prorex
1197 2130 1380 2169 servari
1408 2128 1655 2180 pecuniam
1678 2127 1771 2179 jus-

121 2200 200 2251 sit,
224 2201 299 2240 cui
319 2206 431 2241 tunc
459 2213 518 2241 ex
544 2201 710 2252 poenis
742 2201 1074 2242 damnatorum
1103 2206 1289 2242 tantum
1318 2201 1492 2242 addere
1522 2201 1686 2241 statuit
1717 2208 1768 2240 ut

121 2272 246 2311 mille
267 2271 544 2313 ducatorum
566 2284 750 2313 summa
770 2273 1016 2324 habeatur,
1042 2285 1183 2325 quam
1204 2280 1367 2325 postea
1391 2273 1450 2313 ad
1471 2272 1772 2313 redimendos

123 2343 421 2384 Christianos
443 2343 902 2396 Constantinopolim
924 2345 1114 2385 missuri
1135 2351 1255 2385 sunt.

202 2414 354 2455 Credo
385 2415 471 2455 P.m
492 2415 643 2456 Tuam
678 2416 799 2456 scire
832 2415 890 2456 D.
928 2415 1200 2468 Isabellam,
1236 2415 1381 2456 filiam
1415 2416 1659 2467 Proregss,
1697 2414 1773 2454 his

121 2486 283 2526 diebus
305 2485 476 2526 Comiti
498 2486 554 2526 de
573 2486 709 2527 Luna
739 2486 752 2505 ⁵
780 2487 947 2539 nuptui
968 2487 1192 2528 traditam
1220 2487 1380 2527 fuisse.
1414 2484 1595 2526 Harum
1624 2486 1771 2537 igitur

119 2557 412 2609 nuptiarum,
451 2564 738 2609 procurante
782 2558 944 2610 Patre,
991 2571 1050 2599 ne
1091 2571 1237 2599 unum
1283 2558 1470 2610 quidem
1514 2551 1770 2609 pauperem

119 2628 264 2669 fuisse
286 2629 503 2669 existimo
531 2630 612 2681 qui
630 2641 712 2682 per
735 2631 905 2671 multos
926 2629 1025 2670 dies
1046 2631 1273 2671 laetitiam
1293 2642 1386 2670 non
1415 2630 1627 2670 senserit.
1660 2629 1763 2669 Ete-

118 2701 215 2740 nim
237 2707 305 2741 tot
327 2702 656 2754 eleemosynae
677 2702 815 2743 datae
837 2703 1050 2754 fuerunt,
1083 2709 1132 2743 ut
1163 2715 1256 2743 non
1284 2703 1434 2741 solum
1463 2713 1554 2753 qua
1585 2701 1658 2741 die
1687 2713 1767 2740 nu-

173 2910 183 2929 1
223 2910 275 2937 La
290 2919 380 2945 gran
398 2912 497 2939 Corte
512 2903 608 2938 della*
623 2912 737 2939 nobile
754 2912 844 2939 Citta
860 2913 898 2940 di
912 2912 1094 2939 lllessana.

173 2958 186 2977 ‘2
225 2958 350 2986 Coram
365 2959 507 2987 infirmis
519 2959 643 2987 Missae
658 2959 864 2988 sacrificium
880 2965 1037 2995 peragat.

171 3006 186 3026 5
224 3006 347 3034 Petrus
363 3008 402 3034 de
418 3007 527 3041 Luna,
544 3007 599 3041 qui
614 3012 648 3034 et
663 3007 741 3035 Dux
757 3008 796 3035 de
809 3008 950 3035 Bibona.
