2080 3392
855 189 937 226 AN.
970 189 1060 227 1554
1711 187 1781 223 077

142 291 217 330 vel
240 301 323 330 sex
345 289 445 330 dies
466 288 673 338 conficit;
696 299 842 339 usque
863 299 917 327 eo
941 286 1064 338 apud
1093 298 1255 327 omnes
1283 286 1522 338 gratiosus
1550 290 1635 333 est,
1661 283 1779 324 adeo

139 361 397 402 redimendi
419 361 634 412 captivos
656 358 866 411 eupiduS,
899 364 949 398 ut
979 358 1112 398 brevi
1137 358 1368 409 grandem
1394 356 1644 408 pecuniam
1673 367 1781 396 con-

141 432 320 473 fecerit.
343 431 538 483 Verum,
562 442 668 471 cum
688 430 783 470 iam
803 436 926 470 esset
948 429 1202 479 rediturus,
1233 428 1500 468 nuntiatum
1521 433 1590 468 est
1621 437 1781 478 regem

144 515 303 544 secum
326 504 373 543 in
390 502 594 554 patriam
611 501 862 542 abduxisse
885 500 1122 552 captivos3
1144 500 1200 540 ob
1223 511 1363 552 quam
1386 510 1579 539 causam
1600 510 1696 538 non
1712 504 1782 538 est

141 574 392 625 profectus.
425 574 508 614 Est
542 584 665 613 nunc
702 572 827 624 apud
861 583 948 612 nos
982 583 1207 622 magnum
1240 571 1468 611 virtutum
1497 570 1778 621 exemplum,

142 646 343 686 maxime
360 644 669 695 obedientiae.
691 643 782 684 Ubi
798 644 942 694 venit,
965 643 1126 683 statim
1143 642 1305 683 didicit
1321 642 1509 693 regulas
1535 640 1560 689 ¹;
1582 652 1781 693 cumque

144 723 266 757 esset
287 716 492 767 negotiis
519 716 898 763 distentissimus‚
931 727 989 754 ne
1011 714 1057 754 in
1088 714 1280 754 minima
1308 713 1495 765 quidem
1522 725 1571 753 re
1600 713 1672 752 sui
1694 712 1780 752 dis-

143 788 307 828 similis
328 787 589 827 videbatur.
615 786 806 837 Quoties
836 786 947 838 quid
969 792 1070 825 erat
1102 791 1307 834 acturus,
1341 785 1478 824 toties
1507 784 1780 824 facultatem

144 860 349 911 petebat;
376 866 444 898 est
468 858 774 908 humillimus;
798 857 857 897 ad
878 869 1131 906 summam,
1156 868 1212 895 ne
1235 867 1375 906 agam
1397 856 1453 896 de
1474 855 1686 906 singulis,
1711 863 1780 894 θεῖ

143 931 359 970 omnibus
381 930 608 970 virtutum
629 929 837 969 numeris
865 929 1122 968 absolutus.
1147 927 1354 967 Laborat
1385 926 1651 978 plurimum,
1688 933 1777 966 stu-

143 1002 219 1042 det
241 1001 383 1041 etiam
404 1001 655 1051 nonnullis,
679 1012 799 1052 quae
817 999 926 1039 olim
951 998 1144 1038 audivit.
1170 997 1466 1038 Conveniunt
1489 1009 1595 1037 eum
1618 1008 1775 1049 quam-

142 1073 347 1125 plurimi;
372 1073 449 1112 alii
471 1084 576 1112 eum
598 1078 769 1123 rogant
790 1083 849 1111 an
870 1071 1061 1110 valeant
1082 1069 1274 1120 captivi,
1300 1069 1379 1109 alii
1401 1069 1568 1120 quibus
1590 1069 1779 1108 rationi-

144 1145 230 1184 bus
252 1144 544 1184 commodius
566 1143 871 1192 redimantur,
897 1148 1056 1193 septus
1083 1151 1419 1191 nonnunquam
1446 1139 1687 1180 hominum
1709 1151 1780 1180 co-

142 1227 275 1256 rona.
307 1214 617 1254 Hebdomada
639 1219 804 1254 sancta
826 1218 1056 1252 venerunt
1084 1212 1174 1251 huc
1196 1211 1389 1262 triginta
1421 1211 1612 1262 captivi,
1642 1211 1780 1262 pleri-

144 1299 233 1338 que
254 1286 386 1338 pueri
408 1297 463 1325 ac
485 1285 732 1335 foeminae,
756 1296 873 1336 quos
895 1284 993 1335 ipse
1015 1283 1294 1332 redemerat,
1323 1283 1369 1322 id
1390 1283 1514 1334 quod
1536 1283 1783 1322 vehemen-

143 1366 213 1398 ter
244 1369 407 1398 omnes
433 1356 717 1407 aedificavit,
751 1363 891 1408 atque
922 1355 1104 1407 impulit
1131 1354 1189 1394 ad
1220 1354 1445 1405 plurimas
1476 1354 1784 1394 eleemosinas

143 1429 430 1480 largiendas.
464 1429 597 1469 Multi
629 1428 875 1480 pecuniam
912 1427 1099 1467 mittunt
1128 1426 1186 1465 ad
1216 1425 1515 1465 redimendos
1551 1425 1781 1477 captivos,

146 1501 221 1541 cui
243 1500 535 1551 colligendae
557 1506 665 1540 sunt
686 1500 778 1539 duo
806 1500 852 1539 in
874 1499 962 1538 hac
984 1498 1098 1537 urbe
1127 1497 1369 1546 destinati;
1394 1497 1492 1548 ipse
1519 1509 1634 1537 vero
1663 1508 1782 1536 com-

143 1573 405 1613 modiorem
437 1570 696 1611 redimendi
722 1571 955 1610 rationem
991 1569 1141 1609 docet.
1173 1568 1329 1608 Ebora
1360 1568 1489 1608 allati
1521 1574 1628 1608 sunt
1656 1568 1777 1607 simu

150 1644 349 1695 amplius
376 1643 455 1683 300
489 1645 541 1690 Π.
574 1642 777 1693 Quidam
805 1641 1107 1692 olissiponem
1139 1652 1245 1680 eum
1273 1639 1496 1680 accersiri
1526 1639 1674 1689 iussit,
1710 1639 1786 1679 cui

143 1715 249 1755 2000
266 1714 343 1767 [ff]
368 1721 501 1755 erant
530 1714 732 1765 captivis
762 1713 1066 1759 redimendis;
1087 1711 1331 1762 negotium
1352 1710 1479 1751 dedit
1499 1710 1643 1761 Patri,
1663 1711 1787 1762 quod

143 1786 501 1838 diligentissime
518 1785 809 1836 procuravit.
830 1784 964 1824 Alter
983 1789 1264 1824 testamento
1281 1783 1468 1834 reliquit
1489 1782 1646 1822 omnia
1663 1782 1786 1822 bona

141 1859 312 1911 Joanni
332 1857 501 1907 Nonio,
526 1856 693 1908 quibus
714 1856 1057 1896 redimerentur
1080 1855 1271 1906 captivi,
1302 1866 1422 1906 quae
1446 1853 1552 1893 6000
1590 1856 1623 1897 Ζ
1651 1853 1785 1893 aesti-

141 1935 268 1970 mata
299 1934 419 1969 sunt.
446 1928 646 1979 Quidam
672 1927 1087 1968 vehementissime
1109 1926 1306 1978 cupidus
1334 1925 1510 1977 aliquid
1538 1924 1784 1975 largiendi,

144 2012 249 2041 cum
290 2001 338 2040 in
376 2000 615 2051 praesenti
654 2011 750 2039 non
785 2006 909 2039 esset
944 1998 1160 2050 pecunia,
1200 2009 1371 2049 equum
1406 1996 1616 2047 donavit,
1650 2007 1788 2048 quem

144 2074 262 2112 alter
284 2083 462 2123 eorum,
487 2071 566 2123 qui
587 2071 850 2122 depositam
872 2069 1122 2121 pecuniam
1143 2074 1318 2119 servat,
1348 2068 1574 2108 vendidit.
1604 2067 1788 2118 Hispali

141 2155 224 2196 per
246 2144 407 2183 literas
428 2148 630 2182 vocatus
651 2148 736 2194 est,
762 2142 888 2194 quod
910 2141 1219 2193 hispalienses
1240 2145 1545 2189 mercatores,
1575 2138 1783 2189 toletani,

142 2215 432 2266 pintianique
454 2214 644 2254 inierint
675 2215 950 2254 societatem
973 2213 1033 2253 ad
1060 2211 1357 2253 redimendos
1385 2211 1616 2262 captivos,
1648 2222 1671 2250 e
1694 2220 1786 2261 qua

143 2287 351 2326 maxima
379 2287 694 2326 emolumenta
716 2286 941 2336 orientur,
972 2296 1077 2325 cum
1107 2283 1285 2324 faciant
1318 2282 1787 2334 quaestuosissimam

143 2364 463 2399 mercaturam
483 2357 513 2398 ⁶².

224 2429 482 2470 Plurimum
515 2441 602 2469 nos
637 2429 684 2469 in
719 2428 923 2470 Domino
959 2429 1231 2469 consolatae
1271 2431 1378 2467 sunt
1413 2426 1576 2466 literae
1615 2426 1785 2466 isthinc

144 2502 328 2550 allatae,
365 2500 571 2540 maxime
605 2512 660 2541 ea
693 2499 722 2551 ³,
759 2511 880 2552 quae
913 2499 968 2540 de
1005 2499 1202 2550 Collegii
1237 2498 1401 2538 ordine
1436 2508 1785 2549 progressuque

144 2573 319 2624 scripta
341 2578 463 2612 sunt.
489 2571 749 2612 Maximam
770 2572 912 2612 etiam
933 2571 1160 2611 laetitiam
1182 2570 1439 2610 attulerunt
1466 2569 1538 2608 his
1559 2568 1782 2620 Principi-

196 2734 205 2753 ¹
244 2733 298 2760 Ex
313 2733 528 2768 Portugallia
542 2733 576 2760 in
589 2731 834 2760 Mauritaniam
847 2733 983 2760 abierat
999 2732 1033 2759 P.
1050 2731 1166 2759 Nunez
1181 2738 1269 2758 anno
1287 2730 1354 2757 1548
1373 2729 1554 2763 (PoLAxco,
1580 2728 1785 2760 Clzrom'con,

141 2785 163 2809 t.
178 2789 206 2813 1.
221 2781 375 2816 pag.327,
392 2789 423 2808 n.
438 2781 517 2814 2:39),
535 2788 610 2808 cum
631 2780 814 2808 Societatis
833 2780 1103 2808 Constitutiones
1125 2784 1158 2806 et
1180 2779 1321 2813 regulae
1344 2777 1490 2804 nondum
1513 2779 1612 2803 erant
1635 2777 1781 2811 promul-

143 2833 259 2862 gatae.

193 2877 206 2895 ²
246 2876 333 2903 Vide
348 2883 452 2911 supra
467 2879 675 2903 memoratas
691 2875 812 2903 literas
828 2876 862 2903 P.
878 2876 1019 2903 Antonii
1035 2876 1075 2903 de
1092 2875 1257 2908 Quadros.

195 2926 209 2944 5
246 2924 365 2952 Sermo
383 2932 456 2951 esse
471 2924 610 2951 videtur
625 2923 665 2950 de
680 2923 863 2951 historicis
877 2924 1029 2957 litteris,
1045 2931 1128 2957 quas
1140 2923 1247 2950 habes
1262 2922 1294 2949 in
1317 2921 1442 2949 Cartas
1463 2921 1506 2948 de
1531 2920 1603 2947 San
1626 2920 1780 2954 Igmacio,

142 2976 166 2999 t.
184 2980 228 3003 iv,
244 2980 323 3006 pag.
340 2972 391 2999 134
402 2976 435 3000 et
451 2979 521 3005 seq.
537 2970 603 2998 Sed
618 2971 646 2998 si
661 2971 712 2998 ita
728 2975 797 3005 est,
814 2979 932 2999 earum
947 2972 1071 2999 saltem
1087 2971 1294 3005 exemplum,
1311 2969 1398 3004 quod
1414 2969 1446 2996 in
1467 2968 1683 2996 Lusitaniam
1703 2968 1781 2995 mis·

143 3028 215 3047 sum
227 3024 290 3055 est,
306 3020 436 3054 aliquot
451 3025 530 3047 ante
544 3019 616 3046 Cal.
631 3017 741 3046 Maias
756 3019 873 3047 diebus
888 3019 1017 3046 Romae
1033 3019 1151 3046 datum
1166 3018 1268 3045 fuisse
1283 3024 1423 3044 necesse
1438 3020 1502 3045 est.
