2080 3392
279 208 349 245 422
787 207 1013 246 LITTERAE
1040 219 1397 252 QUADRIMESTRES

279 302 539 354 contigere,
574 313 669 342 non
703 304 872 343 multos
906 308 1013 354 post
1049 303 1146 343 dies
1181 315 1239 343 ex
1269 315 1391 355 aqua
1421 309 1465 343 et
1495 303 1603 355 Spu.
1634 310 1797 345 sancto
1835 305 1905 355 (ut

279 373 566 423 evangelicis
581 374 740 413 verbis
756 374 876 424 utar)
894 380 963 414 est
983 380 1189 425 renatus,
1214 380 1257 415 et
1274 375 1321 414 in
1341 374 1568 415 hodierno
1590 376 1662 416 die
1684 382 1906 416 constans

278 444 325 483 in
345 444 450 484 fidei
469 445 711 496 proposito
731 451 1019 496 perseverat.
1042 445 1110 485 1111
1131 445 1189 485 sit
1218 446 1342 494 laus,
1372 446 1437 485 illi
1464 447 1612 487 honor
1641 453 1778 498 atque
1810 448 1903 497 glo-

278 516 368 567 ria,
392 516 525 556 cuius
546 516 740 556 dextera
767 516 990 556 virtutem
1022 516 1151 567 fecit,
1182 517 1405 568 cuiusque
1434 529 1603 557 nomen
1633 518 1692 558 sit
1724 529 1907 569 semper

277 587 586 627 benedictum.
612 587 779 628 Amen.

357 658 432 698 Ad
453 657 679 698 Thomam
700 664 912 698 nostrum
935 659 1096 709 redeo,
1122 670 1257 710 quem
1278 659 1344 699 sic
1365 659 1635 710 reliquimus
1657 660 1705 699 in
1723 658 1812 699 fide
1838 671 1908 700 ro-

276 728 511 778 boratum,
541 734 590 768 ut
623 728 716 769 iam
742 728 798 769 de
837 729 915 769 illa
941 740 1036 769 non
1063 729 1296 769 dubitaret
1323 730 1536 781 amplius.
1566 730 1608 770 Is
1636 729 1777 781 igitur
1804 741 1909 770 cum

277 798 394 839 adeo
422 799 710 850 diuturnam,
741 799 867 840 haud
902 811 1014 840 sane
1050 800 1278 840 adversus
1313 811 1504 840 carnem
1537 807 1581 840 et
1616 801 1907 853 sanguinem,

277 880 485 921 pugnam
511 870 826 922 sustinuisset,
860 871 1006 911 divini
1031 871 1219 911 luminis
1245 871 1434 911 tandem
1461 872 1673 912 claritate
1705 883 1784 912 cor
1813 872 1911 912 eius

276 941 553 992 illustrante,
577 953 676 982 nro.
701 941 830 982 Patri
850 941 1131 982 desiderium
1152 942 1391 993 patefecit,
1417 942 1540 993 quod
1562 954 1774 982 crescere
1795 942 1842 982 in
1862 954 1911 982 se

276 1012 482 1064 quotidie
503 1013 746 1054 sentiebat.
764 1013 927 1054 Altera
949 1025 1150 1065 namque
1171 1013 1244 1053 die
1267 1026 1293 1053 a
1314 1013 1465 1053 sancti
1486 1013 1620 1064 Spus.
1646 1014 1817 1054 celebri
1839 1025 1907 1053 so-

277 1084 528 1133 lemnitate,
548 1084 665 1124 hora
686 1083 831 1125 ferme
851 1085 1003 1125 noctis
1025 1084 1230 1135 dimidia,
1249 1084 1391 1125 misso
1413 1084 1473 1125 ad
1493 1091 1705 1125 nostrum
1725 1085 1912 1125 Patrem

279 1154 548 1204 sacerdote,
586 1167 721 1195 suum
756 1156 821 1195 illi
855 1155 1001 1196 voluit
1034 1155 1330 1207 desyderium
1358 1156 1545 1207 aperiri.
1576 1155 1697 1206 Quin
1728 1162 1771 1196 et
1797 1156 1910 1207 ipse,

276 1238 384 1266 cum
405 1226 464 1266 ad
486 1238 590 1266 eum
611 1227 818 1266 Venisset
837 1233 1024 1278 postea,
1048 1227 1247 1277 rogabat
1267 1239 1324 1266 ne
1345 1227 1468 1267 ultra
1493 1233 1764 1278 sequentem
1791 1227 1914 1266 diem

277 1297 511 1348 baptisma
533 1296 813 1337 differretur.
832 1296 956 1338 Satis
978 1298 1100 1338 enim
1121 1309 1351 1349 superque
1370 1297 1553 1348 (aiebat)
1572 1298 1735 1338 dnicis.
1755 1309 1804 1338 se
1821 1309 1912 1338 mo-

277 1368 387 1408 nitis
408 1368 659 1418 restitisse3
683 1380 869 1419 verum,
893 1369 1108 1420 quamvis
1130 1380 1294 1420 aegre,
1319 1369 1536 1419 obtinuit,
1560 1370 1636 1408 vel
1656 1369 1811 1420 potius
1838 1380 1912 1408 ex-

278 1439 427 1488 torsit,
447 1439 631 1479 demum
648 1438 787 1479 Pater
807 1445 856 1479 ut
878 1439 983 1479 inde
1006 1439 1064 1479 ad
1087 1445 1191 1479 octo
1213 1439 1312 1479 dies
1332 1439 1663 1490 baptizaretur:
1682 1439 1779 1490 ipse
1800 1450 1913 1479 vero

276 1511 461 1550 interim
482 1511 775 1561 recogitabat
797 1522 902 1550 cum
923 1511 1151 1562 propheta
1174 1522 1336 1550 omnes
1353 1516 1597 1550 anteactae
1618 1511 1743 1550 vitae
1765 1522 1914 1550 annos

276 1582 323 1621 in
344 1582 526 1622 animae
548 1594 660 1622 suae
683 1582 1006 1622 amaritudine.
1034 1582 1223 1634 Iamque
1245 1582 1342 1622 dies
1364 1582 1553 1622 advenit
1575 1582 1845 1631 constituta,
1868 1581 1914 1620 in

274 1665 367 1704 qua
389 1653 664 1693 delictorum
686 1653 891 1693 omnium
913 1658 1035 1693 esset
1057 1665 1083 1692 a
1105 1653 1465 1692 clementissimo
1493 1652 1694 1692 Domino
1722 1652 1909 1691 veniam

277 1724 626 1775 impetraturus.
659 1723 820 1775 Itaque
854 1724 901 1763 in
935 1723 1053 1764 festo
1082 1723 1452 1774 gloriosissimae
1483 1729 1621 1774 atque
1648 1722 1911 1762 sacratissi-

276 1807 379 1835 mae
407 1795 670 1846 Trinitatis,
700 1795 815 1834 hora
851 1795 947 1834 fere
981 1795 1211 1845 vigesima
1246 1795 1403 1844 tertia,
1438 1805 1610 1845 magna
1639 1794 1795 1845 populi
1825 1792 1910 1833 sre-

276 1866 466 1917 quentia
487 1871 753 1917 praesente,
778 1877 877 1905 nra.
903 1866 950 1905 in
971 1865 1189 1916 ecclesia,
1214 1877 1307 1905 non
1328 1864 1568 1904 commode
1590 1865 1704 1905 satis
1726 1864 1785 1904 ad
1815 1870 1911 1904 tam

275 1937 456 1987 grande
478 1937 810 1988 spectaculum,
831 1936 1235 1987 peristromatibus
1255 1941 1435 1986 ornata,
1456 1934 1736 1975 Sanctorum
1754 1941 1909 1974 tamen

277 2008 569 2058 Angelorum
587 2007 743 2047 choris
761 2007 983 2047 decorata
1007 2007 1121 2046 satis
1142 2007 1201 2046 ad
1217 2006 1512 2057 baptismatis
1533 2006 1734 2046 accessit
1757 2017 1910 2045 sacra-

277 2084 499 2118 mentum.
531 2078 746 2129 Dumque
777 2078 834 2117 ab
861 2077 1107 2117 Hembitae
1139 2076 1148 2095 ยน
1176 2077 1381 2117 civitatis
1413 2077 1566 2128 (quam
1592 2076 1804 2116 Xaccam
1834 2087 1912 2115 vo-

278 2151 408 2197 cant)
440 2149 661 2189 Antistite
695 2160 780 2200 pro
815 2149 994 2188 foribus
1029 2148 1291 2188 exorcisma
1320 2149 1576 2198 legeretur3
1613 2159 1721 2187 ecce
1751 2158 1914 2186 maura

277 2220 529 2272 quaedam,
553 2220 712 2260 divino
733 2219 900 2271 spiritu
931 2219 1144 2269 incitata,
1179 2230 1285 2258 cum
1311 2218 1533 2269 lacrymis
1561 2218 1619 2258 ad
1650 2218 1912 2269 praesulem

279 2292 527 2341 accedens,
553 2291 611 2331 ab
634 2303 687 2330 eo
710 2302 759 2330 se
780 2290 1008 2342 baptizari
1029 2290 1284 2340 flagitabat.
1309 2289 1460 2340 Quam
1481 2289 1668 2340 quidem
1688 2289 1906 2339 gratiam,

277 2363 385 2414 quia
408 2374 501 2402 non
522 2368 621 2402 erat
643 2362 699 2401 de
719 2361 811 2411 his,
836 2373 954 2412 quae
984 2361 1042 2400 ad
1069 2360 1206 2400 fidem
1233 2361 1486 2411 pertinent,
1516 2360 1771 2409 instructa,
1804 2359 1910 2399 licet

277 2433 434 2473 multis
453 2432 703 2483 gemitibus
725 2438 1020 2483 exposceret,
1045 2431 1296 2482 impetrare
1318 2438 1427 2471 tunc
1457 2430 1680 2481 temporis
1709 2441 1802 2469 non
1831 2441 1891 2468 va
1902 2452 1914 2462 -.

277 2504 375 2543 luit.
401 2502 517 2543 Cum
539 2508 695 2543 autem
715 2501 937 2554 quidquid
958 2508 1201 2553 supererat
1228 2501 1464 2552 lectionis,
1498 2501 1775 2541 absolvisset
1807 2500 1912 2551 Epi-

280 2586 469 2625 scopus,
499 2586 522 2613 e
549 2574 707 2625 templi
733 2573 910 2613 foribus
937 2573 984 2612 in
1012 2573 1110 2612 eius
1139 2572 1342 2612 medium
1366 2572 1645 2624 procedens,
1690 2572 1912 2611 Ioannem

278 2646 510 2685 Thomam
540 2645 681 2696 (quod
707 2644 771 2684 illi
798 2655 969 2684 nomen
997 2650 1106 2683 tunc
1136 2643 1220 2683 fuit
1249 2643 1531 2694 impositum)
1563 2642 1800 2692 omnibus,
1837 2641 1914 2693 qui

279 2716 474 2756 aderant
497 2716 620 2766 (narn
648 2715 703 2755 de
730 2715 830 2766 ipso
863 2715 964 2766 quis
995 2715 1234 2765 dubitetP),
1266 2714 1601 2766 gaudentibus,
1636 2712 1908 2764 baptizavit.

280 2787 383 2827 Non
404 2793 612 2838 repetam
634 2786 707 2826 hic
729 2786 938 2837 pluribus
959 2791 1134 2837 quanta
1155 2785 1292 2825 fuerit
1315 2785 1527 2825 omnibus
1548 2785 1594 2824 in
1616 2784 1689 2824 die
1712 2784 1787 2823 illa
1822 2784 1911 2823 lae-

280 2857 404 2897 titia:
427 2863 475 2897 ut
497 2857 539 2896 ei
558 2857 908 2907 gratularentur
930 2855 1129 2905 externi,
1156 2856 1536 2906 amplexarentur
1558 2855 1721 2905 amici,
1756 2854 1914 2894 cuncti

342 3016 352 3036 ยน
400 3016 452 3043 lta
468 3016 521 3043 hic
533 3016 710 3050 perspicue
723 3015 808 3049 quod
820 3014 988 3042 Polancus
999 3014 1135 3047 scripsit
1148 3013 1353 3040 Henzz'litae.
1369 3012 1455 3040 Vide
1470 3012 1671 3046 Clzronz'con,
1684 3016 1707 3040 t.
1717 3019 1850 3046 111,pag.
1861 3011 1922 3038 210.
