2080 3392
815 188 897 225 ΑΝ.
931 185 1022 223 1553
1663 179 1736 217 307

90 301 180 330 nos
200 288 393 329 visitavi
412 288 584 328 limites
608 286 634 338 ¹,
657 287 735 327 ubi
757 285 1011 337 praedictis
1032 283 1215 334 diebus,
1240 282 1307 322 uti
1329 281 1544 321 omnibus
1566 279 1662 319 fere
1685 278 1733 318 in

93 361 229 411 locis,
252 371 346 400 non
374 365 471 399 tam
499 358 781 399 christianos
811 368 952 409 quam
984 355 1193 396 infideles
1223 366 1279 394 ac
1307 363 1522 405 paganos
1551 350 1647 390 suis
1683 360 1734 388 se

92 432 301 472 moribus
322 437 367 471 et
389 431 600 482 gestibus
621 441 723 470 esse
744 428 994 468 ostendunt
1015 426 1246 475 homines,
1278 424 1454 464 nullam
1483 434 1578 462 non
1606 431 1734 473 pom·

92 514 284 555 parum,
320 502 622 551 ebrietatum,
656 499 1009 540 execrationum
1038 510 1093 537 ac
1123 497 1426 545 chorearum,
1454 499 1592 546 prout
1613 492 1735 544 quis-

93 587 182 626 que
204 586 289 614 suo
311 574 441 614 libitu
462 573 568 613 duci
590 577 749 624 queat,
775 571 900 611 omni
922 575 1101 609 semoto
1123 568 1364 618 scrupulo,
1389 566 1523 617 quasi
1541 565 1667 605 licite
1689 570 1737 603 et

94 646 183 686 hoc
204 652 414 697 tempore
435 654 731 693 concessum,
765 648 1040 681 exercentes
1066 639 1396 691 petulantiam:
1426 639 1472 677 in
1504 637 1636 677 cuius
1658 635 1732 675 de-

92 717 414 766 testationem,
438 716 484 755 in
504 714 767 766 parochiali
784 713 977 764 templo,
998 712 1056 751 ad
1073 711 1281 751 divinum
1299 709 1499 749 officium
1516 708 1738 748 universo

94 794 386 839 congregato
408 787 534 826 clero
565 792 609 825 et
638 785 830 836 populo,
864 789 934 823 ter
961 781 1194 822 Dominus
1226 780 1498 821 concionari
1529 791 1611 830 per
1641 779 1736 817 lon-

94 871 208 911 gum
227 858 452 910 temporis
472 857 677 909 spatium
697 855 896 906 largitus
918 861 1007 904 est,
1032 864 1180 904 eoque
1209 852 1451 892 hominum
1480 851 1740 902 perducere

96 936 275 970 mentes
302 929 544 980 dignatus,
575 927 699 979 quod
727 926 943 967 omnibus
974 925 1075 964 istis
1102 923 1231 964 feriis
1259 934 1345 962 nec
1372 928 1622 973 tympana,
1653 933 1741 960 nec

97 1001 298 1051 fistulae,
322 1012 408 1040 nec
430 1001 523 1039 ulla
553 999 769 1039 ludorum
798 1008 995 1048 genera,
1026 1007 1112 1035 nec
1140 994 1486 1043 execrationes,
1518 1004 1603 1032 nec
1632 993 1739 1032 cho-

96 1085 226 1123 reae,
248 1084 334 1112 nec
357 1072 598 1111 hominum
627 1068 1006 1121 perturbationes
1028 1072 1107 1107 aut
1129 1066 1281 1115 visae,
1316 1072 1396 1105 aut
1425 1064 1634 1113 auditae,
1660 1069 1743 1103 aut

96 1145 144 1185 in
164 1144 362 1196 publicis
382 1148 634 1194 perceptae
655 1146 762 1181 sunt
790 1140 973 1191 plateis.
1004 1137 1097 1179 Sed
1124 1138 1305 1178 utinam
1333 1136 1595 1184 ebrietatis,
1620 1147 1740 1187 quae

100 1215 314 1256 omnibus
345 1214 483 1254 altius
518 1213 704 1253 radices
738 1211 886 1262 ducit,
929 1211 1098 1261 pestis,
1131 1208 1341 1248 funditus
1375 1207 1629 1258 exstirpari
1663 1218 1742 1258 po-

101 1287 282 1327 tuisset.

178 1358 432 1399 Caeterum
452 1368 539 1396 nec
555 1356 645 1396 hoc
665 1354 972 1396 omittendum
994 1360 1184 1393 autumo
1201 1364 1209 1392 ς
1234 1351 1486 1404 quamdam
1508 1351 1746 1399 virginem

98 1436 204 1482 post
225 1429 523 1469 collationem
544 1428 591 1467 in
611 1427 700 1467 fine
722 1426 894 1467 Missae
917 1425 972 1465 de
995 1436 1110 1465 vera
1132 1424 1203 1464 sui
1224 1423 1370 1475 ipsius
1392 1423 1439 1462 in
1457 1421 1611 1462 Deum
1632 1421 1744 1461 resi-

99 1501 324 1552 gnatione
355 1512 381 1540 a
411 1498 551 1539 Patre
585 1498 710 1550 Mag.
745 1498 957 1538 Adriano
985 1496 998 1514 ²
1030 1496 1257 1543 habitam,
1291 1495 1351 1535 ad
1382 1494 1521 1534 aedes
1555 1499 1747 1533 nostras

100 1572 308 1622 venisse,
333 1582 519 1611 omnem
538 1582 672 1610 suam
699 1569 1005 1621 pecuniarum
1028 1579 1083 1608 ac
1105 1567 1336 1607 redituum
1361 1572 1619 1617 apportans
1642 1565 1745 1604 sub-

102 1643 347 1693 stantiam,
372 1642 606 1694 conquirit
627 1641 838 1691 Patrem,
863 1652 953 1694 quo
976 1638 1281 1688 adventante,
1305 1638 1422 1677 haec
1451 1637 1587 1676 simul
1609 1636 1747 1687 peplo

101 1716 315 1756 involuta
336 1714 378 1754 ei
399 1714 607 1764 tradens,
630 1723 770 1753 verso
792 1718 941 1763 tergo,
961 1723 1047 1751 nec
1067 1711 1260 1750 verbum
1276 1709 1416 1749 fando
1439 1709 1595 1753 ullum.
1618 1707 1746 1747 aufu-

100 1786 181 1839 git.
206 1787 346 1827 Pater
367 1791 546 1835 autem,
571 1795 670 1824 rem
692 1783 1022 1833 considerans,
1046 1793 1133 1822 nec
1162 1781 1261 1822 eius
1282 1782 1446 1821 volens
1474 1779 1746 1819 contristari

101 1858 340 1910 spiritum,
375 1856 616 1906 subticuit;
652 1855 838 1895 interim
868 1866 1004 1904 vero,
1040 1853 1213 1905 partim
1248 1864 1331 1904 per
1366 1851 1553 1891 tertiam
1588 1861 1748 1901 perso·

102 1940 234 1979 nam,
259 1929 431 1980 partim
452 1928 544 1968 alio
567 1939 616 1968 se
638 1926 860 1967 offerente
881 1925 1057 1975 medio,
1087 1936 1178 1976 quo
1209 1924 1309 1975 ipsa
1336 1924 1383 1963 in
1415 1935 1499 1963 sua
1531 1933 1747 1973 perseve-

103 2007 173 2041 ret
193 2000 536 2051 resignatione,
561 1998 778 2038 restituit.
802 1997 910 2037 Alia
933 1996 1165 2048 quaedam
1186 1996 1323 2046 virgo
1356 1994 1402 2034 16
1433 2000 1513 2034 aut
1538 1993 1584 2032 17
1607 2005 1751 2032 anno-

103 2083 228 2122 rum,
251 2071 383 2111 iuxta
405 2071 541 2110 huius
562 2069 740 2110 saeculi
767 2080 947 2109 morem
976 2079 1202 2119 pompose
1232 2066 1485 2106 admodum
1517 2065 1749 2105 muliebri-

104 2144 191 2184 bus
212 2148 441 2183 exornata
464 2141 775 2191 ornamentis,
800 2146 905 2192 post
933 2139 1210 2180 concionem
1228 2139 1274 2178 in
1297 2137 1501 2189 quodam
1523 2136 1751 2176 coenobio

105 2214 367 2265 virginum,
404 2213 611 2253 omnium
645 2218 816 2263 rogatu
851 2211 1083 2260 habitam,
1124 2210 1203 2250 ubi
1242 2216 1337 2249 tres
1373 2220 1465 2249 uno
1502 2208 1576 2248 die
1613 2219 1750 2247 sacra

105 2290 413 2337 susceperunt
434 2284 690 2334 velamina,
715 2283 774 2323 ad
795 2294 995 2334 quarum
1018 2282 1205 2333 nuptias
1231 2292 1324 2321 una
1353 2293 1458 2320 cum
1480 2279 1757 2331 parentibus

106 2356 320 2408 praefata
343 2355 599 2396 advenerat
620 2356 794 2406 puella,
818 2354 956 2405 haec,
983 2354 1197 2405 inquam,
1223 2352 1448 2393 concione
1464 2350 1609 2400 finita,
1630 2362 1750 2401 quae

107 2428 164 2468 de
198 2433 349 2468 morte
376 2433 420 2467 et
445 2427 597 2478 gloria
623 2426 941 2478 perfectorum
968 2425 1053 2465 fuit
1079 2425 1434 2475 religiosorum,
1466 2434 1605 2474 super
1636 2422 1754 2462 haec

107 2499 235 2551 pauli
255 2499 424 2549 verba,
449 2497 548 2538 Col.
575 2497 638 2537 3.0
661 2503 786 2548 cap.e
814 2508 902 2536 vos
929 2496 1111 2536 mortui
1127 2495 1243 2535 estis
1269 2498 1313 2535 et
1334 2494 1435 2534 vita
1457 2497 1621 2533 vestm
1654 2493 1757 2532 abs-

109 2571 299 2611 condita
320 2574 391 2610 est
421 2581 526 2609 cum
559 2569 745 2609 Clm'sto
774 2568 822 2608 in
849 2568 972 2619 Deo,
1002 2579 1108 2608 cum
1135 2578 1271 2618 ergo,
1301 2572 1346 2606 et
1378 2577 1483 2606 cum
1513 2564 1755 2605 sororibus

108 2644 156 2683 in
193 2643 414 2683 inferiore
450 2641 665 2681 coenobii
695 2652 976 2691 permanens
1010 2645 1164 2692 parte,
1202 2650 1289 2678 nec
1329 2637 1387 2678 ad
1418 2637 1639 2689 nuptiale,
1673 2635 1755 2675 ubi

109 2720 331 2766 parentes
348 2713 615 2764 caeterique
633 2718 954 2752 convenerunt
973 2712 1256 2760 saeculares,
1274 2709 1524 2761 prandium
1541 2708 1753 2757 veniens,

112 2797 285 2837 magna
307 2790 556 2836 parentum
586 2783 834 2823 admiratio
863 2783 985 2834 cepit
1016 2782 1218 2832 animos;
1249 2786 1441 2832 peracto
1472 2790 1586 2819 vero
1618 2790 1757 2830 pran-

168 2923 179 2943 1
220 2922 323 2950 Ortus
338 2922 510 2949 Arnoldus
525 2925 601 2948 erat
616 2921 649 2948 in
664 2921 747 2948 urbe
762 2919 945 2952 Lummen,
960 2920 994 2946 in
1016 2919 1215 2955 Brabantia.
1235 2918 1429 2951 DELPLACE,
1446 2917 1761 2945 L'etablz·ssenzent

113 2971 206 2998 dela
223 2970 436 3005 Conzpagm'e
450 2969 494 2996 de
506 2969 616 3004 Je'sus
630 2969 721 2995 dans
736 2969 788 2995 les
802 2967 1000 3003 Pays-Bas,
1016 2967 1215 3001 appendice,
1226 2966 1272 2994 2.*

168 3019 182 3038 ‘-'
219 3018 331 3045 Voces
348 3017 442 3051 Αἶας.
458 3017 618 3044 Adriano
630 3017 780 3044 insertae
796 3019 873 3043 sunt
889 3023 909 3043 a
926 3016 1086 3043 Polanco.
