2080 3392
255 170 325 207 128
763 167 989 203 LirrERAE
1017 175 1374 208 QUADRlMESTREs

255 268 302 307 in
323 267 524 307 Domino
542 265 765 315 gaudeat?
790 263 1049 303 Nonnullae
1066 268 1310 302 matronae
1326 262 1503 302 nobiles
1520 263 1649 301 iuxta
1667 273 1721 301 ac
1744 261 1882 301 hone-

254 345 353 378 stae
374 337 502 377 Patri
522 337 705 377 xeniola
727 336 815 374 hoc
836 334 989 374 fausto
1013 333 1122 373 anni
1143 333 1370 384 principio
1392 333 1579 384 misere,
1605 344 1745 384 quae,
1775 333 1883 372 licet

253 421 423 460 parva,
446 419 667 458 magnam
688 412 844 446 tamen
865 416 979 455 erga
999 417 1084 445 nos
1106 405 1480 444 benevolentiam
1500 404 1756 443 declarant.
1782 403 1882 443 Hae

255 479 396 518 etiam
430 490 577 529 parva
605 482 767 516 nostra
798 476 956 516 limina
982 481 1141 516 tenere
1169 487 1261 515 non
1289 475 1615 526 dedignantur.
1644 475 1792 514 Porro
1819 475 1883 513 vi-

254 549 344 588 cini
366 548 512 588 nostri
533 558 704 598 magno
738 547 913 586 honore
934 558 1019 586 nos
1049 546 1265 597 indignos
1296 551 1656 596 prosequuntur.
1687 545 1885 584 Multum

252 631 338 659 nos
360 624 531 658 amant.
552 617 892 658 Lubentissime
915 623 958 656 et
980 628 1085 656 cum
1106 616 1336 657 desiderio
1354 615 1542 655 Patrem
1559 615 1751 655 audiunt
1768 616 1882 655 eius-

255 702 342 741 que
364 689 568 728 consiliis
590 699 767 728 morem
787 694 970 739 gerunt.
998 687 1166 728 Omnia
1188 687 1380 727 meliora
1407 687 1696 738 promittunt.

335 759 529 810 Saepius
552 758 803 798 confitendi
825 758 1219 809 opportunitatem
1241 763 1486 797 venantur.
1510 757 1634 797 Inter
1656 768 1771 808 quos
1792 768 1884 796 mu-

253 832 337 871 lier
359 831 588 882 quaedam
608 830 732 869 haud
758 829 944 869 infimae
972 836 1128 879 notae,
1161 841 1278 880 quae
1306 840 1453 880 usque
1483 828 1541 867 ad
1570 839 1714 868 canos
1741 828 1886 867 Vitam

254 914 348 942 non
370 902 484 941 satis
505 901 699 952 probam
721 906 763 939 et
786 900 1030 940 honestam
1053 899 1198 950 duxit3
1220 900 1405 950 iamque
1427 899 1561 938 annis
1584 898 1821 949 decrepita
1842 897 1888 936 in

255 973 357 1013 istis
378 972 592 1012 sordibus
614 972 730 1021 suis,
751 971 885 1022 quasi
903 971 1245 1010 conclamatum
1262 975 1384 1010 esset
1401 970 1456 1009 de
1474 969 1645 1019 salute,
1669 969 1762 1008 iam
1778 968 1887 1007 Tar-

255 1043 345 1083 tari
364 1043 541 1086 foribus
561 1043 822 1094 propinqua
847 1041 1273 1093 computrescebat,
1298 1041 1456 1092 ignitis
1473 1040 1521 1080 P.
1543 1039 1777 1079 Leonardi
1794 1050 1889 1078 ser-

256 1114 468 1154 monibus
491 1113 607 1153 adeo
629 1113 833 1152 excitata
854 1111 959 1161 fuit,
984 1118 1033 1152 ut
1055 1112 1206 1151 subito
1233 1111 1279 1151 in
1308 1112 1447 1151 aliam
1475 1116 1654 1150 mutata
1683 1110 1762 1159 sit;
1797 1110 1889 1149 iam

257 1185 353 1235 flet,
378 1185 471 1224 iam
493 1185 640 1234 luget,
665 1184 757 1223 iam
779 1189 871 1223 stat
893 1184 939 1222 in
961 1183 1094 1223 firma
1111 1183 1253 1223 animi
1269 1183 1500 1222 sententia
1516 1182 1745 1233 reliquum
1764 1181 1890 1221 vitae

256 1256 304 1295 in
335 1255 643 1295 amaritudine
671 1255 877 1302 animae,
908 1261 1103 1304 peccata
1131 1265 1214 1293 sua
1244 1253 1513 1303 recolendo,
1546 1252 1813 1301 traducere,
1846 1258 1890 1290 et

259 1327 455 1377 singulis
472 1326 775 1366 hebdomadis
798 1331 1059 1376 expurgato
1081 1325 1221 1364 corde
1238 1336 1320 1376 per
1340 1324 1701 1373 confessionem,
1721 1324 1888 1363 saluta·

256 1409 307 1437 re
330 1409 502 1448 corpus
524 1397 807 1437 dominicum
828 1407 1011 1436 sumere
1032 1396 1078 1435 in
1099 1396 1359 1446 gratiarum
1381 1395 1613 1435 actionem
1632 1406 1717 1445 pro
1749 1394 1890 1433 tantis

256 1468 511 1517 beneficiis,
537 1469 583 1507 in
603 1467 830 1519 propositi
852 1467 1184 1516 constantiam,
1215 1467 1399 1506 animae
1428 1466 1569 1505 robur
1599 1472 1642 1505 et
1672 1476 1889 1516 augmen-

258 1546 356 1579 tum
377 1539 573 1589 gratiae.
599 1538 813 1578 Profecto
836 1538 1029 1578 mutatio
1052 1538 1167 1577 haec
1191 1538 1413 1577 dexterae
1441 1536 1627 1576 excelsi.
1659 1535 1892 1587 Sapientis

259 1610 380 1649 enim
407 1610 704 1649 verissimum
738 1609 932 1648 dictum:
964 1608 1250 1657 adolescens,
1281 1608 1411 1647 iuxta
1440 1608 1566 1646 Viam
1589 1619 1741 1657 suam,
1767 1618 1892 1647 sene-

259 1691 415 1731 scens,
441 1692 534 1720 non
555 1680 740 1720 recedet
763 1679 819 1718 ab
842 1691 910 1719 ea.
934 1678 1177 1718 Difficilius
1199 1679 1321 1718 enim
1342 1677 1469 1728 nihil,
1494 1685 1543 1717 ut
1564 1678 1609 1717 in
1640 1678 1892 1729 proverbio

259 1757 350 1802 est,
375 1763 539 1791 canem
562 1757 769 1791 veterem
799 1761 1070 1790 assuescere
1098 1749 1226 1788 loris.
1256 1748 1347 1788 Sed
1373 1749 1488 1788 nihil
1518 1748 1801 1799 impossibile
1833 1749 1888 1797 ei,

260 1823 390 1862 cuius
412 1822 543 1862 nutui
566 1822 721 1861 omnia
743 1821 998 1860 subiacent.
1022 1820 1247 1871 Magnum
1268 1820 1356 1859 hoc
1378 1819 1465 1859 Dei
1486 1819 1759 1860 beneficium
1781 1817 1806 1857 ¹.
1827 1819 1889 1859 At

262 1893 412 1933 maius
433 1893 555 1944 quod
578 1893 801 1943 sequitur.

340 1964 540 2004 Famosa
570 1964 800 2014 quaedam
829 1963 1071 2009 meretrix,
1100 1962 1174 2002 ah!
1199 1962 1308 2014 quid
1330 1962 1426 2001 dixi
1448 1961 1697 2001 meretrix?
1724 1962 1816 2001 imo
1838 1974 1894 2000 ne

263 2047 367 2075 cum
398 2034 776 2085 impudicissimis
807 2034 976 2073 scortis
1007 2032 1345 2084 comparanda,
1378 2034 1539 2072 cloaca
1568 2033 1824 2072 eluvie1·um
1852 2039 1895 2071 et

262 2106 595 2157 nequitiarum,
628 2106 798 2144 multos
827 2117 974 2145 annos
1004 2105 1148 2144 vitam
1176 2103 1537 2155 perditissimam
1569 2103 1720 2153 duxit,
1749 2104 1894 2143 donec

261 2188 366 2216 eam
381 2176 548 2225 inedia,
568 2183 822 2227 paupertas
844 2182 885 2215 et
910 2176 1153 2215 innumera
1176 2174 1377 2214 adversa
1399 2181 1752 2225 oppresserunt,
1777 2186 1895 2225 quae

263 2247 417 2287 cordis
439 2248 618 2296 oculos,
652 2258 769 2297 quos
791 2247 1007 2297 voluptas
1029 2246 1311 2293 occluserat,
1335 2252 1627 2284 reserarunt:
1654 2245 1762 2295 quid
1784 2246 1896 2284 mul-

263 2319 341 2357 tis?
370 2319 420 2358 In
446 2305 722 2358 memoriani
748 2318 818 2357 sui
846 2316 1102 2366 reducitur,
1135 2316 1194 2355 ad
1224 2327 1304 2354 cor
1333 2315 1481 2355 redit:
1519 2315 1578 2354 oh
1611 2315 1894 2355 faustissima

266 2389 538 2428 infortunia!
581 2388 670 2428 Sed
707 2388 841 2440 quid?
878 2388 988 2427 heu!
1027 2398 1199 2437 magna
1234 2392 1536 2436 peccatorum
1571 2387 1714 2425 moles
1753 2386 1895 2425 nimio

264 2459 468 2510 pondere
499 2459 557 2499 ad
587 2458 926 2510 desperationis
955 2457 1229 2497 barathrum
1258 2456 1500 2507 deprimit:
1537 2462 1583 2495 at
1618 2456 1895 2496 inexhausta

266 2530 354 2570 Dei
387 2530 653 2580 clementia,
685 2541 804 2581 quae
836 2541 939 2569 eam
969 2528 1014 2568 in
1045 2539 1130 2567 Vas
1161 2539 1272 2567 suae
1304 2527 1525 2567 bonitatis
1554 2527 1771 2578 parabat,
1804 2539 1896 2566 non

267 2600 474 2640 destituit
492 2600 700 2640 consilio.
720 2600 903 2640 Etenim
921 2610 1024 2639 eam
1042 2598 1209 2638 direxit
1230 2597 1288 2637 ad
1305 2597 1352 2637 Ρ.
1373 2597 1691 2648 Leonardum3
1714 2598 1894 2648 lachry-

268 2677 423 2711 matur
443 2683 622 2711 amare:
648 2671 809 2710 intima
832 2669 986 2710 cordis
1008 2680 1181 2708 arcana
1202 2668 1375 2719 pandit.
1400 2668 1463 2708 At
1485 2669 1562 2708 ubi
1592 2668 1898 2708 suavissimus

323 2781 333 2800 ¹
374 2781 466 2808 Haec
497 2782 601 2809 etiam
613 2803 619 2815 ,
638 2790 657 2809 a
673 2782 788 2809 verbis
803 2782 905 2808 Inter
920 2787 1015 2814 quos,
1029 2780 1236 2807 cancellavit
1252 2780 1380 2806 flander
1395 2783 1428 2806 et
1445 2787 1560 2806 eorum
1575 2780 1648 2806 loco
1663 2780 1898 2806 substituenda

270 2828 424 2862 apposuit
444 2828 475 2854 in
492 2829 645 2863 margine
662 2830 849 2863 sequentia:
869 2829 968 2855 Inter
984 2835 1066 2861 quos
1090 2827 1218 2853 mulier
1233 2828 1408 2860 quaedam
1426 2834 1492 2853 non
1509 2826 1654 2858 infimae
1669 2828 1790 2860 notae,
1810 2834 1898 2860 quae

271 2876 317 2902 ad
337 2883 442 2902 canos
464 2883 572 2909 usque
597 2877 709 2902 vitam
729 2880 879 2910 prorsus
897 2875 1151 2909 poenitendam
1178 2875 1297 2904 (ἰιικίί,
1322 2876 1444 2907 igm'tz's
1471 2874 1506 2900 P.
1528 2873 1571 2900 L.
1599 2875 1823 2901 sermonibus
1846 2875 1897 2900 ita

264 2923 426 2950 excitata
439 2925 490 2949 est
507 2925 543 2949 ut
558 2923 789 2956 dignissimos
810 2924 1052 2957 poenitentiae
1068 2922 1215 2956 fructus
1243 2930 1309 2948 non
1332 2924 1443 2949 cesset
1467 2921 1627 2955 operari,
1647 2921 1735 2955 quod
1756 2922 1898 2948 silentio

270 2970 457 2997 brevitatis
472 2977 579 2997 cansa
591 2973 788 3005 praetereo.
