2080 3392
804 231 888 268 AN.
920 229 1012 268 1552
1685 227 1732 264 43

88 345 216 375 mum
253 338 354 380 est,
398 330 587 383 quidam
628 330 786 381 iniqua
826 328 1094 369 valetudine
1133 325 1385 367 triennium
1420 325 1728 375 conflictatus,

88 404 331 455 morbique
366 402 626 454 pertinacia
664 402 820 441 animo
850 400 1048 450 fractus,
1083 402 1303 449 coeperat
1334 396 1389 436 de
1418 395 1577 435 divina
1600 395 1730 435 mise-

89 475 295 517 ricordia
323 486 417 513 non
448 474 600 513 solum
629 472 856 527 diffidere,
894 471 975 511 sed
1004 471 1145 510 etiam
1172 469 1237 509 ita
1270 465 1542 508 'existimare
1570 472 1618 506 ut
1635 465 1731 517 jam

90 547 228 598 nigra
250 545 419 586 inferni
441 544 644 595 caligine
670 544 809 584 modo
842 542 1021 582 involvi
1051 553 1106 581 ac
1137 539 1337 592 opprimi
1364 538 1451 578 sibi
1478 537 1729 577 videretur.

92 619 252 669 Itaque
282 622 471 657 noctem
498 616 615 666 vigil
645 615 836 666 agebat,
872 614 931 654 ad
965 612 1221 653 maximam
1254 616 1442 650 noctem
1472 608 1735 648 abstinebat

92 700 336 742 parvoque
367 687 482 738 (erat
511 687 635 727 enim
665 685 859 738 pauper)
891 696 946 724 ac
979 684 1123 723 semel
1154 683 1203 722 in
1233 682 1305 722 die
1340 693 1388 721 se
1424 680 1734 720 sustentabat.

93 760 227 800 Hanc
247 759 373 799 vitae
395 759 629 799 rationem
656 756 846 808 quidam
874 755 1083 806 religiosi
1109 754 1200 794 viri
1232 753 1471 803 corrigere
1500 763 1555 791 ac
1587 762 1736 790 emen-

88 833 204 872 dare
226 832 489 881 voluerunt,
523 830 605 870 sed
636 828 773 869 nullis
801 827 1019 879 precibus
1040 825 1164 866 flecti
1184 830 1395 876 poterat,
1428 829 1477 863 ut.
1509 823 1635 862 solus
1666 833 1736 861 su-

93 914 283 955 peresse
304 902 547 942 videretur
568 900 617 941 P.
641 900 882 951 Philippus
907 898 932 946 ¹,
957 898 1035 949 qui
1051 897 1305 945 hominem,
1325 907 1407 946 spe
1425 895 1613 935 divinae
1634 904 1739 944 gra-

94 975 188 1015 tiae
226 974 520 1023 destitutum,
560 971 618 1011 ad
659 982 955 1011 communem
994 967 1189 1009 vivendi
1224 978 1440 1007 normam
1475 972 1738 1006 revocaret.

94 1046 215 1086 Hinc
235 1046 377 1097 igitur
400 1044 554 1095 coepit
576 1043 625 1084 P.
650 1042 891 1094 Philippus
922 1040 1116 1081 alternis
1138 1039 1322 1089 diebus,
1358 1049 1499 1090 saepe
1528 1037 1739 1087 singulis,

97 1117 222 1157 hunc
245 1116 481 1156 hominem
498 1115 716 1165 invisere,
737 1124 932 1165 eamque
950 1112 1243 1163 diligentiam
1264 1122 1319 1151 ac
1336 1121 1498 1150 curam
1516 1108 1742 1157 adhibuit,

95 1195 145 1228 ut
165 1199 314 1240 parvo
336 1187 528 1238 negotio
551 1186 611 1226 ad
637 1192 943 1237 peccatorum
972 1183 1314 1224 confessionem
1336 1181 1595 1233 pellexerit3
1621 1179 1745 1231 quod

96 1260 161 1299 illi
182 1271 289 1300 cum
309 1258 646 1311 persuasisset,
669 1257 855 1297 facilius
886 1254 1235 1308 quodammodo
1264 1253 1349 1293 fuit
1376 1253 1422 1292 in
1454 1253 1662 1292 animum
1682 1251 1743 1291 in-

92 1331 268 1371 ducere
291 1337 339 1370 ut
361 1329 502 1371 certis
526 1329 655 1369 horis
677 1328 736 1368 ad
758 1338 1054 1368 communem
1075 1337 1211 1376 usum
1238 1325 1393 1365 cibum
1414 1330 1619 1375 caperet,
1643 1334 1745 1363 cae-

98 1408 291 1454 teraque
316 1401 564 1453 perficere,
596 1412 716 1453 quae
745 1399 804 1440 ad
831 1398 1075 1451 pereuntis
1102 1397 1287 1437 animae
1319 1397 1517 1436 salutem
1547 1395 1747 1447 pertine-

98 1475 225 1514 bant.
250 1473 311 1514 Ut
342 1473 390 1513 in
421 1484 605 1513 summa
633 1472 807 1522 dicam,
846 1482 899 1511 eo
934 1469 1198 1521 profectum
1230 1474 1320 1519 est,
1354 1473 1402 1507 ut
1437 1472 1534 1506 tarn
1563 1466 1747 1506 animae

96 1557 240 1597 quam
261 1544 473 1596 corporis
501 1543 755 1584 sanitatem
785 1543 843 1582 sit
871 1555 898 1582 a
928 1541 1028 1581 Deo
1057 1546 1353 1581 consecutus.
1387 1538 1474 1579 Rei
1500 1537 1747 1577 difficultas

100 1618 224 1657 hunc
264 1617 440 1656 exitum
479 1616 646 1656 sortita
687 1621 776 1665 est,
819 1619 868 1654 ut
907 1614 1009 1653 loco
1050 1612 1266 1652 miraculi
1305 1610 1570 1651 haberetur.
1614 1609 1748 1649 Alius

97 1689 291 1742 quidam
320 1694 416 1727 tam
444 1688 767 1727 inconstanter
797 1697 851 1725 ac
880 1685 1037 1736 iniquo
1069 1684 1226 1724 animo
1255 1682 1539 1723 valetudinis
1572 1681 1750 1721 ferebat

102 1759 425 1810 incommoda,
449 1764 499 1798 ut
528 1758 736 1798 animum
767 1757 1094 1809 desponderet.
1129 1753 1270 1806 Cujus
1297 1766 1481 1806 quoque
1503 1765 1623 1793 uxor
1645 1764 1751 1792 cum

102 1832 256 1872 Deum
276 1842 416 1882 saepe
438 1837 632 1882 precata
655 1835 777 1869 esset
800 1835 847 1868 ut
878 1840 926 1868 se
960 1827 1230 1868 calamitate
1260 1832 1502 1878 premente
1534 1825 1748 1865 subleva-

104 1909 175 1944 ret
203 1914 489 1954 suarumque
517 1913 676 1942 rerum
704 1900 1029 1941 misericordia
1061 1907 1331 1951 caperetur;
1362 1898 1476 1938 nihil
1503 1897 1656 1937 minus
1686 1902 1750 1936 ta-

104 1986 210 2015 men
231 1974 393 2014 irritae
414 1986 581 2026 preces
602 1972 757 2013 surdis
779 1972 970 2012 auribus
993 1972 1151 2024 respui
1175 1969 1313 2023 [cum]
1336 1969 1631 2019 viderentur,
1657 1968 1752 2007 ani-

103 2057 231 2086 mum
253 2045 420 2097 abjecit
441 2045 577 2097 quasi
598 2055 855 2096 numquam
876 2044 1200 2095 impetratura.
1234 2042 1576 2093 Indignataque
1599 2039 1754 2091 hujus-

105 2118 233 2159 modi
253 2118 463 2169 cogitare
486 2129 542 2157 ac
563 2116 690 2168 loqui
712 2116 888 2167 coepit,
912 2122 962 2156 ut
983 2115 1030 2155 in
1051 2116 1173 2155 hanc
1205 2119 1469 2166 erumperet
1499 2112 1754 2152 verborum

102 2189 452 2240 contumeliam,
473 2201 522 2229 se
538 2200 565 2228 a
578 2188 679 2228 Deo
697 2187 1009 2228 incommodis
1030 2186 1172 2237 affici,
1193 2186 1249 2227 de
1266 2198 1357 2238 quo
1375 2185 1433 2225 sit
1449 2183 1752 2224 benemerita.

187 2260 307 2300 Huic
338 2261 476 2301 simul
497 2266 541 2300 et
563 2260 732 2300 marito
754 2259 803 2299 P.
832 2259 1104 2300 Ludovicus
1125 2258 1139 2276 ‘²
1160 2269 1334 2309 magno
1362 2257 1448 2297 fuit
1470 2254 1752 2306 adjumento,

109 2344 217 2373 cum
243 2332 579 2372 amantissimis
609 2331 766 2372 verbis
798 2342 880 2371 eos
912 2331 1145 2370 solaretur
1174 2335 1475 2380 moneretque
1505 2327 1690 2366 dolores
1712 2332 1757 2366 et

110 2404 406 2444 infirmitates
442 2403 618 2444 Christi
658 2402 846 2443 nomine
880 2402 1098 2454 bonoque
1129 2401 1286 2441 animo
1320 2399 1644 2447 sustinendas,
1680 2397 1758 2449 qui

110 2476 258 2516 nostri
281 2486 441 2515 amore
462 2475 702 2515 sauciatus
725 2473 972 2524 denudari,
997 2473 1159 2524 flagris
1181 2473 1385 2522 concidi,
1416 2477 1613 2511 mortem
1635 2475 1756 2509 atro-

109 2547 351 2587 cissimam
372 2546 554 2598 perpeti
575 2546 739 2586 voluit.
772 2545 842 2586 Ita
870 2545 1057 2586 demum
1086 2551 1309 2596 aegrotus
1337 2543 1506 2583 fortem
1535 2541 1756 2590 animum,

112 2619 239 2659 vires
259 2630 410 2658 novas
430 2617 618 2668 collegit
639 2624 689 2657 ut
708 2617 898 2657 morbos
925 2616 1093 2657 fortius
1122 2618 1288 2656 toleret
1320 2621 1364 2654 et
1395 2613 1605 2665 corporis
1627 2613 1759 2652 dolor

112 2701 170 2730 ac
191 2689 438 2730 infirmitas
461 2689 508 2729 in
529 2688 698 2728 mentis
726 2695 866 2740 atque
897 2688 1041 2728 animi
1061 2688 1203 2728 robur
1233 2685 1496 2727 redundare
1526 2684 1741 2724 videatur

110 2760 407 2801 Confitentur
427 2760 616 2812 saepius
637 2770 920 2811 sacrumque
941 2759 1269 2800 Eucharistiae
1292 2762 1640 2797 sacramentum
1660 2766 1759 2806 per-

114 2832 316 2884 cipiunt,
360 2844 415 2872 ac
454 2831 619 2871 mulier
658 2830 912 2882 praecipue
952 2830 1011 2870 ad
1046 2830 1172 2870 vitae
1212 2827 1548 2881 perfectionem
1587 2836 1761 2876 magno

112 2903 269 2955 gradu
290 2903 545 2944 contendit.

171 3017 181 3036 ¹
222 3016 259 3043 P.
275 3017 464 3052 Philippus,
478 3017 590 3051 belga3
608 3016 685 3044 vide
703 3017 873 3051 ΡοιΑΝεο,
891 3016 1049 3044 Clzrom'c.
1067 3016 1138 3042 506.
1154 3014 1255 3049 sesu,
1269 3018 1405 3045 tom.11,
1422 3019 1499 3047 pag.
1514 3011 1576 3038 512.

173 3064 186 3083 2
226 3063 260 3091 P.
276 3063 472 3092 Ludovicus
488 3064 528 3091 de
545 3064 742 3097 Coudretto,
757 3063 898 3098 Collegii
915 3064 1052 3091 Rector.
