2080 3392
307 195 379 233 383
819 191 1045 228 LITTERAE
1072 201 1428 233 QUADRIMESTRES

309 303 442 340 cura,
467 299 602 340 quam
626 288 811 327 assidue
834 293 877 327 et
898 287 1148 327 liberaliter
1179 298 1238 326 ex
1269 287 1498 326 charitate
1526 287 1740 337 proximo
1773 287 1938 338 cuique

310 362 407 401 sine
429 360 608 400 delectu
631 370 685 398 ac
706 359 805 398 sine
833 369 1141 409 personarum
1167 358 1259 397 ullo
1287 357 1552 397 discrimine
1580 357 1739 397 vident
1766 358 1939 409 impen-

310 432 370 482 di,
389 431 435 470 in
457 442 560 470 eam
582 430 637 469 de
658 429 791 469 nobis
813 428 1208 468 existimationem
1232 426 1242 446 ¹
1264 429 1529 468 sanctitatis
1550 428 1756 478 veniunt,
1775 435 1823 468 ut
1846 441 1939 468 non

310 502 449 542 modo
471 513 519 541 se
541 506 666 541 totos
686 511 911 551 suamque
934 511 1117 539 omnem
1139 499 1330 539 vivendi
1351 500 1581 539 rationem
1601 499 1732 539 multi
1749 498 1939 540 Pati-um

310 572 506 612 consilio
529 570 795 622 subjiciant,
826 571 1088 622 instentque
1115 576 1165 609 ut
1191 570 1399 621 ipsorum
1426 570 1500 621 pia
1530 570 1614 610 sub
1643 570 1936 611 administra-

310 645 434 684 tione
469 642 658 683 CHRISTI
687 642 1010 692 mancipentur
1045 641 1287 692 obsequio:
1324 653 1488 681 verum
1523 647 1566 680 et
1600 653 1681 692 per
1716 641 1868 692 vicos,
1901 642 1939 682 si

311 714 496 766 quando
517 725 602 753 nos
623 712 803 763 vident,
828 724 907 752 eos
927 724 1012 752 nos
1034 723 1135 751 esse
1157 711 1294 763 (quod
1311 710 1408 763 jam
1434 712 1620 763 saepius
1651 711 1810 752 audire
1837 724 1938 752 nos-

311 785 535 836 metipsos
557 783 770 834 contigit)
793 795 932 823 veros
959 783 1258 833 evangelicos
1286 783 1519 833 dictitent,
1551 783 1628 834 qui
1653 783 1767 822 nihil
1794 783 1940 823 chari-

312 856 395 896 tati
424 862 561 907 atque
592 856 903 894 emolumento
930 854 1133 905 proximi
1160 854 1383 905 cuiusque
1410 854 1558 894 nostri
1586 861 1938 905 anteponamus.

312 928 362 967 ld
382 927 543 967 forsan
564 933 606 966 et
628 925 928 966 concionator
952 925 1160 976 quidam,
1185 936 1321 975 quem
1349 925 1561 965 doctrina
1591 926 1807 976 vitaeque
1840 937 1941 965 san-

313 999 472 1039 ctitate
494 998 568 1037 hic
589 997 805 1037 demirati
826 1002 932 1036 sunt
953 996 1100 1045 cives,
1124 1007 1217 1035 non
1238 996 1402 1035 leviter
1432 997 1575 1036 auxit.
1605 996 1683 1036 Ille
1712 996 1831 1035 enim
1864 1008 1941 1035 no-

312 1072 412 1110 lens
427 1080 562 1108 suum
577 1069 685 1119 lupo
701 1078 896 1118 gregem
913 1067 1218 1117 committere,
1237 1073 1474 1118 postrema
1492 1067 1783 1117 concionum,
1804 1078 1942 1118 quam

312 1153 429 1192 pene
457 1146 604 1180 totam
634 1138 856 1179 Societati
882 1137 994 1190 JESU
1021 1138 1096 1177 vel
1125 1138 1213 1188 ipsi
1239 1137 1351 1189 JsssU
1378 1138 1530 1189 potius
1556 1138 1687 1178 visus
1714 1144 1782 1178 est
1809 1138 1942 1177 desti-

313 1223 471 1261 nasse,
494 1209 872 1261 srequentissimo
894 1215 937 1248 et
959 1208 1260 1248 celeberrimo
1290 1209 1520 1248 auditorio
1551 1221 1644 1248 non
1672 1208 1810 1248 modo
1842 1209 1942 1249 reli-

313 1283 553 1333 giosorum
591 1286 745 1320 sectae
780 1279 914 1330 nulli,
952 1291 1068 1330 quas
1103 1280 1272 1318 multas
1308 1280 1622 1329 enumeravit,
1660 1279 1942 1320 Societatem

312 1354 425 1406 JsssU
445 1351 721 1403 postposuit3
745 1350 825 1390 sed
847 1362 932 1390 nec
954 1351 1096 1389 ullam
1117 1361 1218 1389 esse
1241 1350 1442 1401 quidem,
1463 1362 1602 1401 quam
1623 1350 1721 1402 ejus
1742 1361 1942 1400 evange-

314 1424 430 1464 licae
460 1429 597 1473 atque
625 1421 910 1472 apostolicae
939 1420 1095 1471 (quam
1124 1421 1222 1471 ipse
1253 1421 1506 1471 vocitabat)
1538 1421 1796 1471 integritati
1823 1432 1943 1461 com-

313 1499 517 1546 pararet,
539 1493 691 1544 palam
715 1503 855 1531 ausus
872 1497 940 1531 est
962 1502 1252 1541 asseverare,
1273 1492 1572 1543 pluribusque
1594 1491 1639 1531 id
1661 1491 1944 1532 firmioribus

315 1572 525 1605 astruere
549 1575 603 1603 ac
625 1562 930 1613 comprobare
953 1562 1263 1613 argumentis,
1292 1562 1596 1613 proindeque,
1628 1562 1666 1601 si
1694 1574 1784 1613 quo
1813 1562 1944 1602 tutis-

314 1636 430 1675 sime
461 1642 505 1674 et
532 1633 837 1674 saluberrime
868 1633 1012 1672 velint
1039 1633 1316 1682 confessuri,
1352 1634 1658 1673 consultaturi
1688 1633 1943 1684 quippiam,

315 1706 518 1746 audituri
541 1705 791 1745 conciones
819 1703 1063 1753 accedere,
1089 1702 1338 1744 Societatis
1358 1704 1469 1757 JESU
1497 1705 1547 1744 T.
1572 1704 1624 1744 R.
1649 1704 1948 1744 Paternitatis

316 1778 497 1817 adirent
528 1777 755 1815 alumnos.
794 1775 919 1814 Idem
957 1775 1166 1826 coepisse
1202 1781 1245 1815 et
1275 1777 1473 1826 populus
1508 1776 1708 1827 probare
1745 1775 1944 1815 videtur.

314 1848 465 1888 Tanta
482 1858 681 1897 namque
703 1847 954 1885 multorum
975 1846 1021 1885 in
1038 1846 1171 1885 nobis
1186 1846 1299 1886 fides
1317 1853 1360 1886 et
1380 1847 1642 1898 expectatio
1661 1847 1861 1895 videtur,
1882 1852 1945 1895 ut,

318 1920 393 1958 vel
420 1918 553 1958 nobis
575 1917 744 1967 ignoti,
770 1917 976 1966 aegrotis
998 1916 1010 1934 ⁹²
1034 1917 1226 1968 aliisque
1249 1917 1293 1956 id
1313 1929 1462 1968 genus
1483 1918 1832 1968 urgentioribus
1853 1916 1948 1956 suis

316 1991 454 2030 rebus
475 1996 518 2028 et
540 1989 764 2039 negociis,
790 1987 847 2027 ad
869 1987 1018 2027 Deum
1042 2000 1204 2039 preces
1232 1998 1419 2028 nostras
1448 1988 1724 2039 efflagitent,
1754 1987 1798 2027 id
1825 1986 1949 2039 quod

318 2072 398 2111 per
419 2060 550 2099 vicos
570 2059 711 2110 ipsos,
735 2058 858 2097 haud
879 2065 1039 2098 nostro
1058 2059 1157 2098 sine
1181 2060 1362 2110 rubore,
1383 2059 1551 2099 accidit
1572 2071 1664 2099 non
1682 2059 1838 2098 semel.
1858 2057 1946 2098 Sed

316 2142 466 2182 neque
488 2129 719 2169 medicum
742 2129 1074 2180 peritissimum
1096 2130 1343 2180 quemdam
1373 2130 1560 2178 tacebo,
1594 2130 1691 2180 qui,
1725 2128 1949 2169 confitens

318 2201 548 2240 interdum
570 2200 693 2251 apud
714 2212 819 2249 nos,
844 2200 921 2239 ubi
942 2200 1126 2239 solitum
1148 2200 1378 2240 medicum
1401 2207 1610 2240 nostrum
1632 2201 1748 2252 (qui,
1778 2206 1821 2240 et
1850 2200 1948 2251 ipse

320 2272 532 2322 profecto
557 2271 838 2311 authoritate
860 2277 903 2310 et
924 2271 1090 2322 peritia
1122 2271 1492 2322 spectatissimus
1519 2271 1651 2322 juxta
1683 2283 1738 2311 ac
1768 2271 1948 2321 religio-

318 2354 419 2387 sus,
444 2342 558 2381 nihil
578 2353 670 2381 non
692 2342 739 2381 in
761 2348 1061 2392 augmentum
1084 2341 1276 2392 huJ'usce
1307 2342 1502 2393 Collegii
1531 2349 1574 2382 et
1605 2341 1850 2382 Societatis
1878 2352 1949 2380 su-

319 2419 589 2464 scepturum
610 2413 871 2463 pollicetur,
895 2412 1017 2463 quod
1039 2420 1083 2452 et
1106 2412 1308 2463 flagrare
1336 2413 1487 2463 magis
1515 2425 1654 2464 quam
1681 2424 1848 2463 cupere
1876 2412 1948 2451 de-

320 2483 614 2533 monstravit)
637 2490 886 2533 aegrotare
909 2483 1143 2533 cognovit,
1168 2484 1288 2523 ultro
1312 2496 1367 2523 ac
1388 2490 1552 2534 sponte
1574 2495 1658 2523 sua
1679 2484 1848 2523 multos
1873 2483 1946 2522 ab·

321 2555 427 2593 hinc
458 2553 683 2603 menseis‚
721 2553 834 2593 nulli
866 2565 1017 2604 neque
1050 2554 1198 2593 labori
1226 2566 1374 2606 neque
1404 2555 1556 2594 itineri
1587 2555 1693 2594 licet
1721 2555 1948 2605 perlongo

321 2636 540 2675 parcens,
578 2623 916 2663 studiosissime
951 2624 1148 2664 curavit.
1179 2624 1445 2676 Reliquum,
1476 2625 1591 2664 haec
1621 2637 1675 2664 eo
1702 2624 1947 2675 pertinent,

322 2695 445 2746 quod
470 2706 618 2745 neque
647 2695 717 2734 sui
745 2694 972 2734 Venetiae
1004 2695 1242 2746 amplioris
1270 2696 1519 2746 aliquando
1548 2707 1629 2746 spe
1657 2695 1835 2735 fructus
1865 2705 1951 2734 nos

321 2765 632 2805 frustraturae
653 2765 886 2804 videntur.
911 2763 1022 2815 Sed,
1048 2767 1161 2816 alta,
1187 2765 1280 2814 dic,
1304 2767 1403 2805 solo
1425 2778 1518 2805 non
1539 2772 1609 2805 est
1631 2772 1845 2805 extructa
1866 2764 1950 2805 Co-

324 2836 523 2876 rinthus.

377 2947 385 2965 ¹
428 2946 488 2973 Hic
506 2947 591 2973 hanc
609 2946 749 2973 inseruit
767 2947 933 2973 Polancus
948 2947 1191 2981 parenthesim:
1207 2948 1360 2980 (utinam
1378 2948 1700 2983 nonsallerentur).

375 2994 388 3012 ‘2
427 2994 462 3019 in
479 2994 777 3026 aegritudinibus.
796 2994 975 3021 Polancus.
