2080 3392
798 209 882 245 AN.
914 208 1005 246 1553
1657 207 1724 244 141⁴>

161 307 389 349 Similiter
409 310 453 347 et
475 306 536 357 hi,
560 306 640 358 qui
660 317 808 357 nuper
829 305 941 345 mihi
963 305 1174 345 nonnihil
1196 305 1524 345 commotionis
1549 304 1722 345 excita-

79 384 248 421 verunt
268 377 392 430 apud
413 377 662 417 Rectorem
681 377 1037 426 Universitatis,
1063 377 1188 427 quod
1208 376 1333 416 alias
1353 375 1503 416 latins
1530 376 1723 428 scripsi,

80 451 257 492 maiore
278 460 420 500 quam
438 459 645 499 unquam
667 454 805 488 antea
826 448 874 487 in
894 458 982 487 nos
1002 447 1332 487 benevolentia
1355 447 1638 488 afficiuntur.

161 520 361 572 Quidam
381 519 565 560 iuvenis
593 518 664 559 20
694 522 779 559 aut
800 518 873 558 22
892 528 1131 557 armorum
1152 530 1211 558 ex
1243 518 1452 570 Collegio
1483 518 1723 570 theologo-

83 603 185 633 rum
218 591 290 631 his
318 591 481 630 diebus
507 601 681 641 magno
709 600 815 630 cum
839 589 994 629 fructu
1022 589 1284 640 spiritualia
1317 590 1520 630 absolvit
1548 590 1721 630 exerci-

82 663 169 712 tia,
206 674 266 702 ex
295 661 462 714 quibus
493 667 674 701 tantum
703 661 923 700 incensus
947 659 1032 699 fuit
1059 671 1174 711 erga
1204 659 1377 711 Deum,
1410 667 1460 701 ut
1491 673 1548 701 ne
1584 662 1724 702 avelli

83 732 268 786 quidem
303 733 360 772 ab
395 732 589 772 aedibus
623 731 798 772 nostris
830 731 1055 783 potuerit,
1097 742 1207 771 nam
1245 733 1390 771 semel
1429 733 1659 773 abductus
1697 745 1723 772 a

83 805 286 857 quodam
307 804 468 854 fratre,
493 803 690 843 ducente
711 802 793 842 vix
814 813 1025 853 reverSO,
1051 807 1094 842 et
1116 802 1217 853 ipse
1238 801 1365 842 fores
1382 803 1613 854 pulsabat,
1638 816 1724 844 nec

84 875 270 917 domum
310 875 439 915 exire
479 874 650 925 voluit,
687 873 836 914 donec
868 872 1009 913 Pater
1046 885 1130 924 per
1169 873 1483 913 obedientiam
1523 875 1726 926 idipsum

85 946 392 999 praeciperet.
423 945 586 986 Voluit
615 944 739 985 enim
764 944 904 984 Pater
938 950 986 984 ut
1022 944 1239 994 spiritum
1273 956 1408 985 suum
1435 957 1516 997 per
1551 946 1726 998 aliquot

83 1018 182 1058 dies
198 1023 243 1058 et
263 1023 397 1057 extra
419 1016 645 1057 exercitia
666 1016 902 1067 probaret,
927 1027 982 1055 ac
1007 1020 1103 1055 tum
1125 1015 1312 1056 demum
1334 1021 1518 1056 maturo
1552 1016 1612 1057 ad
1641 1029 1728 1057 nos

86 1089 279 1130 consilio
306 1088 504 1128 veniret.
528 1086 768 1139 Optimum
797 1087 844 1126 in
872 1086 968 1126 suis
996 1087 1179 1138 spargit
1206 1087 1421 1137 odorem,
1452 1089 1531 1140 qui
1558 1088 1728 1129 ibidem

81 1160 273 1201 circiter
307 1158 358 1198 40
392 1164 651 1199 morantur.
688 1157 792 1198 Non
830 1157 1096 1198 dubitamus
1129 1158 1241 1210 quin
1276 1159 1434 1210 plures
1469 1170 1631 1200 secum
1670 1160 1729 1200 ad

84 1231 327 1272 Christum
345 1229 514 1270 trahet.
1636 1225 1641 1229 '

164 1303 270 1355 Ipsa
292 1301 351 1342 D.
380 1300 665 1342 Catharinae
692 1300 948 1340 festivitate
976 1300 1116 1341 Pater
1146 1312 1260 1341 suae
1289 1302 1581 1362 captivitatis
1611 1302 1620 1321 ¹
1652 1315 1730 1343 an-

89 1386 232 1415 nuum
252 1373 374 1414 diem
404 1372 660 1413 celebravit
687 1373 754 1412 uti
782 1372 1005 1423 sequitur.
1036 1372 1312 1413 Venerabili
1339 1371 1650 1415 Sacramento
1684 1375 1731 1415 in

84 1445 222 1487 altari
256 1445 526 1485 solemniter
559 1444 788 1495 exposito.
827 1444 971 1484 choro
1005 1442 1133 1484 haud
1167 1455 1304 1484 secus
1339 1451 1570 1486 exornato
1607 1458 1663 1486 ac
1693 1447 1732 1486 si

86 1517 318 1569 primitiae
347 1516 656 1556 celebrandae
687 1523 866 1566 essent,
896 1516 1063 1556 deinde
1090 1516 1280 1567 optimis
1311 1515 1564 1557 Societatis
1593 1529 1731 1558 orna-

85 1588 254 1629 mentis
275 1587 439 1628 eodem
460 1587 503 1627 in
526 1588 629 1627 loco
651 1593 846 1638 uterque
868 1588 1210 1627 celebravimus
1232 1599 1416 1628 summa
1438 1601 1545 1629 cum
1568 1590 1734 1642 populi

80 1660 332 1700 devotione
353 1670 440 1699 nec
461 1670 571 1698 rara
591 1658 869 1710 frequentia,
895 1659 982 1698 etsi
1003 1659 1071 1698 rei
1092 1670 1236 1699 causa
1260 1659 1427 1699 maiori
1447 1660 1571 1711 parti
1599 1661 1727 1702 invo-

85 1732 181 1772 luta
206 1731 450 1782 penderet;
489 1730 791 1770 nihilominus
826 1736 1018 1781 peracto
1048 1729 1220 1770 Missae
1252 1731 1501 1780 sacrificio,
1538 1731 1598 1772 ad
1626 1743 1732 1773 san-

82 1803 322 1843 ctissimae
343 1801 669 1842 Eucharistiae
691 1801 1068 1841 communionem
1097 1802 1446 1853 suscipiendam
1468 1803 1600 1844 multi
1623 1804 1729 1844 ade-

87 1880 193 1914 rant
226 1873 404 1925 parati3
442 1874 587 1913 altero
623 1873 747 1912 enim
780 1873 1071 1922 celebrante,
1115 1875 1232 1912 alter
1273 1873 1318 1912 in
1354 1874 1730 1915 confessionibus

92 1945 334 1985 audiendis
356 1945 651 1996 persistebat.
677 1944 799 1984 Ante
822 1950 866 1984 et
886 1950 990 1995 post
1012 1950 1208 1995 uterque
1231 1943 1262 1984 ².

170 2015 357 2067 Quanta
384 2015 572 2067 quidem
605 2027 663 2056 ex
699 2015 826 2055 omni
860 2026 1033 2066 genere
1069 2015 1128 2055 ad
1164 2016 1508 2057 confessionem
1543 2018 1735 2058 confluit

89 2087 335 2128 multitudo
371 2099 430 2127 ex
465 2087 764 2139 sequentibus
795 2087 1003 2138 apertius
1039 2087 1228 2138 patebit.
1265 2087 1337 2127 Me
1367 2100 1510 2128 unum
1544 2090 1590 2129 in
1618 2089 1736 2130 festo

89 2158 294 2199 omnium
332 2158 616 2199 Sanctorum
649 2158 1038 2209 praecedentibus
1079 2166 1123 2198 et
1159 2159 1550 2210 subsequentibus
1588 2160 1733 2209 feriis,

91 2230 275 2270 circiter
313 2230 535 2270 trecentis
569 2241 597 2269 a
632 2228 928 2269 confessione
959 2229 1119 2280 fuisse,
1156 2241 1263 2269 cum
1298 2236 1455 2270 tamen
1487 2232 1533 2271 in
1572 2231 1736 2272 eodem

91 2302 262 2353 templo
283 2307 471 2353 praeter
491 2312 564 2340 me
587 2307 682 2340 tres
705 2312 889 2352 quoque
911 2307 990 2340 aut
1022 2307 1224 2349 quatuor
1256 2301 1577 2342 confessiones
1609 2304 1737 2343 audi-

92 2378 209 2413 rent.
232 2371 454 2413 Similiter
476 2373 523 2412 in.
544 2372 663 2412 festo
684 2372 866 2412 Natalis
888 2372 1079 2412 Domini
1107 2373 1165 2412 ab
1196 2373 1298 2424 ipso
1322 2374 1408 2423 die,
1434 2375 1512 2425 qui
1540 2373 1585 2414 S.
1621 2373 1739 2414 Tho-

94 2455 197 2484 mae
215 2456 351 2485 sacer
372 2451 466 2494 est,
490 2444 534 2484 in
557 2444 769 2495 quintam
790 2455 935 2495 usque
957 2444 1123 2483 feriam
1144 2451 1251 2495 post
1277 2445 1472 2495 festum,
1502 2449 1601 2485 tam
1629 2451 1739 2486 ante

89 2525 235 2566 quam
249 2514 579 2567 pomeridiano
607 2518 817 2565 tempore
844 2515 890 2555 in
924 2516 1120 2555 multum
1148 2528 1331 2567 quoque
1361 2517 1513 2556 noctis
1541 2525 1738 2569 uterque

96 2586 414 2627 confessiones
436 2586 716 2637 audivimus,
741 2587 828 2627 hoc
852 2587 1014 2626 ordine
1036 2587 1316 2636 observatos
1338 2588 1462 2639 quod
1489 2589 1545 2639 ii,
1571 2589 1649 2640 qui
1679 2590 1739 2629 ad

94 2668 281 2698 sacram
300 2658 677 2698 communionem
699 2657 924 2698 accedere
946 2657 1205 2709 intendunt,
1232 2665 1338 2699 ante
1357 2660 1607 2710 prandium
1630 2672 1736 2701 con-

95 2845 214 2868 autem
232 2841 341 2875 plura
370 2842 413 2869 ad
437 2843 604 2877 epistolae
630 2843 775 2875 calcem,
803 2846 879 2877 post
906 2843 1192 2877 subscriptionem
1215 2843 1330 2870 eodem
1355 2844 1452 2879 signo
1477 2846 1614 2880 iterato,
1644 2855 1728 2881 quas

100 2889 319 2923 postscrz'pta
334 2890 505 2923 exaravit,
523 2894 555 2916 et
570 2897 630 2917 nos
644 2890 745 2917 simili
761 2890 816 2917 hic
834 2891 904 2917 loco
920 2891 1162 2918 describemus.

156 2935 166 2954 ¹
204 2935 292 2963 Vide
308 2936 476 2972 POLAxco,
494 2937 629 2970 Clzron„
644 2942 656 2965 t
689 2945 724 2970 11,
746 2945 824 2973 pag.
838 2938 900 2972 287,
920 2946 996 2966 ann.
1022 2938 1102 2972 1551,
1124 2946 1154 2965 n.
1177 2939 1238 2972 245,
1261 2943 1294 2966 et
1318 2938 1446 2968 Litter.
1466 2941 1666 2975 Quadrim„
1681 2947 1702 2971 t.
1722 2952 1743 2975 ι,

101 2989 179 3016 pag.
195 2982 258 3017 1152,
273 2983 326 3011 502
341 2987 375 3011 et
388 2984 453 3012 507.

156 3029 170 3048 *2
207 3030 298 3058 Ante
313 3035 347 3058 et
358 3036 434 3066 post
452 3033 599 3059 missam
616 3032 833 3060 celebratam
848 3037 990 3067 uterque
1002 3033 1035 3060 in
1048 3034 1315 3061 confessionibus
1330 3036 1506 3064 audiendis
1520 3038 1743 3071 persistebat.

294 3090 343 3126 T.
364 3103 405 3126 11.
1490 3108 1529 3131 io
