2080 3392
332 210 402 247 240
840 212 1066 249 LITTERAE
1093 220 1449 254 QUADRIMESTRES

1023 661 1273 717 CCXIII

400 887 446 924 Ρ.
468 887 726 926 Leonardus
746 888 904 926 Kessel

447 953 569 990 Patri
587 952 757 1001 Ignatio
777 954 829 991 de
849 955 1031 1002 Loyola.

495 1017 696 1066 Colonia,
717 1019 763 1056 30
782 1019 949 1068 Aprilis
970 1020 1062 1058 1553
1078 1021 1103 1057 ¹.

1091 1264 1188 1341 ulis

409 1509 574 1550 Gratia
596 1517 640 1551 et
661 1523 755 1563 pax
774 1511 848 1552 X‚i
876 1512 934 1552 sit
950 1524 1133 1563 semper
1153 1512 1411 1553 nobiscum.

407 1581 506 1621 Rde
529 1582 575 1622 in
597 1582 678 1622 ΚΡ
699 1594 786 1634 pr.:
811 1583 918 1634 quia
942 1583 1202 1623 obedientia
1231 1590 1395 1624 sancta
1423 1589 1560 1635 urget
1588 1583 1747 1623 literas
1774 1580 1957 1634 quadri-

325 1659 522 1693 mestres
544 1653 602 1693 ad
619 1654 666 1694 P.
692 1654 750 1694 V.
770 1654 990 1705 scribere,
1015 1655 1220 1695 conabor
1239 1655 1403 1706 paucis
1425 1654 1483 1695 ad
1502 1653 1576 1694 X.i
1603 1654 1803 1705 gloriam
1824 1652 1956 1693 attin-

324 1736 437 1775 gere
458 1726 486 1775 ²¹,
511 1737 629 1776 quae
652 1725 867 1765 dominus
888 1737 971 1766 sua
992 1726 1147 1777 gratia
1168 1726 1390 1766 Coloniae
1418 1726 1602 1777 operari
1624 1725 1844 1776 dignatus
1872 1730 1955 1763 est.

406 1795 457 1836 In
477 1796 639 1847 primis
665 1803 866 1848 quatuor
888 1796 1016 1837 hisce
1037 1797 1273 1837 mensibus
1289 1799 1403 1837 satis
1420 1802 1580 1837 nostra
1599 1795 1792 1837 Colonia
1809 1808 1836 1835 a
1855 1793 1957 1834 Deo

325 1873 520 1917 paterne
555 1868 786 1918 castigata
816 1874 859 1908 et
894 1867 1065 1908 afflicta
1098 1868 1183 1908 fuit
1218 1868 1363 1908 variis
1405 1868 1675 1909 morborum
1709 1865 1959 1918 generibus

324 1937 643 1989 bellorumque
674 1938 949 1989 turbinibus,
980 1951 1066 1979 nec
1096 1938 1233 1979 modo
1269 1951 1327 1979 ex
1346 1930 1450 1979 vtoto
1485 1938 1631 1978 libera
1661 1936 1688 1988 ⁵,
1722 1937 1803 1977 sed
1837 1935 1959 1988 quod

324 2008 476 2059 magis
508 2008 755 2049 dolendum
788 2015 871 2061 est,
904 2009 1026 2061 quod
1052 2011 1179 2050 nulla
1207 2008 1221 2027 ⁴
1248 2016 1468 2061 sequatur
1501 2008 1779 2049 emendatio.
1816 2007 1959 2047 Hisce

325 2080 612 2131 temporibus
648 2091 821 2131 magna
858 2081 1015 2121 oblata
1050 2081 1136 2121 fuit
1170 2081 1356 2121 occasio
1380 2080 1603 2120 visitandi
1637 2079 1865 2130 infirmos,
1899 2078 1958 2118 ad

327 2161 442 2200 quos
468 2151 642 2201 pluries
669 2151 826 2191 vocati
852 2151 1037 2202 fuimus,
1067 2152 1187 2192 inter
1220 2163 1336 2202 quos
1364 2151 1505 2202 aliqui
1534 2150 1825 2202 octogenarii
1852 2160 1958 2189 cum

327 2232 498 2272 magna
533 2222 811 2262 contritione
838 2229 1140 2273 peccatorum
1168 2234 1195 2262 a
1225 2223 1381 2274 pueris
1410 2222 1751 2263 confessionem
1777 2221 1954 2271 incepe-

326 2299 448 2343 runt,
473 2293 579 2343 quia
602 2296 841 2344 nunquam
862 2292 977 2333 bene
1000 2293 1203 2333 confessi
1224 2299 1372 2343 erant,
1394 2299 1437 2333 et
1455 2293 1521 2333 sic
1543 2293 1598 2333 de
1615 2292 1819 2343 reliquis,
1850 2302 1956 2331 cum

326 2374 497 2414 magna
525 2364 731 2403 omnium
759 2363 1105 2414 aedificatione,
1138 2364 1201 2404 ita
1228 2370 1279 2403 ut
1304 2364 1488 2415 publice
1514 2363 1560 2403 in
1590 2362 1763 2403 mensis
1799 2362 1956 2402 dicant

327 2434 553 2484 homines,
581 2435 774 2474 “mirum
795 2441 864 2475 est
894 2434 1015 2486 quod
1042 2446 1202 2475 omnes
1223 2435 1407 2485 infirmi,
1439 2434 1517 2486 qui
1539 2434 1646 2474 huic
1667 2433 1795 2473 Patri
1816 2431 1954 2472 confi-

325 2511 494 2555 tentur,
529 2506 836 2545 restituantur
871 2505 1075 2556 sanitati,
1099 2511 1142 2545 et
1169 2505 1316 2546 vitam
1349 2505 1396 2545 in
1425 2505 1589 2545 melius
1625 2509 1952 2553 commutant„.

326 2574 469 2615 Adfui
508 2576 648 2616 etiam
687 2576 953 2616 hominibus
995 2576 1408 2628 desperatissimis,
1445 2576 1522 2627 qui
1560 2575 1738 2626 seipsos
1773 2574 1955 2614 diabolo

324 2646 465 2686 etiam
487 2647 634 2686 literis
655 2647 844 2698 proprio
866 2646 1094 2698 sanguine
1117 2647 1303 2699 scriptis
1327 2646 1619 2687 tradiderant
1639 2651 1683 2685 et
1703 2656 1785 2697 per
1807 2655 1955 2684 annos

380 2829 389 2849 ¹
428 2830 667 2865 Autographa.
684 2831 807 2865 duplici
825 2831 903 2858 solio
918 2832 978 2858 sub
993 2839 1045 2858 nn.
1060 2831 1113 2858 304
1131 2836 1163 2859 et
1178 2831 1451 2859 305.-—Habemus
1467 2836 1500 2858 et
1517 2829 1769 2865 apographum,
1784 2828 1818 2855 in
1834 2826 1954 2861 Hispa-

325 2876 415 2903 niam
430 2876 536 2904 Roma
552 2878 700 2911 missum,
716 2879 748 2905 in
765 2879 925 2906 Historia
941 2879 1056 2911 varia,
1070 2883 1090 2906 t.
1105 2886 1126 2913 1y
1143 2879 1199 2906 fol.
1214 2879 1276 2906 305.

378 2923 392 2942 ’ἓ
430 2924 618 2952 Conlexere
632 2926 819 2960 scripserat
836 2926 970 2960 Kessel,
987 2934 1050 2961 quo
1065 2927 1186 2959 deleto,
1203 2926 1445 2961 suprascripsit
1462 2925 1628 2952 Polancus
1645 2924 1832 2957 attingere.

378 2970 391 2990 ³
429 2971 576 2998 necdum
593 2972 700 3000 libera
717 2975 779 3001 est.
798 2975 971 3001 Polancus.

379 3019 393 3038 ⁴
431 3018 502 3046 Hoc
519 3019 622 3047 etiam
638 3021 833 3048 emendavit
849 3021 1032 3055 Polancus,
1050 3021 1147 3048 nulla
1164 3022 1279 3050 delens
1294 3026 1327 3049 et
1342 3021 1493 3049 scribens
1509 3021 1649 3054 exigua.
