2080 3392
813 223 896 259 AN.
929 222 1021 259 1553
1662 223 1735 260 ‘243

90 321 287 362 tentium
318 319 579 371 frequentia
613 319 717 368 fuit,
756 320 877 360 inter
918 331 1033 370 quos
1067 319 1253 370 plurimi
1284 320 1425 360 totius
1461 332 1573 360 suae
1602 321 1731 361 Vitae

91 392 336 433 historiam
361 391 572 441 generali
599 391 893 431 confessione
920 396 1261 441 exposuerunt;
1292 391 1481 442 quidam
1502 392 1644 432 etiam
1666 392 1731 432 in-

91 463 231 513 firmi,
272 462 482 502 nonnulli
521 462 631 502 item
671 473 862 502 carcere
902 460 1101 510 detenti,
1139 460 1188 500 P.
1226 460 1448 502 Andreae
1486 462 1496 481 ¹
1530 463 1733 503 confessi

93 539 213 574 sunt.

172 604 329 645 Creati
350 610 457 644 sunt
478 604 569 644 duo
591 604 883 655 sacerdotes,
913 604 961 645 P.
995 606 1202 658 Joannes
1223 606 1507 646 Franciscus
1528 604 1556 656 ²,
1581 606 1630 646 P.
1654 605 1731 646 Ni-

92 677 251 717 colaus
271 675 576 725 Paradensis,
602 676 681 727 qui
703 677 845 716 etiam
866 676 913 716 in
935 677 1179 717 audiendis
1211 677 1586 717 confessionibus
1618 682 1732 717 stre-

89 759 179 787 nue
200 758 302 786 sese
324 753 658 797 exercuerunt,
683 747 961 798 praesertim
983 747 1031 788 P.
1057 747 1096 800 J.
1130 748 1440 797 Franciseus‚
1473 748 1596 800 quod
1617 760 1732 788 non-

89 818 203 859 nihil
223 824 330 857 ante
352 816 400 856 P.
423 817 669 858 Nicolaum
690 818 892 869 gradum
914 819 1038 859 hunc
1060 819 1429 860 conscendisset.

169 889 396 929 Doctrina
419 889 676 929 christiana
698 889 815 929 feria
846 895 1000 940 sexta,
1033 896 1082 930 ut
1111 897 1240 941 ante,
1273 891 1430 941 pueris
1461 892 1728 942 exponitur.

90 961 298 1002 Finierat
319 972 423 1000 eam
443 960 582 1012 paulo
612 967 718 1000 ante
749 959 893 1000 ferias
921 961 1169 1012 paschales
1198 961 1246 1002 Ρ.
1278 961 1518 1010 Andreas;
1550 974 1733 1003 succes-

91 1033 149 1073 sit
168 1032 262 1072 iam
282 1031 330 1071 P.
354 1032 394 1084 J.
417 1031 720 1082 Franciscus,
746 1033 825 1083 qui
846 1032 1060 1072 eamdem
1076 1032 1227 1073 denuo
1246 1045 1272 1073 a
1291 1033 1443 1084 capite
1462 1035 1728 1086 resumpsit,

92 1109 135 1143 et
155 1114 246 1154 quo
269 1103 505 1154 copiosior
525 1103 691 1142 messis
712 1103 818 1143 inde
838 1104 1111 1154 proveniat,
1147 1104 1393 1144 consuevit
1415 1104 1601 1155 singulo
1624 1117 1733 1156 quo-

90 1185 177 1226 que
198 1173 272 1214 die
294 1185 320 1213 a
342 1174 540 1225 singulis
563 1175 769 1226 aliquam
791 1175 890 1215 eius
911 1181 1095 1226 partem
1117 1187 1381 1227 reposcere.

169 1244 294 1296 Mag.
319 1244 564 1286 Salmeron
585 1246 674 1286 hac
695 1245 1060 1298 quadragesima
1082 1247 1129 1286 in
1149 1248 1322 1298 templo
1345 1247 1736 1288 Annuntiationis

93 1316 398 1357 concionatus
420 1322 510 1367 est;
534 1329 676 1368 porro
705 1317 938 1369 quomodo
970 1329 1138 1358 munus
1166 1318 1256 1358 hoc
1287 1318 1522 1370 exegerit,
1554 1319 1737 1359 creditu

95 1388 229 1428 vobis
249 1399 389 1439 quam
416 1388 544 1428 dictu
576 1388 711 1428 nobis
736 1388 920 1428 facilius
947 1395 1082 1440 puto;
1113 1389 1267 1429 dicam
1295 1395 1453 1429 tamen
1481 1401 1624 1430 unum
1654 1396 1734 1430 aut

92 1460 289 1499 alterum
311 1459 367 1499 de
393 1460 572 1510 multis,
605 1472 629 1499 e
658 1460 825 1511 quibus
854 1466 1042 1500 caetera
1070 1460 1159 1512 ipsi
1188 1460 1359 1501 minori
1389 1462 1578 1512 negotio
1609 1462 1732 1502 colli-

91 1541 221 1581 gere,
246 1542 388 1582 quarn
408 1542 493 1571 nos
515 1531 783 1582 significare
811 1531 1040 1583 poteritis.
1070 1532 1303 1584 Imprimis
1331 1533 1580 1573 universos
1600 1533 1697 1573 fere
1719 1532 1736 1551 ³

93 1602 408 1654 amplissimae
435 1603 574 1642 huius
601 1603 807 1643 civitatis
829 1603 1081 1654 primarios
1116 1603 1244 1643 viros
1274 1616 1329 1643 ac
1360 1604 1578 1644 mulieres
1607 1604 1734 1645 audi-

90 1678 214 1713 tores
234 1673 397 1714 habuit
418 1674 690 1724 continuos,
714 1675 763 1714 ni
783 1674 945 1715 forsan
966 1675 1179 1715 nonnulli
1205 1675 1252 1715 id
1282 1676 1507 1727 temporis
1529 1676 1733 1727 negotiis

90 1744 354 1785 forensibus
375 1746 784 1796 praepedirentur:
810 1745 975 1786 deinde
999 1745 1141 1797 (quod
1161 1747 1331 1786 mirum
1353 1747 1437 1796 est>
1461 1748 1506 1787 in
1529 1748 1647 1797 dies,
1673 1748 1734 1788 ad

92 1816 302 1857 ultimum
323 1817 464 1857 etiam
483 1829 631 1869 usque
661 1818 803 1868 diem,
839 1818 1129 1858 audientium
1155 1820 1460 1859 accrescebat
1491 1832 1732 1871 numerus,

91 1888 206 1928 adeo
228 1899 363 1939 sane,
387 1896 436 1928 ut
456 1889 608 1939 locus,
635 1889 809 1941 alioqui
830 1890 1192 1941 capacissimus,
1218 1891 1600 1931 concurrentium
1618 1893 1733 1932 mul-

40 1995 43 1999 .
91 1958 332 2000 titudinem
353 1960 435 2000 vix
456 1972 625 2011 capere
645 1967 819 2012 posset.
842 1960 960 2011 Iam,
986 1961 1025 2001 si
1045 1961 1223 2011 lubeat,
1242 1963 1472 2012 gratiam,
1497 1963 1728 2014 spiritum,

93 2029 374 2082 doctrinam,
406 2031 636 2072 sermonis
669 2043 725 2072 ac
757 2032 994 2072 rationum
1027 2033 1312 2084 claritatem,
1349 2033 1547 2085 denique
1576 2035 1732 2075 omnia

93 2101 202 2152 alia,
226 2102 393 2154 quibus
414 2114 526 2142 usus
547 2108 642 2153 est,
666 2103 955 2143 adamussim
982 2103 1179 2153 referre,
1211 2104 1337 2145 haud
1370 2105 1507 2145 dubie
1535 2106 1734 2157 epistola

92 2173 138 2213 in
167 2174 337 2214 iustum
358 2175 578 2214 volumen
609 2182 920 2214 excresceret.
944 2175 1035 2215 Pro
1072 2175 1145 2215 his
1179 2176 1395 2216 omnibus
1428 2177 1589 2227 igitur,
1624 2177 1733 2226 hoc,

92 2244 212 2295 quod
233 2250 278 2285 et
297 2245 396 2296 ipse
419 2245 606 2297 saepius
627 2246 801 2297 audivi,
824 2246 944 2286 dico:
969 2247 1175 2287 omnium
1192 2248 1371 2288 scilicet
1389 2249 1655 2289 auditorum
1668 2249 1734 2289 iu-

93 2315 233 2365 dicio,
256 2316 338 2356 vix
360 2317 559 2356 similem
579 2316 775 2369 Neapoli
802 2317 1014 2357 auditum
1042 2329 1144 2358 esse
1173 2319 1585 2370 concionatorem3
1610 2321 1732 2360 unde

93 2385 212 2427 inter
233 2394 418 2427 caetera
441 2394 487 2427 et
508 2388 621 2428 illud
643 2394 947 2429 consecutum
970 2395 1039 2429 est
1056 2387 1071 2407 4
1092 2395 1160 2440 ut,
1192 2402 1300 2430 cum
1328 2391 1498 2431 civitas
1527 2398 1634 2431 ante
1657 2392 1734 2432 ad-

94 2463 283 2498 ventum
315 2458 470 2499 Patris
504 2471 598 2499 non
632 2459 825 2511 perinde
859 2466 1023 2500 nostra
1058 2462 1327 2511 praesentia
1363 2462 1646 2514 afficeretur,
1684 2464 1730 2503 in

94 2530 464 2579 praesentiarum
485 2531 708 2570 universa
730 2530 939 2582 Collegio
968 2543 1108 2583 quam
1135 2533 1339 2572 maxime
1366 2533 1548 2584 faveat;
1579 2535 1731 2575 volue-

93 2606 199 2640 runt
219 2600 407 2652 quidam
429 2614 453 2641 e
474 2602 751 2653 primatibus
772 2603 880 2643 hinc
902 2603 1008 2643 inde
1038 2605 1363 2655 eleemosynas
1391 2604 1519 2645 Patri
1547 2617 1631 2656 pro
1655 2606 1732 2646 sti—

93 2670 259 2721 pendio
280 2672 600 2724 emendicare3
623 2685 788 2713 Verum
811 2680 993 2714 tantum
1021 2674 1169 2715 abfuit
1189 2682 1238 2715 ut
1259 2675 1348 2715 hoc
1371 2676 1658 2727 admitteret,
1683 2683 1734 2717 ut

150 2855 160 2875 ¹
199 2856 236 2884 P.
252 2857 410 2885 Andreas
423 2858 462 2885 de
479 2857 618 2885 Oviedo.

152 2903 166 2922 ‘2
202 2903 347 2936 Joannes
359 2905 564 2933 Franciscus
580 2906 744 2933 Araldus.

148 2950 162 2969 ⁵
191 2951 274 2985 fere
289 2952 430 2980 inseruit
447 2954 626 2981 Polancus„

148 2999 163 3019 4
198 2998 315 3028 Verba
329 3001 414 3028 haec
431 3002 524 3028 unde
545 3002 639 3028 inter
660 3003 802 3028 caetera
828 3003 918 3030 illud
940 3006 1164 3031 consecutum
1182 3007 1233 3031 est
1249 3007 1287 3031 ut
1307 3010 1384 3033 sunt
1402 3006 1549 3039 Polanci;
1566 3007 1730 3034 Peltanus

97 3046 184 3073 enim
199 3047 344 3076 dixerat:
360 3052 394 3076 et
409 3057 483 3077 rem
501 3050 552 3076 ila
567 3049 698 3076 habere
713 3049 794 3077 hinc
808 3051 984 3085 velsacile
1001 3052 1167 3085 colligere
1183 3055 1250 3084 est,
1265 3061 1360 3080 nam.
