2080 3392
839 195 921 233 AN.
954 195 1045 233 155‘2
1717 198 1765 236 87

103 291 158 331 P.
182 291 413 343 Andreas,
437 291 660 333 Nicolaus
680 292 979 344 Paredensis,
1000 293 1275 334 Leonardus
1305 294 1598 343 Parmensis,
1629 295 1758 335 loan—

106 375 193 403 nes
214 363 500 403 Franciscus
521 362 775 415 Heraldus,
809 364 1008 405 Ioannes
1031 364 1266 405 Antonius
1287 365 1619 416 Bononiensis,
1642 366 1760 407 Lau-

110 433 288 474 rentius
317 433 641 485 Florentinus,
666 435 889 475 Nicolaus
915 435 1134 487 Flander,
1165 436 1485 488 Hieronymus
1520 435 1756 485 Senensis,

102 504 428 556 ,Hieronymus
467 504 675 557 Siculus,
721 505 930 547 Alvarus
965 506 1205 558 Hispanus
1240 514 1284 547 et
1319 507 1445 559 Mag.
1484 508 1759 548 Theodorus

109 574 353 616 Peltanus.

186 646 380 688 Praeter
402 648 487 688 hos
509 649 662 688 adhue
685 648 776 688 duo
799 648 878 688 alii
905 648 1149 689 nobiseum
1178 649 1378 701 degunt,
1411 662 1610 702 quorum
1637 663 1758 692 unus

106 718 391 759 Procurator
421 719 706 760 domesticus
741 725 811 759 est
843 717 875 770 ¹,
913 720 1031 759 alter
1051 731 1165 759 vero
1187 721 1234 760 in
1254 722 1545 773 probatione,
1569 723 1756 763 nomine

106 789 303 829 loannes
341 789 575 830 Antonius
613 791 659 831 di
692 789 882 838 Mauro,
925 790 1284 842 Neapolitanus,
1328 793 1405 844 qui
1439 805 1488 833 se
1533 792 1757 835 Societati

105 859 248 901 dedit.

186 931 311 983 Mag.
346 933 588 973 Bobadilla
617 934 664 973 in
698 933 872 974 ditione
900 934 1031 974 ducis
1061 934 1235 974 Montis
1261 934 1432 975 Leonis
1461 936 1581 987 agit,
1607 943 1670 988 et,
1705 945 1754 978 ut

102 1003 421 1054 intelligimus,
458 1015 633 1055 magna
669 1016 776 1045 cum
810 1004 1134 1045 aedificatione
1168 1011 1213 1046 et
1247 1005 1512 1047 animarum
1540 1007 1751 1059 profectu

101 1075 206 1114 loca
228 1075 306 1115 illa
327 1076 649 1127 perlustravit,
675 1087 731 1116 ao
752 1076 868 1116 bene
887 1076 1028 1116 valet.

181 1145 308 1186 Nihil
336 1146 462 1203 aliud
491 1159 633 1199 quam
662 1147 787 1199 quod
815 1159 978 1187 omnes
1010 1148 1301 1188 orationibus
1331 1147 1633 1190 Paternitatis
1661 1152 1750 1192 Ve-

101 1223 227 1257 strae
249 1229 335 1257 nos
356 1218 610 1269 plurimum
632 1219 987 1259 commendatos
1015 1219 1243 1270 cupimus.

182 1288 315 1328 Vale.
339 1288 548 1341 Neapoli,
571 1289 719 1341 pridie
739 1291 826 1330 cal.
849 1289 1055 1331 Ianuarii
1081 1290 1196 1331 1553.

180 1359 303 1399 Rflae
334 1360 433 1400 Pstis
462 1360 587 1401 V·rae

180 1431 250 1470 Ex
272 1432 601 1472 commissione
623 1431 889 1484 Superioris

180 1501 301 1542 filius
327 1503 375 1542 in
397 1503 512 1554 (ΖΕΘ,

979 1647 1262 1689 THEODORUS
1294 1649 1556 1690 PELTANUS.

154 1830 165 1849 ¹
203 1830 351 1863 Joannes
373 1830 535 1858 Nicolaus
558 1830 801 1865 (Giannicol'o)
823 1832 988 1861 Petrella.
1012 1834 1100 1861 Vide
1119 1834 1296 1869 PoLAmco,
1315 1835 1524 1869 Cltronz'con,
1541 1840 1563 1862 t.
1581 1843 1634 1868 ΠΙ,
1657 1837 1748 1871 pagi-

98 1884 144 1904 na
160 1878 219 1906 169.
