2080 3392
856 190 940 227 AN.
971 189 1063 228 1554
1706 188 1776 225 605

131 294 239 329 sunt
272 288 548 340 religionem
575 288 797 339 ingressi,
830 287 921 328 duo
949 287 1293 338 adolescentes,
1329 297 1559 326 annorum
1587 284 1775 325 circiter

133 359 295 399 decem
316 365 361 399 et
382 365 580 410 septem,
605 360 651 399 in
673 359 796 399 hanc
822 364 975 409 tuam,
1005 358 1068 398 mi
1098 358 1252 408 Pater,
1282 363 1390 397 sunt
1418 356 1633 408 admissi,
1662 367 1773 408 quo-

133 442 236 471 rum
258 430 410 471 studia
434 437 479 471 et
501 442 656 471 mores
677 442 763 470 nos
785 431 959 482 optime
981 441 1173 482 sperare
1194 430 1387 470 faciunt.

213 501 284 541 De
306 502 534 542 classibus
557 501 769 542 nonnihil
799 501 1025 552 dicerem,
1056 501 1095 541 si
1123 501 1241 541 alias
1268 501 1457 552 saepius
1486 512 1580 540 non
1610 499 1775 540 fuisset

132 573 381 624 scriptum,
404 585 504 613 rem
527 584 716 614 omnem
735 573 909 613 Christi
938 573 1093 624 gratia
1120 572 1236 612 bene
1267 572 1511 623 progredi:
1542 571 1772 623 siquidem

135 644 183 684 in
204 645 542 695 recuperandis
564 644 828 695 discipulis,
853 644 932 695 qui
953 645 1010 683 ob
1032 649 1303 683 nostrorum
1326 643 1578 683 adversam
1599 643 1773 683 valetu-

133 716 287 756 dinem
309 717 449 767 longe
470 717 655 768 lateque
677 715 863 756 fuerant
892 715 1105 769 dispersi,
1126 715 1333 754 omnium
1356 715 1621 766 opinionem
1638 714 1776 754 facile

132 787 477 838 superavimus.
501 786 592 827 Sed
613 793 802 838 praeter
824 792 1033 836 caetera,
1057 786 1148 825 hoc
1170 797 1273 826 meo
1295 785 1466 826 iudicio
1496 793 1565 825 est
1598 786 1778 836 ingenti

131 858 544 898 animadversione
583 858 797 908 dignum,
823 857 946 908 quod
973 869 1080 896 cum
1107 857 1270 896 diebus
1292 856 1516 896 natalitiis
1539 857 1777 897 orationes

131 929 385 981 quaedam,
411 930 559 969 altera
582 929 637 969 de
660 928 922 969 Salvatoris
942 928 1213 979 nativitate,
1239 928 1387 968 altera
1409 928 1465 968 de
1495 928 1702 968 eiusdem
1732 934 1778 967 et

133 1001 490 1041 circumcisione
512 1007 556 1041 et
577 1001 787 1051 nomine,
811 1000 1111 1049 haberentur,
1136 1005 1325 1050 praeter
1355 1011 1540 1039 omnem
1561 1004 1775 1051 expecta-

132 1071 307 1112 tionem
328 1072 459 1111 multi
481 1072 660 1112 nobiles
688 1082 983 1122 magnaeque
1012 1069 1307 1110 auctoritatis
1336 1070 1428 1110 viri
1449 1077 1588 1122 atque
1619 1071 1778 1122 plures

133 1143 212 1183 alii
235 1143 294 1183 ad
315 1155 401 1183 nos
423 1143 767 1183 confluxerunt.

213 1214 300 1254 His
323 1215 554 1254 accedunt
575 1214 801 1254 exercitia
822 1214 1042 1263 fratrum,
1068 1224 1187 1264 quae
1208 1224 1302 1252 non
1325 1213 1423 1253 sine
1444 1212 1600 1253 fructu
1627 1225 1778 1253 susce-

132 1292 213 1337 pta
235 1291 440 1336 constat,
466 1298 573 1326 cum
594 1286 641 1325 in
663 1285 829 1326 studiis
851 1285 1167 1324 humanarum
1190 1284 1452 1334 literarum,
1476 1290 1575 1324 tum
1595 1296 1710 1324 vero
1733 1285 1779 1324 in

120 1358 272 1398 rebus
311 1357 505 1408 divinis,
537 1369 656 1409 quae
685 1357 745 1397 ad
770 1356 976 1409 proximi
1002 1355 1262 1407 perfectam
1295 1356 1653 1395 instructionem
1680 1368 1778 1407 spe-

133 1435 276 1469 ctant.
303 1429 491 1469 Etenim
511 1435 699 1480 praeter
728 1429 752 1468 4
781 1428 858 1480 qui
879 1428 1038 1467 latinis
1069 1439 1124 1467 ac
1152 1427 1340 1478 graecis
1369 1438 1563 1478 operam
1591 1426 1779 1467 assidue

132 1507 308 1540 vacant
329 1501 714 1551 iuventutemque
735 1499 872 1539 huius
900 1498 1128 1548 civitatis,
1159 1498 1334 1549 alioqui
1353 1498 1518 1538 rudem
1538 1499 1780 1539 incultam-

132 1583 241 1623 que,
284 1572 430 1611 literis
467 1578 511 1611 et
546 1571 754 1611 moribus
793 1570 1069 1621 informant,
1113 1569 1172 1609 ad
1208 1569 1556 1610 xenodochium
1596 1582 1782 1622 quoque

132 1655 468 1694 carceremque
503 1643 692 1694 saepius
731 1642 825 1682 iam
860 1647 1206 1692 commearunt,
1245 1641 1412 1693 quibus
1447 1641 1495 1681 in
1529 1641 1645 1681 locis
1677 1653 1783 1681 cum

132 1726 307 1765 magno
331 1715 596 1754 animarum
626 1715 755 1754 lucro
785 1713 1142 1761 concionantur,
1174 1718 1396 1764 aegrotos
1425 1719 1683 1764 captosque
1711 1724 1779 1753 so-

133 1787 304 1836 lantur,
338 1786 398 1826 ad
429 1785 773 1826 confessionem
804 1785 1063 1836 attrahunt,
1097 1796 1124 1824 a
1150 1783 1342 1834 flagitiis
1369 1783 1778 1836 perterrefaciunt.

213 1858 395 1898 Verum
429 1870 487 1897 ne
521 1858 708 1908 singula
742 1868 956 1908 quaeque
986 1867 1260 1908 persequar,
1298 1855 1437 1895 finem
1467 1856 1562 1895 iam
1595 1855 1782 1896 dicendi

132 1928 322 1979 faciam,
346 1929 486 1969 Pater
507 1929 792 1979 venerande,
818 1927 1012 1967 summis
1034 1927 1253 1979 precibus
1273 1926 1610 1967 Reverentiam
1630 1927 1782 1967 Tuam

130 2000 389 2040 obsecrans
417 2008 488 2050 ut,
514 2000 552 2040 si
581 1999 690 2051 quid
717 2000 870 2040 minus
901 1999 1017 2039 scite
1045 1998 1291 2049 lucideque
1319 1997 1519 2038 dixerim
1550 1998 1781 2048 (breviter

131 2078 288 2112 autem
315 2083 409 2111 non
439 2072 613 2121 dicam,
645 2071 753 2122 quia
780 2071 970 2111 brevius
999 2069 1082 2109 vix
1110 2069 1392 2121 potuerim),
1430 2075 1511 2109 tua
1547 2069 1659 2109 mihi
1691 2080 1778 2120 pro

132 2143 424 2183 humanitate
452 2143 792 2194 clementiaque
820 2142 1057 2193 ignoscas.
1090 2141 1287 2192 Reliqua
1308 2152 1439 2189 vero,
1473 2152 1593 2191 quae
1624 2141 1671 2180 in
1699 2153 1781 2192 spe

132 2214 350 2254 Videntur
378 2226 479 2254 esse
513 2214 686 2265 posita,
717 2219 817 2253 tum
847 2213 1032 2253 demum
1062 2211 1377 2263 perficientur,
1412 2223 1539 2262 cum,
1565 2217 1615 2251 ut
1640 2217 1779 2252 antea

133 2297 332 2337 semper,
355 2285 418 2325 ita
441 2286 488 2325 in
515 2292 757 2336 posterum
788 2285 930 2324 etiam
956 2283 1219 2335 patrocinio
1247 2294 1333 2322 nos
1362 2288 1442 2322 tuo
1472 2283 1598 2334 apud
1626 2282 1779 2323 Deum

133 2356 240 2408 Opt.
268 2357 393 2397 Max.
429 2357 688 2406 adiuveris,
721 2368 903 2407 quoque
932 2367 1007 2395 res
1035 2361 1228 2394 nostrae
1257 2354 1598 2393 incrementum
1626 2354 1777 2405 quoti-

131 2428 205 2468 die
240 2428 497 2479 accipiant,
536 2426 751 2467 eumdem
780 2432 1006 2478 perpetuo
1036 2432 1080 2466 et
1111 2425 1324 2465 oraveris
1356 2431 1400 2464 et
1433 2425 1774 2465 obsecraveris.

134 2499 178 2538 V
182 2500 268 2539 ale.

210 2570 388 2610 Datum
409 2570 632 2619 Mutinae,
656 2569 741 2610 V.⁰
761 2569 994 2609 Calendas
1014 2568 1127 2608 Maii
1148 2566 1381 2608 MDLHH.

211 2642 339 2682 Tuus
362 2643 408 2682 in
430 2641 616 2682 Christo
639 2652 805 2681 servus
826 2641 1046 2681 minimus
1065 2673 1072 2690 ,

992 2853 1221 2892 ANDREAS
1243 2852 1560 2892 BONINSEGNA.
