<?xml version="1.0" encoding="UTF-8"?>
<!DOCTYPE html PUBLIC "-//W3C//DTD XHTML 1.0 Transitional//EN"
    "http://www.w3.org/TR/xhtml1/DTD/xhtml1-transitional.dtd">
<html xmlns="http://www.w3.org/1999/xhtml" xml:lang="en" lang="en">
 <head>
  <title>
</title>
<meta http-equiv="Content-Type" content="text/html;charset=utf-8" />
  <meta name='ocr-system' content='tesseract 3.04.00' />
  <meta name='ocr-capabilities' content='ocr_page ocr_carea ocr_par ocr_line ocrx_word'/>
</head>
<body>
  <div class='ocr_page' id='page_1' title='image "./litteraequadrime14lain_0328.png"; bbox 0 0 2080 3392; ppageno 0'>
   <div class='ocr_carea' id='block_1_1' title="bbox 330 195 1451 239">
    <p class='ocr_par' dir='ltr' id='par_1_1' title="bbox 330 195 1451 239">
     <span class='ocr_line' id='line_1_1' title="bbox 330 195 1451 239; baseline -0.001 -6"><span class='ocrx_word' id='word_1_1' title='bbox 330 197 400 233; x_wconf 66' lang='lat'>324</span> <span class='ocrx_word' id='word_1_2' title='bbox 840 195 1066 233; x_wconf 77' lang='lat' dir='ltr'><strong>LITTERAE</strong></span> <span class='ocrx_word' id='word_1_3' title='bbox 1093 206 1451 239; x_wconf 77' lang='lat' dir='ltr'><strong>QUADRIMESTRES</strong></span> 
     </span>
    </p>
   </div>
   <div class='ocr_carea' id='block_1_2' title="bbox 309 292 1965 2116">
    <p class='ocr_par' dir='ltr' id='par_1_2' title="bbox 313 292 1959 1833">
     <span class='ocr_line' id='line_1_2' title="bbox 329 292 1953 344; baseline 0.002 -11"><span class='ocrx_word' id='word_1_4' title='bbox 329 293 485 333; x_wconf 77' lang='lat' dir='ltr'>chiesa</span> <span class='ocrx_word' id='word_1_5' title='bbox 508 299 551 332; x_wconf 80' lang='lat' dir='ltr'>et</span> <span class='ocrx_word' id='word_1_6' title='bbox 572 292 616 331; x_wconf 91' lang='lat' dir='ltr'>di</span> <span class='ocrx_word' id='word_1_7' title='bbox 644 292 722 343; x_wconf 81' lang='lat' dir='ltr'>piu</span> <span class='ocrx_word' id='word_1_8' title='bbox 748 292 955 342; x_wconf 86' lang='lat' dir='ltr'>intrada‚</span> <span class='ocrx_word' id='word_1_9' title='bbox 986 293 1117 332; x_wconf 85' lang='lat' dir='ltr'>accio</span> <span class='ocrx_word' id='word_1_10' title='bbox 1147 293 1226 343; x_wconf 79' lang='lat' dir='ltr'>piu</span> <span class='ocrx_word' id='word_1_11' title='bbox 1253 293 1298 333; x_wconf 90' lang='lat' dir='ltr'>di</span> <span class='ocrx_word' id='word_1_12' title='bbox 1325 293 1429 344; x_wconf 90' lang='lat' dir='ltr'>quei</span> <span class='ocrx_word' id='word_1_13' title='bbox 1455 294 1681 344; x_wconf 83' lang='lat' dir='ltr'>poverelli</span> <span class='ocrx_word' id='word_1_14' title='bbox 1708 296 1953 336; x_wconf 88' lang='lat' dir='ltr'>trattenire</span> 
     </span>
     <span class='ocr_line' id='line_1_3' title="bbox 328 362 1954 415; baseline 0.002 -12"><span class='ocrx_word' id='word_1_15' title='bbox 328 365 366 403; x_wconf 90' lang='lat' dir='ltr'>si</span> <span class='ocrx_word' id='word_1_16' title='bbox 386 363 642 414; x_wconf 89' lang='lat' dir='ltr'>potessino.</span> <span class='ocrx_word' id='word_1_17' title='bbox 666 362 710 402; x_wconf 83' lang='lat' dir='ltr'><strong>A</strong></span> <span class='ocrx_word' id='word_1_18' title='bbox 730 364 870 402; x_wconf 87' lang='lat' dir='ltr'>molte</span> <span class='ocrx_word' id='word_1_19' title='bbox 892 374 1000 403; x_wconf 89' lang='lat' dir='ltr'>case</span> <span class='ocrx_word' id='word_1_20' title='bbox 1031 368 1076 403; x_wconf 87' lang='lat' dir='ltr'>et</span> <span class='ocrx_word' id='word_1_21' title='bbox 1096 362 1333 414; x_wconf 81' lang='lat' dir='ltr'>fameglie,</span> <span class='ocrx_word' id='word_1_22' title='bbox 1358 364 1430 403; x_wconf 91' lang='lat' dir='ltr'>ch&#39;</span> <span class='ocrx_word' id='word_1_23' title='bbox 1461 364 1594 404; x_wconf 86' lang='lat' dir='ltr'>anch&#39;</span> <span class='ocrx_word' id='word_1_24' title='bbox 1623 365 1714 415; x_wconf 87' lang='lat' dir='ltr'>egli</span> <span class='ocrx_word' id='word_1_25' title='bbox 1744 365 1799 405; x_wconf 93' lang='lat' dir='ltr'>de</span> <span class='ocrx_word' id='word_1_26' title='bbox 1828 366 1954 406; x_wconf 89' lang='lat' dir='ltr'>limo-</span> 
     </span>
     <span class='ocr_line' id='line_1_4' title="bbox 327 433 1952 484; baseline 0.002 -11"><span class='ocrx_word' id='word_1_27' title='bbox 327 435 424 474; x_wconf 88' lang='lat' dir='ltr'>sine</span> <span class='ocrx_word' id='word_1_28' title='bbox 446 434 705 484; x_wconf 87' lang='lat' dir='ltr'>provedere</span> <span class='ocrx_word' id='word_1_29' title='bbox 726 433 901 483; x_wconf 89' lang='lat' dir='ltr'>soleva,</span> <span class='ocrx_word' id='word_1_30' title='bbox 926 434 970 473; x_wconf 89' lang='grc'>31</span> <span class='ocrx_word' id='word_1_31' title='bbox 990 439 1206 484; x_wconf 78' lang='lat' dir='ltr'>presente</span> <span class='ocrx_word' id='word_1_32' title='bbox 1237 446 1331 474; x_wconf 92' lang='lat' dir='ltr'>non</span> <span class='ocrx_word' id='word_1_33' title='bbox 1358 434 1398 474; x_wconf 86' lang='lat' dir='ltr'>si</span> <span class='ocrx_word' id='word_1_34' title='bbox 1424 446 1607 475; x_wconf 88' lang='lat' dir='ltr'>manca.</span> <span class='ocrx_word' id='word_1_35' title='bbox 1637 435 1768 476; x_wconf 89' lang='lat' dir='ltr'>Nella</span> <span class='ocrx_word' id='word_1_36' title='bbox 1796 437 1952 477; x_wconf 81' lang='lat' dir='ltr'>chiesa</span> 
     </span>
     <span class='ocr_line' id='line_1_5' title="bbox 326 503 1959 557; baseline 0.002 -13"><span class='ocrx_word' id='word_1_37' title='bbox 326 516 424 545; x_wconf 89' lang='lat' dir='ltr'>nra.</span> <span class='ocrx_word' id='word_1_38' title='bbox 451 504 497 544; x_wconf 90' lang='lat' dir='ltr'>di</span> <span class='ocrx_word' id='word_1_39' title='bbox 515 503 604 544; x_wconf 68' lang='lat' dir='ltr'>Sta</span> <span class='ocrx_word' id='word_1_40' title='bbox 620 503 770 544; x_wconf 85' lang='lat' dir='ltr'>Maria</span> <span class='ocrx_word' id='word_1_41' title='bbox 792 504 892 554; x_wconf 91' lang='lat' dir='ltr'>(che</span> <span class='ocrx_word' id='word_1_42' title='bbox 913 505 1266 555; x_wconf 84' lang='lat' dir='ltr'>volgaremente</span> <span class='ocrx_word' id='word_1_43' title='bbox 1287 503 1381 545; x_wconf 85' lang='lat' dir='ltr'>San</span> <span class='ocrx_word' id='word_1_44' title='bbox 1397 504 1610 557; x_wconf 87' lang='lat' dir='ltr'>Philippo</span> <span class='ocrx_word' id='word_1_45' title='bbox 1629 510 1652 545; x_wconf 81' lang='lat' dir='ltr'>e</span> <span class='ocrx_word' id='word_1_46' title='bbox 1671 506 1906 547; x_wconf 86' lang='lat' dir='ltr'>chiamata</span> <span class='ocrx_word' id='word_1_47' title='bbox 1925 506 1959 557; x_wconf 79' lang='lat'>¹)</span> 
     </span>
     <span class='ocr_line' id='line_1_6' title="bbox 325 575 1952 627; baseline 0.002 -13"><span class='ocrx_word' id='word_1_48' title='bbox 325 576 363 615; x_wconf 90' lang='lat' dir='ltr'>si</span> <span class='ocrx_word' id='word_1_49' title='bbox 382 586 635 626; x_wconf 87' lang='lat' dir='ltr'>persevera</span> <span class='ocrx_word' id='word_1_50' title='bbox 657 575 860 615; x_wconf 87' lang='lat' dir='ltr'>tuttavia</span> <span class='ocrx_word' id='word_1_51' title='bbox 879 587 937 614; x_wconf 89' lang='lat' dir='ltr'>ne</span> <span class='ocrx_word' id='word_1_52' title='bbox 959 575 1081 615; x_wconf 88' lang='lat' dir='ltr'>soliti</span> <span class='ocrx_word' id='word_1_53' title='bbox 1103 575 1331 615; x_wconf 91' lang='lat' dir='ltr'>essercitii</span> <span class='ocrx_word' id='word_1_54' title='bbox 1359 575 1405 615; x_wconf 89' lang='lat' dir='ltr'>di</span> <span class='ocrx_word' id='word_1_55' title='bbox 1431 576 1674 627; x_wconf 88' lang='lat' dir='ltr'>prediche‚</span> <span class='ocrx_word' id='word_1_56' title='bbox 1703 577 1882 617; x_wconf 88' lang='lat' dir='ltr'>lettioni</span> <span class='ocrx_word' id='word_1_57' title='bbox 1907 584 1952 618; x_wconf 93' lang='lat' dir='ltr'>et</span> 
     </span>
     <span class='ocr_line' id='line_1_7' title="bbox 326 644 1952 697; baseline 0.002 -11"><span class='ocrx_word' id='word_1_58' title='bbox 326 646 619 686; x_wconf 81' lang='lat' dir='ltr'>confessioni.</span> <span class='ocrx_word' id='word_1_59' title='bbox 640 645 779 696; x_wconf 84' lang='lat' dir='ltr'>Quivi</span> <span class='ocrx_word' id='word_1_60' title='bbox 800 646 859 686; x_wconf 88' lang='lat' dir='ltr'>M.</span> <span class='ocrx_word' id='word_1_61' title='bbox 893 645 1092 686; x_wconf 88' lang='lat' dir='ltr'>Michele</span> <span class='ocrx_word' id='word_1_62' title='bbox 1118 644 1132 664; x_wconf 86' lang='lat'><strong>²</strong></span> <span class='ocrx_word' id='word_1_63' title='bbox 1163 646 1384 686; x_wconf 88' lang='lat' dir='ltr'>continua</span> <span class='ocrx_word' id='word_1_64' title='bbox 1411 647 1521 697; x_wconf 88' lang='lat' dir='ltr'>ogni</span> <span class='ocrx_word' id='word_1_65' title='bbox 1547 647 1790 687; x_wconf 87' lang='lat' dir='ltr'>domenica</span> <span class='ocrx_word' id='word_1_66' title='bbox 1816 660 1840 688; x_wconf 89' lang='lat' dir='ltr'>e</span> <span class='ocrx_word' id='word_1_67' title='bbox 1870 660 1952 689; x_wconf 89' lang='lat' dir='ltr'>sue</span> 
     </span>
     <span class='ocr_line' id='line_1_8' title="bbox 324 717 1951 770; baseline 0.001 -13"><span class='ocrx_word' id='word_1_68' title='bbox 324 718 557 770; x_wconf 88' lang='lat' dir='ltr'>prediche‚</span> <span class='ocrx_word' id='word_1_69' title='bbox 594 723 638 757; x_wconf 89' lang='lat' dir='ltr'>et</span> <span class='ocrx_word' id='word_1_70' title='bbox 673 717 823 768; x_wconf 87' lang='lat' dir='ltr'>questi</span> <span class='ocrx_word' id='word_1_71' title='bbox 858 718 1035 768; x_wconf 85' lang='lat' dir='ltr'>passati</span> <span class='ocrx_word' id='word_1_72' title='bbox 1073 717 1249 768; x_wconf 86' lang='lat' dir='ltr'>giorni,</span> <span class='ocrx_word' id='word_1_73' title='bbox 1290 717 1486 757; x_wconf 90' lang='lat' dir='ltr'>essendo</span> <span class='ocrx_word' id='word_1_74' title='bbox 1526 724 1647 758; x_wconf 89' lang='lat' dir='ltr'>stato</span> <span class='ocrx_word' id='word_1_75' title='bbox 1685 719 1790 758; x_wconf 85' lang='lat' dir='ltr'>nell&#39;</span> <span class='ocrx_word' id='word_1_76' title='bbox 1832 720 1951 759; x_wconf 87' lang='lat' dir='ltr'>altra</span> 
     </span>
     <span class='ocr_line' id='line_1_9' title="bbox 324 787 1947 839; baseline 0.001 -10"><span class='ocrx_word' id='word_1_77' title='bbox 324 789 481 829; x_wconf 87' lang='lat' dir='ltr'>chiesa</span> <span class='ocrx_word' id='word_1_78' title='bbox 501 787 650 829; x_wconf 60' lang='grc' dir='ltr'>(11ΞὲΟ</span> <span class='ocrx_word' id='word_1_79' title='bbox 681 787 902 837; x_wconf 87' lang='lat' dir='ltr'>Antonio,</span> <span class='ocrx_word' id='word_1_80' title='bbox 927 799 1016 827; x_wconf 92' lang='lat' dir='ltr'>con</span> <span class='ocrx_word' id='word_1_81' title='bbox 1036 788 1178 828; x_wconf 86' lang='lat' dir='ltr'>molto</span> <span class='ocrx_word' id='word_1_82' title='bbox 1201 799 1427 828; x_wconf 88' lang='lat' dir='ltr'>concorso</span> <span class='ocrx_word' id='word_1_83' title='bbox 1450 794 1494 828; x_wconf 91' lang='lat' dir='ltr'>et</span> <span class='ocrx_word' id='word_1_84' title='bbox 1522 795 1772 839; x_wconf 83' lang='lat' dir='ltr'>augmento</span> <span class='ocrx_word' id='word_1_85' title='bbox 1802 789 1847 829; x_wconf 94' lang='lat' dir='ltr'>di</span> <span class='ocrx_word' id='word_1_86' title='bbox 1874 801 1947 830; x_wconf 89' lang='lat' dir='ltr'>au-</span> 
     </span>
     <span class='ocr_line' id='line_1_10' title="bbox 323 858 1951 910; baseline 0 -10"><span class='ocrx_word' id='word_1_87' title='bbox 323 860 505 910; x_wconf 88' lang='lat' dir='ltr'>ditorio,</span> <span class='ocrx_word' id='word_1_88' title='bbox 530 859 671 899; x_wconf 84' lang='lat' dir='ltr'>etiam</span> <span class='ocrx_word' id='word_1_89' title='bbox 694 858 741 899; x_wconf 92' lang='lat' dir='ltr'>di</span> <span class='ocrx_word' id='word_1_90' title='bbox 760 859 890 899; x_wconf 90' lang='lat' dir='ltr'>molti</span> <span class='ocrx_word' id='word_1_91' title='bbox 912 859 1069 909; x_wconf 87' lang='lat' dir='ltr'>nobili;</span> <span class='ocrx_word' id='word_1_92' title='bbox 1094 859 1216 899; x_wconf 87' lang='lat' dir='ltr'>nella</span> <span class='ocrx_word' id='word_1_93' title='bbox 1237 870 1361 899; x_wconf 89' lang='lat' dir='ltr'>nova</span> <span class='ocrx_word' id='word_1_94' title='bbox 1379 859 1537 899; x_wconf 80' lang='lat' dir='ltr'>chiesa</span> <span class='ocrx_word' id='word_1_95' title='bbox 1553 871 1646 899; x_wconf 89' lang='lat' dir='ltr'>non</span> <span class='ocrx_word' id='word_1_96' title='bbox 1661 872 1891 901; x_wconf 87' lang='lat' dir='ltr'>mancano</span> <span class='ocrx_word' id='word_1_97' title='bbox 1908 868 1951 900; x_wconf 91' lang='lat' dir='ltr'>et</span> 
     </span>
     <span class='ocr_line' id='line_1_11' title="bbox 321 929 1950 981; baseline 0.001 -11"><span class='ocrx_word' id='word_1_98' title='bbox 321 931 368 970; x_wconf 91' lang='lat' dir='ltr'>vi</span> <span class='ocrx_word' id='word_1_99' title='bbox 393 941 612 981; x_wconf 81' lang='lat' dir='ltr'>vengano</span> <span class='ocrx_word' id='word_1_100' title='bbox 647 929 1081 981; x_wconf 87' lang='lat' dir='ltr'>abondevolmente,</span> <span class='ocrx_word' id='word_1_101' title='bbox 1119 929 1338 980; x_wconf 86' lang='lat' dir='ltr'>avengha</span> <span class='ocrx_word' id='word_1_102' title='bbox 1369 929 1454 969; x_wconf 91' lang='lat' dir='ltr'>che</span> <span class='ocrx_word' id='word_1_103' title='bbox 1484 930 1530 969; x_wconf 90' lang='lat' dir='ltr'>in</span> <span class='ocrx_word' id='word_1_104' title='bbox 1558 931 1675 970; x_wconf 86' lang='lat' dir='ltr'>altre</span> <span class='ocrx_word' id='word_1_105' title='bbox 1709 931 1864 971; x_wconf 88' lang='lat' dir='ltr'>chiese</span> <span class='ocrx_word' id='word_1_106' title='bbox 1898 943 1950 971; x_wconf 92' lang='lat' dir='ltr'>ce</span> 
     </span>
     <span class='ocr_line' id='line_1_12' title="bbox 321 1000 1950 1052; baseline 0 -12"><span class='ocrx_word' id='word_1_107' title='bbox 321 1001 452 1042; x_wconf 84' lang='lat' dir='ltr'>siano</span> <span class='ocrx_word' id='word_1_108' title='bbox 476 1007 594 1041; x_wconf 84' lang='lat' dir='ltr'>state</span> <span class='ocrx_word' id='word_1_109' title='bbox 616 1012 799 1052; x_wconf 87' lang='lat' dir='ltr'>sempre</span> <span class='ocrx_word' id='word_1_110' title='bbox 820 1001 1044 1052; x_wconf 89' lang='lat' dir='ltr'>prediche</span> <span class='ocrx_word' id='word_1_111' title='bbox 1066 1012 1090 1040; x_wconf 89' lang='lat' dir='ltr'>e</span> <span class='ocrx_word' id='word_1_112' title='bbox 1114 1012 1170 1041; x_wconf 93' lang='lat' dir='ltr'>ve</span> <span class='ocrx_word' id='word_1_113' title='bbox 1195 1012 1253 1040; x_wconf 89' lang='lat' dir='ltr'>ne</span> <span class='ocrx_word' id='word_1_114' title='bbox 1281 1000 1428 1040; x_wconf 88' lang='lat' dir='ltr'>siano.</span> <span class='ocrx_word' id='word_1_115' title='bbox 1455 1000 1586 1041; x_wconf 89' lang='lat' dir='ltr'>Oltra</span> <span class='ocrx_word' id='word_1_116' title='bbox 1607 1001 1654 1040; x_wconf 91' lang='lat' dir='ltr'>di</span> <span class='ocrx_word' id='word_1_117' title='bbox 1675 1001 1746 1041; x_wconf 89' lang='lat' dir='ltr'>cio</span> <span class='ocrx_word' id='word_1_118' title='bbox 1767 1002 1813 1041; x_wconf 89' lang='lat' dir='ltr'>in</span> <span class='ocrx_word' id='word_1_119' title='bbox 1845 1002 1950 1042; x_wconf 88' lang='lat' dir='ltr'>altri</span> 
     </span>
     <span class='ocr_line' id='line_1_13' title="bbox 319 1064 1948 1123; baseline 0 -11"><span class='ocrx_word' id='word_1_120' title='bbox 319 1072 494 1123; x_wconf 88' lang='lat' dir='ltr'>luoghi,</span> <span class='ocrx_word' id='word_1_121' title='bbox 518 1072 582 1123; x_wconf 90' lang='lat' dir='ltr'>pii</span> <span class='ocrx_word' id='word_1_122' title='bbox 602 1083 791 1121; x_wconf 85' lang='lat' dir='ltr'>ancora,</span> <span class='ocrx_word' id='word_1_123' title='bbox 815 1083 909 1111; x_wconf 88' lang='lat' dir='ltr'>non</span> <span class='ocrx_word' id='word_1_124' title='bbox 929 1064 1112 1119; x_wconf 86' lang='lat' dir='ltr'>manca,</span> <span class='ocrx_word' id='word_1_125' title='bbox 1137 1071 1333 1111; x_wconf 85' lang='lat' dir='ltr'>essendo</span> <span class='ocrx_word' id='word_1_126' title='bbox 1354 1071 1606 1116; x_wconf 82' lang='lat' dir='ltr'>rechiesto.</span> <span class='ocrx_word' id='word_1_127' title='bbox 1632 1083 1763 1111; x_wconf 90' lang='lat' dir='ltr'>come</span> <span class='ocrx_word' id='word_1_128' title='bbox 1794 1083 1948 1112; x_wconf 86' lang='lat' dir='ltr'>mona-</span> 
     </span>
     <span class='ocr_line' id='line_1_14' title="bbox 318 1141 1947 1194; baseline -0.001 -11"><span class='ocrx_word' id='word_1_129' title='bbox 318 1143 446 1183; x_wconf 88' lang='lat' dir='ltr'>sterii</span> <span class='ocrx_word' id='word_1_130' title='bbox 468 1149 511 1183; x_wconf 92' lang='lat' dir='ltr'>et</span> <span class='ocrx_word' id='word_1_131' title='bbox 533 1144 698 1183; x_wconf 84' lang='lat' dir='ltr'>alcune</span> <span class='ocrx_word' id='word_1_132' title='bbox 719 1141 1077 1193; x_wconf 77' lang='lat' dir='ltr'>congregationi</span> <span class='ocrx_word' id='word_1_133' title='bbox 1098 1141 1182 1182; x_wconf 83' lang='lat' dir='ltr'>che</span> <span class='ocrx_word' id='word_1_134' title='bbox 1210 1141 1294 1182; x_wconf 84' lang='lat' dir='ltr'>far&#39;</span> <span class='ocrx_word' id='word_1_135' title='bbox 1323 1142 1362 1181; x_wconf 90' lang='lat' dir='ltr'>si</span> <span class='ocrx_word' id='word_1_136' title='bbox 1395 1142 1621 1193; x_wconf 87' lang='lat' dir='ltr'>soglionO.</span> <span class='ocrx_word' id='word_1_137' title='bbox 1652 1142 1729 1182; x_wconf 77' lang='lat' dir='ltr'>Ma</span> <span class='ocrx_word' id='word_1_138' title='bbox 1757 1143 1947 1194; x_wconf 83' lang='lat' dir='ltr'>special-</span> 
     </span>
     <span class='ocr_line' id='line_1_15' title="bbox 317 1211 1943 1263; baseline 0 -9"><span class='ocrx_word' id='word_1_139' title='bbox 317 1220 469 1254; x_wconf 86' lang='lat' dir='ltr'>mente</span> <span class='ocrx_word' id='word_1_140' title='bbox 491 1214 538 1254; x_wconf 92' lang='lat' dir='ltr'>in</span> <span class='ocrx_word' id='word_1_141' title='bbox 559 1225 621 1253; x_wconf 89' lang='lat' dir='ltr'>un</span> <span class='ocrx_word' id='word_1_142' title='bbox 642 1213 924 1253; x_wconf 88' lang='lat' dir='ltr'>monasterio</span> <span class='ocrx_word' id='word_1_143' title='bbox 947 1212 1066 1252; x_wconf 91' lang='lat' dir='ltr'>ch&#39;el</span> <span class='ocrx_word' id='word_1_144' title='bbox 1087 1211 1257 1263; x_wconf 85' lang='lat' dir='ltr'>Signor</span> <span class='ocrx_word' id='word_1_145' title='bbox 1279 1211 1645 1253; x_wconf 83' lang='lat' dir='ltr'>Archevescovo</span> <span class='ocrx_word' id='word_1_146' title='bbox 1678 1211 1691 1230; x_wconf 78' lang='lat'>⁵</span> <span class='ocrx_word' id='word_1_147' title='bbox 1712 1213 1943 1254; x_wconf 83' lang='lat' dir='ltr'>risormar’</span> 
     </span>
     <span class='ocr_line' id='line_1_16' title="bbox 316 1282 1946 1333; baseline -0.001 -8"><span class='ocrx_word' id='word_1_148' title='bbox 316 1285 517 1333; x_wconf 86' lang='lat' dir='ltr'>intende,</span> <span class='ocrx_word' id='word_1_149' title='bbox 542 1290 586 1324; x_wconf 92' lang='lat' dir='ltr'>et</span> <span class='ocrx_word' id='word_1_150' title='bbox 606 1284 665 1324; x_wconf 87' lang='lat' dir='ltr'>ha</span> <span class='ocrx_word' id='word_1_151' title='bbox 687 1283 1014 1324; x_wconf 88' lang='lat' dir='ltr'>comminciato</span> <span class='ocrx_word' id='word_1_152' title='bbox 1036 1282 1095 1322; x_wconf 90' lang='lat' dir='ltr'>ad</span> <span class='ocrx_word' id='word_1_153' title='bbox 1115 1283 1329 1323; x_wconf 82' lang='lat' dir='ltr'>instanza</span> <span class='ocrx_word' id='word_1_154' title='bbox 1350 1283 1396 1322; x_wconf 88' lang='lat' dir='ltr'>di</span> <span class='ocrx_word' id='word_1_155' title='bbox 1417 1282 1460 1323; x_wconf 80' lang='lat' dir='ltr'>S.</span> <span class='ocrx_word' id='word_1_156' title='bbox 1485 1282 1555 1323; x_wconf 65' lang='lat' dir='ltr'>§.a</span> <span class='ocrx_word' id='word_1_157' title='bbox 1575 1282 1690 1323; x_wconf 76' lang='lat' dir='ltr'>Rma</span> <span class='ocrx_word' id='word_1_158' title='bbox 1720 1283 1826 1332; x_wconf 83' lang='lat' dir='ltr'>(che</span> <span class='ocrx_word' id='word_1_159' title='bbox 1854 1295 1946 1324; x_wconf 86' lang='lat' dir='ltr'>una</span> 
     </span>
     <span class='ocr_line' id='line_1_17' title="bbox 318 1353 1947 1406; baseline -0.001 -10"><span class='ocrx_word' id='word_1_160' title='bbox 318 1357 444 1397; x_wconf 86' lang='lat' dir='ltr'>volta</span> <span class='ocrx_word' id='word_1_161' title='bbox 465 1356 613 1396; x_wconf 90' lang='lat' dir='ltr'>anche</span> <span class='ocrx_word' id='word_1_162' title='bbox 634 1355 694 1395; x_wconf 84' lang='lat' dir='ltr'>ha</span> <span class='ocrx_word' id='word_1_163' title='bbox 717 1356 875 1395; x_wconf 86' lang='lat' dir='ltr'>voluto</span> <span class='ocrx_word' id='word_1_164' title='bbox 897 1366 1053 1395; x_wconf 86' lang='lat' dir='ltr'>essere</span> <span class='ocrx_word' id='word_1_165' title='bbox 1073 1354 1311 1406; x_wconf 88' lang='lat' dir='ltr'>presente)</span> <span class='ocrx_word' id='word_1_166' title='bbox 1341 1366 1367 1394; x_wconf 88' lang='lat' dir='ltr'>a</span> <span class='ocrx_word' id='word_1_167' title='bbox 1394 1353 1516 1394; x_wconf 88' lang='lat' dir='ltr'>dette</span> <span class='ocrx_word' id='word_1_168' title='bbox 1545 1355 1773 1394; x_wconf 87' lang='lat' dir='ltr'>monache</span> <span class='ocrx_word' id='word_1_169' title='bbox 1799 1354 1947 1406; x_wconf 83' lang='lat' dir='ltr'>predi-</span> 
     </span>
     <span class='ocr_line' id='line_1_18' title="bbox 316 1424 1946 1477; baseline -0.001 -10"><span class='ocrx_word' id='word_1_170' title='bbox 316 1427 481 1467; x_wconf 85' lang='lat' dir='ltr'>cando.</span> <span class='ocrx_word' id='word_1_171' title='bbox 504 1427 632 1467; x_wconf 90' lang='lat' dir='ltr'>Iddio</span> <span class='ocrx_word' id='word_1_172' title='bbox 654 1427 715 1466; x_wconf 85' lang='lat' dir='ltr'>ha</span> <span class='ocrx_word' id='word_1_173' title='bbox 745 1431 937 1477; x_wconf 89' lang='lat' dir='ltr'>operato</span> <span class='ocrx_word' id='word_1_174' title='bbox 966 1425 1050 1465; x_wconf 91' lang='lat' dir='ltr'>che</span> <span class='ocrx_word' id='word_1_175' title='bbox 1078 1426 1122 1465; x_wconf 89' lang='lat' dir='ltr'>al</span> <span class='ocrx_word' id='word_1_176' title='bbox 1147 1425 1327 1466; x_wconf 86' lang='lat' dir='ltr'>desiato</span> <span class='ocrx_word' id='word_1_177' title='bbox 1354 1424 1444 1465; x_wconf 88' lang='lat' dir='ltr'>fine</span> <span class='ocrx_word' id='word_1_178' title='bbox 1470 1426 1612 1465; x_wconf 88' lang='lat' dir='ltr'>molto</span> <span class='ocrx_word' id='word_1_179' title='bbox 1644 1425 1683 1465; x_wconf 86' lang='lat' dir='ltr'>si</span> <span class='ocrx_word' id='word_1_180' title='bbox 1710 1437 1795 1465; x_wconf 88' lang='lat' dir='ltr'>son</span> <span class='ocrx_word' id='word_1_181' title='bbox 1825 1437 1946 1466; x_wconf 90' lang='lat' dir='ltr'>com-</span> 
     </span>
     <span class='ocr_line' id='line_1_19' title="bbox 317 1496 1945 1548; baseline -0.001 -10"><span class='ocrx_word' id='word_1_182' title='bbox 317 1509 470 1538; x_wconf 83' lang='lat' dir='ltr'>mosse</span> <span class='ocrx_word' id='word_1_183' title='bbox 492 1503 536 1538; x_wconf 90' lang='lat' dir='ltr'>et</span> <span class='ocrx_word' id='word_1_184' title='bbox 557 1498 819 1548; x_wconf 82' lang='lat' dir='ltr'>aggiutate3</span> <span class='ocrx_word' id='word_1_185' title='bbox 847 1497 889 1536; x_wconf 87' lang='lat' dir='ltr'>le</span> <span class='ocrx_word' id='word_1_186' title='bbox 916 1497 1016 1536; x_wconf 92' lang='lat' dir='ltr'>loro</span> <span class='ocrx_word' id='word_1_187' title='bbox 1044 1496 1270 1536; x_wconf 87' lang='lat' dir='ltr'>lachrime</span> <span class='ocrx_word' id='word_1_188' title='bbox 1302 1501 1347 1536; x_wconf 90' lang='lat' dir='ltr'>et</span> <span class='ocrx_word' id='word_1_189' title='bbox 1368 1496 1606 1536; x_wconf 83' lang='lat' dir='ltr'>universal</span> <span class='ocrx_word' id='word_1_190' title='bbox 1626 1496 1785 1547; x_wconf 90' lang='lat' dir='ltr'>pianto</span> <span class='ocrx_word' id='word_1_191' title='bbox 1809 1496 1854 1536; x_wconf 92' lang='lat' dir='ltr'>di</span> <span class='ocrx_word' id='word_1_192' title='bbox 1873 1497 1945 1537; x_wconf 90' lang='lat' dir='ltr'>cio</span> 
     </span>
     <span class='ocr_line' id='line_1_20' title="bbox 314 1566 1946 1618; baseline -0.002 -9"><span class='ocrx_word' id='word_1_193' title='bbox 314 1569 467 1609; x_wconf 86' lang='lat' dir='ltr'>dando</span> <span class='ocrx_word' id='word_1_194' title='bbox 490 1569 654 1609; x_wconf 85' lang='lat' dir='ltr'>alhora</span> <span class='ocrx_word' id='word_1_195' title='bbox 677 1568 862 1608; x_wconf 87' lang='lat' dir='ltr'>indicio.</span> <span class='ocrx_word' id='word_1_196' title='bbox 886 1567 1028 1607; x_wconf 86' lang='lat' dir='ltr'>Resto</span> <span class='ocrx_word' id='word_1_197' title='bbox 1047 1567 1187 1607; x_wconf 82' lang='lat' dir='ltr'>etiam</span> <span class='ocrx_word' id='word_1_198' title='bbox 1203 1566 1478 1617; x_wconf 89' lang='lat' dir='ltr'>Monsignor</span> <span class='ocrx_word' id='word_1_199' title='bbox 1494 1568 1635 1607; x_wconf 84' lang='lat' dir='ltr'>molto</span> <span class='ocrx_word' id='word_1_200' title='bbox 1654 1567 1882 1618; x_wconf 88' lang='lat' dir='ltr'>edificato,</span> <span class='ocrx_word' id='word_1_201' title='bbox 1902 1568 1946 1607; x_wconf 89' lang='lat' dir='ltr'>la</span> 
     </span>
     <span class='ocr_line' id='line_1_21' title="bbox 314 1637 1945 1689; baseline -0.001 -9"><span class='ocrx_word' id='word_1_202' title='bbox 314 1640 432 1680; x_wconf 91' lang='lat' dir='ltr'>onde</span> <span class='ocrx_word' id='word_1_203' title='bbox 453 1639 718 1679; x_wconf 85' lang='lat' dir='ltr'>mandando</span> <span class='ocrx_word' id='word_1_204' title='bbox 741 1638 964 1678; x_wconf 86' lang='lat' dir='ltr'>chiamar&#39;</span> <span class='ocrx_word' id='word_1_205' title='bbox 989 1638 1050 1678; x_wconf 86' lang='lat' dir='ltr'>M.</span> <span class='ocrx_word' id='word_1_206' title='bbox 1073 1637 1285 1688; x_wconf 83' lang='lat' dir='ltr'>MicheIe,</span> <span class='ocrx_word' id='word_1_207' title='bbox 1311 1637 1496 1677; x_wconf 85' lang='lat' dir='ltr'>diverse</span> <span class='ocrx_word' id='word_1_208' title='bbox 1516 1638 1641 1677; x_wconf 89' lang='lat' dir='ltr'>volte</span> <span class='ocrx_word' id='word_1_209' title='bbox 1668 1637 1733 1688; x_wconf 88' lang='lat' dir='ltr'>gli</span> <span class='ocrx_word' id='word_1_210' title='bbox 1762 1638 1822 1677; x_wconf 90' lang='lat' dir='ltr'>ha</span> <span class='ocrx_word' id='word_1_211' title='bbox 1845 1650 1945 1689; x_wconf 86' lang='lat' dir='ltr'>pre-</span> 
     </span>
     <span class='ocr_line' id='line_1_22' title="bbox 313 1708 1946 1761; baseline -0.001 -11"><span class='ocrx_word' id='word_1_212' title='bbox 313 1710 457 1761; x_wconf 83' lang='lat' dir='ltr'>ghato</span> <span class='ocrx_word' id='word_1_213' title='bbox 479 1722 572 1750; x_wconf 91' lang='lat' dir='ltr'>non</span> <span class='ocrx_word' id='word_1_214' title='bbox 593 1709 828 1749; x_wconf 82' lang='lat' dir='ltr'>mancassi</span> <span class='ocrx_word' id='word_1_215' title='bbox 848 1709 1046 1760; x_wconf 79' lang='lat' dir='ltr'>qualche</span> <span class='ocrx_word' id='word_1_216' title='bbox 1066 1709 1197 1748; x_wconf 85' lang='lat' dir='ltr'>volta</span> <span class='ocrx_word' id='word_1_217' title='bbox 1224 1708 1406 1748; x_wconf 85' lang='lat' dir='ltr'>visitar’</span> <span class='ocrx_word' id='word_1_218' title='bbox 1439 1708 1563 1748; x_wconf 90' lang='lat' dir='ltr'>detto</span> <span class='ocrx_word' id='word_1_219' title='bbox 1591 1708 1874 1749; x_wconf 88' lang='lat' dir='ltr'>monasterio</span> <span class='ocrx_word' id='word_1_220' title='bbox 1902 1715 1946 1748; x_wconf 85' lang='lat' dir='ltr'>et</span> 
     </span>
     <span class='ocr_line' id='line_1_23' title="bbox 313 1781 596 1833; baseline 0 -12"><span class='ocrx_word' id='word_1_221' title='bbox 313 1781 596 1833; x_wconf 85' lang='lat' dir='ltr'>predicarvi.</span> 
     </span>
    </p>

    <p class='ocr_par' dir='ltr' id='par_1_3' title="bbox 309 1849 1965 2116">
     <span class='ocr_line' id='line_1_24' title="bbox 389 1849 1943 1892; baseline 0 0"><span class='ocrx_word' id='word_1_222' title='bbox 389 1852 524 1892; x_wconf 88' lang='lat' dir='ltr'>Della</span> <span class='ocrx_word' id='word_1_223' title='bbox 551 1853 866 1892; x_wconf 86' lang='lat' dir='ltr'>benevolenza</span> <span class='ocrx_word' id='word_1_224' title='bbox 894 1852 1043 1891; x_wconf 90' lang='lat' dir='ltr'>anche</span> <span class='ocrx_word' id='word_1_225' title='bbox 1063 1857 1108 1891; x_wconf 87' lang='lat' dir='ltr'>et</span> <span class='ocrx_word' id='word_1_226' title='bbox 1129 1850 1364 1891; x_wconf 87' lang='lat' dir='ltr'>affettione</span> <span class='ocrx_word' id='word_1_227' title='bbox 1387 1850 1472 1890; x_wconf 80' lang='lat' dir='ltr'>che</span> <span class='ocrx_word' id='word_1_228' title='bbox 1493 1849 1538 1890; x_wconf 81' lang='lat' dir='ltr'>S.</span> <span class='ocrx_word' id='word_1_229' title='bbox 1562 1849 1632 1890; x_wconf 65' lang='lat' dir='ltr'>§.a</span> <span class='ocrx_word' id='word_1_230' title='bbox 1652 1850 1766 1890; x_wconf 69' lang='lat' dir='ltr'>Rma</span> <span class='ocrx_word' id='word_1_231' title='bbox 1788 1862 1815 1890; x_wconf 87' lang='lat' dir='ltr'>a</span> <span class='ocrx_word' id='word_1_232' title='bbox 1835 1852 1943 1892; x_wconf 88' lang='lat' dir='ltr'>tutti</span> 
     </span>
     <span class='ocr_line' id='line_1_25' title="bbox 311 1921 1942 1975; baseline -0.001 -12"><span class='ocrx_word' id='word_1_233' title='bbox 311 1924 449 1975; x_wconf 86' lang='lat' dir='ltr'>quelli</span> <span class='ocrx_word' id='word_1_234' title='bbox 470 1924 589 1963; x_wconf 83' lang='lat' dir='ltr'>della</span> <span class='ocrx_word' id='word_1_235' title='bbox 611 1923 901 1974; x_wconf 85' lang='lat' dir='ltr'>Compagnia</span> <span class='ocrx_word' id='word_1_236' title='bbox 922 1928 1078 1974; x_wconf 89' lang='lat' dir='ltr'>porta,</span> <span class='ocrx_word' id='word_1_237' title='bbox 1102 1926 1126 1962; x_wconf 72' lang='lat' dir='ltr'>e</span> <span class='ocrx_word' id='word_1_238' title='bbox 1148 1928 1219 1961; x_wconf 87' lang='lat' dir='ltr'>sta</span> <span class='ocrx_word' id='word_1_239' title='bbox 1241 1926 1403 1972; x_wconf 86' lang='lat' dir='ltr'>questo</span> <span class='ocrx_word' id='word_1_240' title='bbox 1432 1932 1523 1960; x_wconf 91' lang='lat' dir='ltr'>uno</span> <span class='ocrx_word' id='word_1_241' title='bbox 1553 1921 1767 1961; x_wconf 84' lang='lat' dir='ltr'>evidente</span> <span class='ocrx_word' id='word_1_242' title='bbox 1797 1933 1942 1973; x_wconf 88' lang='lat' dir='ltr'>segno</span> 
     </span>
     <span class='ocr_line' id='line_1_26' title="bbox 310 1992 1965 2045; baseline -0.001 -11"><span class='ocrx_word' id='word_1_243' title='bbox 310 1994 420 2044; x_wconf 87' lang='lat' dir='ltr'>che,</span> <span class='ocrx_word' id='word_1_244' title='bbox 444 1994 661 2034; x_wconf 84' lang='lat' dir='ltr'>havendo</span> <span class='ocrx_word' id='word_1_245' title='bbox 697 1995 950 2034; x_wconf 86' lang='lat' dir='ltr'>deliberato</span> <span class='ocrx_word' id='word_1_246' title='bbox 983 2005 1065 2045; x_wconf 85' lang='lat' dir='ltr'>per</span> <span class='ocrx_word' id='word_1_247' title='bbox 1100 1993 1144 2032; x_wconf 89' lang='grc'>13</span> <span class='ocrx_word' id='word_1_248' title='bbox 1176 2004 1346 2033; x_wconf 89' lang='lat' dir='ltr'>comun</span> <span class='ocrx_word' id='word_1_249' title='bbox 1378 2003 1495 2043; x_wconf 90' lang='lat' dir='ltr'>pace</span> <span class='ocrx_word' id='word_1_250' title='bbox 1530 1992 1615 2031; x_wconf 85' lang='lat' dir='ltr'>far&#39;</span> <span class='ocrx_word' id='word_1_251' title='bbox 1653 1993 1965 2044; x_wconf 82' lang='lat' dir='ltr'>processioni&#39;</span> 
     </span>
     <span class='ocr_line' id='line_1_27' title="bbox 309 2063 1940 2116; baseline -0.001 -11"><span class='ocrx_word' id='word_1_252' title='bbox 309 2066 381 2105; x_wconf 93' lang='lat' dir='ltr'>col</span> <span class='ocrx_word' id='word_1_253' title='bbox 402 2066 547 2116; x_wconf 87' lang='lat' dir='ltr'>clero,</span> <span class='ocrx_word' id='word_1_254' title='bbox 572 2065 756 2105; x_wconf 81' lang='lat' dir='ltr'>diverse</span> <span class='ocrx_word' id='word_1_255' title='bbox 778 2065 932 2105; x_wconf 87' lang='lat' dir='ltr'>chiese</span> <span class='ocrx_word' id='word_1_256' title='bbox 954 2063 1211 2114; x_wconf 90' lang='lat' dir='ltr'>visitando,</span> <span class='ocrx_word' id='word_1_257' title='bbox 1241 2063 1303 2103; x_wconf 85' lang='lat' dir='ltr'>ha</span> <span class='ocrx_word' id='word_1_258' title='bbox 1323 2064 1483 2103; x_wconf 86' lang='lat' dir='ltr'>voluto</span> <span class='ocrx_word' id='word_1_259' title='bbox 1510 2063 1661 2114; x_wconf 88' lang='lat' dir='ltr'>prima</span> <span class='ocrx_word' id='word_1_260' title='bbox 1688 2064 1823 2104; x_wconf 89' lang='lat' dir='ltr'>venir</span> <span class='ocrx_word' id='word_1_261' title='bbox 1849 2065 1940 2104; x_wconf 81' lang='lat' dir='ltr'>alla</span> 
     </span>
    </p>
   </div>
   <div class='ocr_carea' id='block_1_3' title="bbox 306 2136 1936 2681">
    <p class='ocr_par' dir='ltr' id='par_1_4' title="bbox 310 2136 664 2176">
     <span class='ocr_line' id='line_1_28' title="bbox 310 2136 664 2176; baseline 0 0"><span class='ocrx_word' id='word_1_262' title='bbox 310 2136 468 2176; x_wconf 87' lang='lat' dir='ltr'>chiesa</span> <span class='ocrx_word' id='word_1_263' title='bbox 489 2142 664 2176; x_wconf 86' lang='lat' dir='ltr'>nostra.</span> 
     </span>
    </p>

    <p class='ocr_par' dir='ltr' id='par_1_5' title="bbox 307 2204 1936 2540">
     <span class='ocr_line' id='line_1_29' title="bbox 388 2204 1935 2255; baseline -0.001 -8"><span class='ocrx_word' id='word_1_264' title='bbox 388 2206 456 2247; x_wconf 86' lang='lat' dir='ltr'>La</span> <span class='ocrx_word' id='word_1_265' title='bbox 491 2207 681 2247; x_wconf 89' lang='lat' dir='ltr'>lettione</span> <span class='ocrx_word' id='word_1_266' title='bbox 715 2206 838 2246; x_wconf 87' lang='lat' dir='ltr'>dalla</span> <span class='ocrx_word' id='word_1_267' title='bbox 872 2206 1075 2246; x_wconf 84' lang='lat' dir='ltr'>dottrina</span> <span class='ocrx_word' id='word_1_268' title='bbox 1114 2205 1246 2246; x_wconf 76' lang='lat' dir='ltr'>x.iana</span> <span class='ocrx_word' id='word_1_269' title='bbox 1278 2206 1323 2245; x_wconf 84' lang='lat' dir='ltr'>al</span> <span class='ocrx_word' id='word_1_270' title='bbox 1356 2216 1546 2255; x_wconf 89' lang='lat' dir='ltr'>venere,</span> <span class='ocrx_word' id='word_1_271' title='bbox 1594 2204 1624 2244; x_wconf 89' lang='grc'>11</span> <span class='ocrx_word' id='word_1_272' title='bbox 1665 2204 1717 2244; x_wconf 89' lang='lat' dir='ltr'>R.</span> <span class='ocrx_word' id='word_1_273' title='bbox 1760 2204 1810 2244; x_wconf 87' lang='lat' dir='ltr'>P.</span> <span class='ocrx_word' id='word_1_274' title='bbox 1853 2205 1935 2245; x_wconf 87' lang='lat' dir='ltr'>M.0</span> 
     </span>
     <span class='ocr_line' id='line_1_30' title="bbox 307 2275 1936 2327; baseline -0.001 -10"><span class='ocrx_word' id='word_1_275' title='bbox 307 2277 481 2317; x_wconf 87' lang='lat' dir='ltr'>Pauolo</span> <span class='ocrx_word' id='word_1_276' title='bbox 498 2276 512 2295; x_wconf 69' lang='lat'>⁴</span> <span class='ocrx_word' id='word_1_277' title='bbox 527 2289 622 2317; x_wconf 91' lang='lat' dir='ltr'>non</span> <span class='ocrx_word' id='word_1_278' title='bbox 638 2277 731 2317; x_wconf 89' lang='lat' dir='ltr'>mai</span> <span class='ocrx_word' id='word_1_279' title='bbox 745 2278 772 2316; x_wconf 89' lang='lat' dir='ltr'>l&#39;</span> <span class='ocrx_word' id='word_1_280' title='bbox 793 2288 820 2316; x_wconf 88' lang='lat' dir='ltr'>a</span> <span class='ocrx_word' id='word_1_281' title='bbox 836 2277 1112 2316; x_wconf 87' lang='lat' dir='ltr'>intermesso</span> <span class='ocrx_word' id='word_1_282' title='bbox 1129 2287 1273 2316; x_wconf 87' lang='lat' dir='ltr'>senon</span> <span class='ocrx_word' id='word_1_283' title='bbox 1290 2287 1372 2327; x_wconf 89' lang='lat' dir='ltr'>per</span> <span class='ocrx_word' id='word_1_284' title='bbox 1389 2275 1574 2325; x_wconf 82' lang='lat' dir='ltr'>urgenti</span> <span class='ocrx_word' id='word_1_285' title='bbox 1591 2275 1787 2326; x_wconf 81' lang='lat' dir='ltr'>negocii.</span> <span class='ocrx_word' id='word_1_286' title='bbox 1807 2275 1936 2316; x_wconf 88' lang='lat' dir='ltr'>Hora</span> 
     </span>
     <span class='ocr_line' id='line_1_31' title="bbox 308 2346 1934 2397; baseline -0.002 -9"><span class='ocrx_word' id='word_1_287' title='bbox 308 2356 464 2388; x_wconf 88' lang='lat' dir='ltr'>tamen</span> <span class='ocrx_word' id='word_1_288' title='bbox 485 2348 524 2388; x_wconf 90' lang='lat' dir='ltr'>si</span> <span class='ocrx_word' id='word_1_289' title='bbox 545 2349 764 2388; x_wconf 87' lang='lat' dir='ltr'>continua</span> <span class='ocrx_word' id='word_1_290' title='bbox 787 2348 906 2388; x_wconf 87' lang='lat' dir='ltr'>colla</span> <span class='ocrx_word' id='word_1_291' title='bbox 935 2347 1189 2387; x_wconf 88' lang='lat' dir='ltr'>medesima</span> <span class='ocrx_word' id='word_1_292' title='bbox 1216 2346 1471 2397; x_wconf 77' lang='lat' dir='ltr'>diligentia3</span> <span class='ocrx_word' id='word_1_293' title='bbox 1502 2347 1623 2385; x_wconf 87' lang='lat' dir='ltr'>nella</span> <span class='ocrx_word' id='word_1_294' title='bbox 1647 2357 1731 2385; x_wconf 87' lang='lat' dir='ltr'>sua</span> <span class='ocrx_word' id='word_1_295' title='bbox 1755 2346 1934 2386; x_wconf 89' lang='lat' dir='ltr'>ordina-</span> 
     </span>
     <span class='ocr_line' id='line_1_32' title="bbox 307 2416 1935 2470; baseline -0.002 -11"><span class='ocrx_word' id='word_1_296' title='bbox 307 2419 377 2459; x_wconf 90' lang='lat' dir='ltr'>ria</span> <span class='ocrx_word' id='word_1_297' title='bbox 396 2419 584 2459; x_wconf 90' lang='lat' dir='ltr'>lettione</span> <span class='ocrx_word' id='word_1_298' title='bbox 606 2419 797 2469; x_wconf 88' lang='lat' dir='ltr'>hebrea,</span> <span class='ocrx_word' id='word_1_299' title='bbox 821 2419 956 2470; x_wconf 87' lang='lat' dir='ltr'>quale</span> <span class='ocrx_word' id='word_1_300' title='bbox 977 2418 1098 2469; x_wconf 84' lang='lat' dir='ltr'>dopo</span> <span class='ocrx_word' id='word_1_301' title='bbox 1119 2418 1163 2457; x_wconf 91' lang='grc'>13</span> <span class='ocrx_word' id='word_1_302' title='bbox 1183 2417 1355 2468; x_wconf 84' lang='lat' dir='ltr'>partita</span> <span class='ocrx_word' id='word_1_303' title='bbox 1372 2417 1445 2456; x_wconf 88' lang='lat' dir='ltr'>del</span> <span class='ocrx_word' id='word_1_304' title='bbox 1462 2416 1514 2456; x_wconf 84' lang='lat' dir='ltr'>R.</span> <span class='ocrx_word' id='word_1_305' title='bbox 1535 2416 1583 2456; x_wconf 84' lang='lat' dir='ltr'>P.</span> <span class='ocrx_word' id='word_1_306' title='bbox 1602 2416 1689 2456; x_wconf 85' lang='lat' dir='ltr'>M.0</span> <span class='ocrx_word' id='word_1_307' title='bbox 1704 2416 1855 2457; x_wconf 83' lang='lat' dir='ltr'>Nadal</span> <span class='ocrx_word' id='word_1_308' title='bbox 1875 2417 1935 2456; x_wconf 82' lang='lat' dir='ltr'>ha</span> 
     </span>
     <span class='ocr_line' id='line_1_33' title="bbox 307 2487 1517 2540; baseline -0.003 -10"><span class='ocrx_word' id='word_1_309' title='bbox 307 2490 635 2530; x_wconf 88' lang='lat' dir='ltr'>comminciato</span> <span class='ocrx_word' id='word_1_310' title='bbox 657 2501 684 2529; x_wconf 92' lang='lat' dir='ltr'>a</span> <span class='ocrx_word' id='word_1_311' title='bbox 704 2490 881 2540; x_wconf 87' lang='lat' dir='ltr'>legger&#39;</span> <span class='ocrx_word' id='word_1_312' title='bbox 907 2487 1017 2539; x_wconf 87' lang='lat' dir='ltr'>ogni</span> <span class='ocrx_word' id='word_1_313' title='bbox 1038 2488 1224 2538; x_wconf 88' lang='lat' dir='ltr'>giorno,</span> <span class='ocrx_word' id='word_1_314' title='bbox 1249 2498 1517 2539; x_wconf 88' lang='lat' dir='ltr'>persevera.</span> 
     </span>
    </p>

    <p class='ocr_par' dir='ltr' id='par_1_6' title="bbox 306 2550 1933 2681">
     <span class='ocr_line' id='line_1_34' title="bbox 386 2550 1933 2615; baseline -0.003 -15"><span class='ocrx_word' id='word_1_315' title='bbox 386 2559 451 2600; x_wconf 88' lang='lat' dir='ltr'>Le</span> <span class='ocrx_word' id='word_1_316' title='bbox 477 2560 780 2609; x_wconf 87' lang='lat' dir='ltr'>confessioni,</span> <span class='ocrx_word' id='word_1_317' title='bbox 813 2558 932 2610; x_wconf 85' lang='lat' dir='ltr'>dopo</span> <span class='ocrx_word' id='word_1_318' title='bbox 961 2558 1045 2598; x_wconf 86' lang='lat' dir='ltr'>che</span> <span class='ocrx_word' id='word_1_319' title='bbox 1073 2558 1115 2598; x_wconf 94' lang='lat' dir='ltr'>ci</span> <span class='ocrx_word' id='word_1_320' title='bbox 1143 2558 1261 2598; x_wconf 83' lang='lat' dir='ltr'>siam</span> <span class='ocrx_word' id='word_1_321' title='bbox 1290 2563 1468 2598; x_wconf 89' lang='lat' dir='ltr'>mutato</span> <span class='ocrx_word' id='word_1_322' title='bbox 1494 2550 1543 2596; x_wconf 82' lang='lat' dir='ltr'>in</span> <span class='ocrx_word' id='word_1_323' title='bbox 1576 2556 1662 2597; x_wconf 67' lang='lat' dir='ltr'>§.ta</span> <span class='ocrx_word' id='word_1_324' title='bbox 1689 2556 1861 2615; x_wconf 75' lang='lat' dir='ltr'>Maria,</span> <span class='ocrx_word' id='word_1_325' title='bbox 1895 2557 1933 2597; x_wconf 84' lang='lat' dir='ltr'>si</span> 
     </span>
     <span class='ocr_line' id='line_1_35' title="bbox 306 2627 1932 2681; baseline -0.003 -10"><span class='ocrx_word' id='word_1_326' title='bbox 306 2643 390 2671; x_wconf 88' lang='lat' dir='ltr'>son</span> <span class='ocrx_word' id='word_1_327' title='bbox 412 2636 711 2681; x_wconf 73' lang='lat' dir='ltr'>augmentare</span> <span class='ocrx_word' id='word_1_328' title='bbox 733 2630 811 2680; x_wconf 84' lang='lat' dir='ltr'>piu</span> <span class='ocrx_word' id='word_1_329' title='bbox 832 2635 876 2669; x_wconf 89' lang='lat' dir='ltr'>et</span> <span class='ocrx_word' id='word_1_330' title='bbox 896 2628 926 2668; x_wconf 89' lang='grc'>11</span> <span class='ocrx_word' id='word_1_331' title='bbox 948 2639 1173 2669; x_wconf 88' lang='lat' dir='ltr'>concorso</span> <span class='ocrx_word' id='word_1_332' title='bbox 1196 2629 1283 2668; x_wconf 83' lang='lat' dir='ltr'>alle</span> <span class='ocrx_word' id='word_1_333' title='bbox 1313 2639 1477 2668; x_wconf 88' lang='lat' dir='ltr'>messe.</span> <span class='ocrx_word' id='word_1_334' title='bbox 1507 2627 1639 2668; x_wconf 83' lang='lat' dir='ltr'>Nella</span> <span class='ocrx_word' id='word_1_335' title='bbox 1666 2627 1932 2678; x_wconf 82' lang='lat' dir='ltr'>quaresima</span> 
     </span>
    </p>
   </div>
   <div class='ocr_carea' id='block_1_4' title="bbox 356 2856 1291 2940">
    <p class='ocr_par' dir='ltr' id='par_1_7' title="bbox 356 2856 1291 2940">
     <span class='ocr_line' id='line_1_36' title="bbox 358 2856 1291 2891; baseline -0.002 -6"><span class='ocrx_word' id='word_1_336' title='bbox 358 2860 364 2879; x_wconf 85' lang='lat'><strong>¹</strong></span> <span class='ocrx_word' id='word_1_337' title='bbox 406 2859 492 2886; x_wconf 85' lang='lat' dir='ltr'>Vide</span> <span class='ocrx_word' id='word_1_338' title='bbox 508 2859 674 2891; x_wconf 80' lang='lat' dir='ltr'>POLANco,</span> <span class='ocrx_word' id='word_1_339' title='bbox 690 2857 891 2890; x_wconf 74' lang='lat' dir='ltr'>Clzrom&#39;con,</span> <span class='ocrx_word' id='word_1_340' title='bbox 906 2861 929 2885; x_wconf 89' lang='lat' dir='ltr'>t.</span> <span class='ocrx_word' id='word_1_341' title='bbox 946 2864 990 2891; x_wconf 85' lang='lat'>111,</span> <span class='ocrx_word' id='word_1_342' title='bbox 1007 2864 1085 2891; x_wconf 83' lang='lat' dir='ltr'>pag.</span> <span class='ocrx_word' id='word_1_343' title='bbox 1102 2856 1164 2890; x_wconf 78' lang='lat'>205,</span> <span class='ocrx_word' id='word_1_344' title='bbox 1180 2861 1249 2883; x_wconf 79' lang='lat' dir='ltr'>not.</span> <span class='ocrx_word' id='word_1_345' title='bbox 1267 2857 1291 2883; x_wconf 90' lang='lat'>1.</span> 
     </span>
     <span class='ocr_line' id='line_1_37' title="bbox 356 2905 899 2940; baseline -0.004 -7"><span class='ocrx_word' id='word_1_346' title='bbox 356 2907 369 2925; x_wconf 75' lang='lat'>⁸—&#39;</span> <span class='ocrx_word' id='word_1_347' title='bbox 406 2905 570 2940; x_wconf 83' lang='lat' dir='ltr'>Magister</span> <span class='ocrx_word' id='word_1_348' title='bbox 585 2905 729 2932; x_wconf 80' lang='lat' dir='ltr'>Micha&#39;e&#39;l</span> <span class='ocrx_word' id='word_1_349' title='bbox 746 2905 899 2932; x_wconf 87' lang='lat' dir='ltr'>Botelho.</span> 
     </span>
    </p>
   </div>
   <div class='ocr_carea' id='block_1_5' title="bbox 355 2951 1375 3032">
    <p class='ocr_par' dir='ltr' id='par_1_8' title="bbox 355 2951 1375 3032">
     <span class='ocr_line' id='line_1_38' title="bbox 355 2951 946 2985; baseline 0 -7"><span class='ocrx_word' id='word_1_350' title='bbox 355 2952 369 2971; x_wconf 76' lang='lat'>5</span> <span class='ocrx_word' id='word_1_351' title='bbox 406 2951 528 2979; x_wconf 85' lang='lat' dir='ltr'>Petrus</span> <span class='ocrx_word' id='word_1_352' title='bbox 542 2951 725 2984; x_wconf 81' lang='lat' dir='ltr'>Tagliavia</span> <span class='ocrx_word' id='word_1_353' title='bbox 740 2952 779 2978; x_wconf 83' lang='lat' dir='ltr'>de</span> <span class='ocrx_word' id='word_1_354' title='bbox 796 2952 946 2985; x_wconf 86' lang='lat' dir='ltr'>Aragon.</span> 
     </span>
     <span class='ocr_line' id='line_1_39' title="bbox 355 2996 1375 3032; baseline 0.002 -9"><span class='ocrx_word' id='word_1_355' title='bbox 355 3000 368 3019; x_wconf 73' lang='lat'>4</span> <span class='ocrx_word' id='word_1_356' title='bbox 404 2996 480 3032; x_wconf 86' lang='lat' dir='ltr'>Ipse</span> <span class='ocrx_word' id='word_1_357' title='bbox 494 2999 615 3026; x_wconf 89' lang='lat' dir='ltr'>harum</span> <span class='ocrx_word' id='word_1_358' title='bbox 630 2998 825 3025; x_wconf 84' lang='lat' dir='ltr'>litterarum</span> <span class='ocrx_word' id='word_1_359' title='bbox 839 3001 969 3025; x_wconf 90' lang='lat' dir='ltr'>auctor.</span> <span class='ocrx_word' id='word_1_360' title='bbox 985 2997 1020 3026; x_wconf 91' lang='lat' dir='ltr'>P.</span> <span class='ocrx_word' id='word_1_361' title='bbox 1038 2997 1164 3025; x_wconf 87' lang='lat' dir='ltr'>Paulus</span> <span class='ocrx_word' id='word_1_362' title='bbox 1179 2997 1208 3024; x_wconf 82' lang='lat' dir='ltr'>d‘</span> <span class='ocrx_word' id='word_1_363' title='bbox 1221 2997 1375 3025; x_wconf 70' lang='lat' dir='ltr'>Achillis,</span> 
     </span>
    </p>
   </div>
  </div>
 </body>
</html>
