2080 3392
347 235 419 272 244
855 234 1081 271 LITTERAE
1108 245 1465 277 QUADRIMESTRES

346 332 488 372 etiam
510 331 630 370 clam
651 342 704 370 eo
726 330 904 370 delatas
928 329 937 349 ¹
959 330 1124 370 referri
1151 331 1351 381 iuberet,
1375 343 1494 383 quae
1516 343 1590 371 res
1611 343 1704 372 non
1725 343 1905 383 parum,
1929 333 1976 373 in

346 401 650 442 concionibus
673 406 848 452 natum,
871 401 1083 441 favorem
1103 402 1351 453 promovit.

427 472 590 512 Eidem
616 471 744 512 Patri
772 483 947 522 magna
978 472 1209 524 quaedam
1237 473 1544 524 pecuniarum
1573 485 1754 513 summa
1784 474 1831 513 in
1861 474 1975 514 elee-

348 554 573 594 mosynas
594 543 835 593 eroganda
857 543 1126 583 concredita
1148 549 1236 583 est:
1262 554 1366 583 eam
1395 549 1548 583 autem
1575 544 1694 584 filius
1722 544 1942 595 Proregis
1962 544 1976 563 ²

347 612 584 665 quondam
606 625 630 652 e
651 613 840 664 proprio
862 613 1093 664 stipendio
1118 614 1360 664 elargitur.

427 683 743 724 Concionatus
764 690 834 724 est
855 684 1017 724 diebus
1042 684 1224 724 festivis
1245 690 1289 724 et
1310 684 1435 724 domi
1463 683 1534 725 Rr
1553 684 1760 736 Joannes
1787 685 1976 726 Franci-

346 766 476 806 scus3
509 755 631 794 idem
658 766 839 806 quoque
870 762 1070 806 quatuor
1098 755 1176 795 alii
1202 755 1249 795 in
1277 755 1476 796 diversis
1510 756 1626 796 locis
1661 763 1705 796 et
1741 758 1977 797 coenobiis

345 825 578 876 fecerunt3
602 824 651 865 P.
675 824 891 865 Andreas
913 837 1052 877 saepe
1074 826 1253 866 carceri
1275 826 1490 876 inclusis,
1520 822 1660 878 saepe
1690 827 1831 867 etiam
1851 828 1977 868 incu-

345 896 590 946 rabilibus,
618 896 890 948 saepissime
911 908 1024 936 vero
1047 897 1289 936 conversis
1312 897 1615 937 concionatus
1638 904 1722 938 est.
1745 898 1794 938 P.
1813 898 1976 939 Hiero·

346 978 515 1018 nymus
538 966 756 1016 OttelluS,
782 967 859 1019 qui
881 979 987 1007 cum
1007 967 1056 1006 P.
1086 967 1374 1018 Hieronymo
1406 966 1699 1019 Domenech,
1733 980 1839 1009 cum
1870 970 1977 1009 duo-

345 1037 432 1077 bus
454 1037 556 1077 aliis
578 1036 908 1078 Sacerdotibus
930 1044 974 1078 et
1005 1038 1052 1077 14
1078 1038 1319 1089 fratribus,
1350 1038 1397 1078 in
1424 1037 1629 1078 Siciliam
1656 1039 1978 1090 proficisceba-

345 1114 440 1160 tur,
466 1114 536 1148 ter
553 1115 631 1149 aut
653 1116 818 1160 quater
839 1109 914 1149 hic
936 1110 1078 1149 etiam
1098 1110 1340 1160 egregium
1362 1110 1684 1150 ecclesiastem
1706 1111 1816 1162 egit.

425 1179 474 1219 Ρ.
499 1179 715 1219 Andreas
739 1180 1010 1231 auspicatus
1034 1186 1103 1220 est
1128 1180 1173 1219 17
1201 1180 1377 1231 Aprilis
1406 1192 1544 1220 casus
1567 1182 1882 1222 conscientiae
1903 1194 1979 1223 ex·

344 1250 542 1301 plicare:
575 1251 823 1301 plurimum
852 1251 1084 1290 institerat
1104 1251 1362 1302 Episcopus
1390 1256 1439 1291 ut
1466 1263 1521 1291 ea
1555 1252 1692 1292 lectio
1728 1253 1775 1292 in
1808 1254 1978 1305 templo

346 1321 607 1361 cathedrali
627 1323 883 1372 legeretur3
907 1328 1232 1362 verumtamen
1259 1323 1453 1362 edoctus
1479 1323 1739 1364 rationibus
1766 1325 1918 1375 magis
1933 1325 1981 1365 in

344 1403 444 1432 rem
470 1392 568 1433 fore
598 1393 635 1432 si
664 1393 787 1433 domi
820 1400 1009 1433 nostrae
1046 1394 1299 1444 legeretur,
1337 1394 1518 1445 placide
1555 1395 1806 1446 acquievit.
1843 1395 1978 1436 Hanc

347 1463 595 1503 lectionem
635 1464 964 1516 quamplurimi
1003 1464 1273 1504 sacerdotes
1311 1464 1630 1517 frequentant;
1672 1466 1804 1506 multi
1838 1467 1978 1507 etiam

344 1534 451 1573 laici
474 1534 698 1574 interesse
720 1540 1089 1575 consueverunt:
1114 1547 1207 1574 non
1227 1535 1385 1574 dubito
1404 1535 1514 1587 quin
1531 1536 1782 1587 plurimum
1798 1536 1978 1578 fructus

342 1604 450 1644 inde
480 1605 526 1644 in
553 1605 789 1645 auditores
818 1605 1067 1656 redundet,
1105 1606 1383 1657 praesertim
1418 1607 1456 1646 si
1491 1607 1578 1658 ipsi
1609 1619 1693 1647 suo
1725 1607 1979 1659 fungantur

343 1675 517 1726 offici03
541 1676 710 1726 legitur
732 1683 801 1716 ter
822 1676 870 1715 in
891 1676 1200 1716 hebdomada.

424 1746 518 1786 Res
539 1746 840 1797 scholastica,
867 1747 905 1786 si
935 1746 1145 1787 ordinem
1172 1759 1392 1798 quaeras,
1427 1759 1556 1788 more
1585 1749 1721 1788 solito
1749 1749 1978 1800 procedit3

344 1818 416 1857 sin
439 1818 550 1867 alia,
583 1818 737 1857 omnia
769 1823 948 1857 mutata
979 1817 1180 1869 videbis;
1205 1825 1273 1858 est
1295 1819 1419 1858 enim
1441 1830 1582 1870 nunc,
1606 1831 1746 1870 quam
1767 1819 1851 1860 fuit
1874 1826 1980 1860 ante

346 1899 567 1939 unquam,
584 1889 827 1939 modestia,
839 1889 1004 1940 pietas,
1018 1901 1253 1939 numerus,
1271 1889 1507 1940 profectus
1523 1890 1802 1941 auditorum,
1816 1890 1978 1942 major.

425 1959 589 1999 Patres
610 1966 653 1999 et
674 1959 845 1999 fratres
869 1971 1030 2000 omnes
1052 1972 1248 2011 corpore
1270 1967 1315 2000 et
1337 1960 1492 2001 animo
1508 1961 1624 2001 bene
1641 1962 1820 2002 valent:
1843 1962 1977 2002 bene-

346 2030 499 2070 dictus
520 2030 566 2069 in
588 2030 801 2070 omnibus
822 2030 1074 2082 Dominus,
1108 2043 1268 2083 quem,
1300 2043 1440 2082 quam
1460 2031 1559 2071 fieri
1580 2038 1734 2083 potest
1754 2033 1974 2084 maxime,

349 2101 662 2149 obtestamur,
693 2107 742 2140 ut
770 2102 816 2141 in
848 2113 924 2151 co,
955 2102 1002 2141 in
1033 2114 1122 2153 quo
1146 2113 1304 2141 sumus
1326 2108 1472 2150 statu,
1506 2114 1813 2153 conservare,
1840 2107 1884 2143 et
1904 2115 1981 2143 res

349 2182 511 2210 omnes
532 2172 593 2211 ad
612 2183 750 2211 snam
772 2172 984 2223 gloriam
1006 2184 1186 2223 angere
1209 2172 1239 2221 ⁵,
1261 2172 1495 2223 dignetur.

426 2241 491 2282 Te
513 2243 653 2282 etiam
671 2249 806 2293 atque
825 2243 978 2294 etiam,
997 2243 1089 2293 Pr„
1114 2255 1336 2294 rogamus
1354 2250 1402 2283 ut
1418 2244 1537 2284 filios
1555 2251 1658 2285 tuos
1676 2257 1816 2297 quam
1835 2245 1979 2285 maxi-

349 2325 422 2353 me
439 2325 622 2364 semper
634 2314 679 2353 in
697 2301 1005 2354 sanctissimis
1018 2314 1307 2354 orationibus
1320 2315 1411 2354 tuis
1424 2315 1774 2356 commendatos
1790 2316 1979 2355 habeas.

430 2384 501 2424 Ex
523 2384 718 2435 Neapoli
738 2385 886 2435 pridie
909 2385 1210 2424 calendarum
1230 2385 1341 2425 Maii
1363 2384 1572 2426 MDLIII.

430 2454 488 2494 V.
513 2454 567 2494 R.
592 2454 683 2494 P.ta

431 2525 502 2566 Ex
524 2526 850 2566 commissione
873 2525 965 2566 Rssli
987 2527 1036 2566 P.
1060 2525 1362 2575 Salmeronis,

428 2597 648 2647 indignus
668 2597 715 2637 in
738 2597 924 2638 Christo
948 2609 1113 2638 servus
1141 2604 1268 2650 tuus,

1220 2705 1499 2745 THEODORUS
1529 2705 1791 2746 PELTANUS.

405 2850 412 2868 ¹
454 2851 600 2877 oblatas.
616 2850 788 2878 Peltanus.

403 2899 416 2917 2
454 2897 660 2931 [ntem-egis
684 2899 856 2925 Peltanus.
880 2897 1019 2925 Obierat
1041 2898 1286 2932 Neapolitanus
1312 2900 1466 2934 Pro-rex,
1491 2900 1612 2928 Petrus
1627 2901 1667 2927 de
1683 2900 1901 2934 Ἰ“01ε3<ῖ10,22.δι
1919 2899 1981 2927 Fe-

348 2946 487 2972 bruarii.
502 2945 579 2972 Ideo
596 2945 757 2972 Peltanus
778 2945 873 2972 addit
892 2945 1079 2978 quondam.
1094 2945 1143 2972 De
1160 2946 1279 2973 harum
1293 2948 1585 2983 eleemosynarum
1603 2948 1841 2974 distributione
1858 2947 1976 2974 viden-

350 2993 429 3019 dum
444 2993 576 3020 omnino
592 2993 738 3020 Pon-ixcx
753 2993 955 3024 Chromton,
970 2997 992 3020 t.
1008 3000 1055 3026 111,
1071 3000 1149 3027 pag.
1167 2994 1226 3027 175,
1243 3002 1272 3020 n.
1291 2994 1354 3020 307.

401 3039 415 3058 ³
454 3040 584 3067 Italicis
599 3040 772 3074 descripta
788 3040 931 3068 inseruit
948 3040 1126 3067 Polaneus.
