2080 3392
277 202 348 240 252
788 202 1016 240 LirrERAE
1043 214 1400 246 QUADRlMESTRES

960 654 1228 709 CCXVII

350 879 586 917 Marcellus
606 881 699 918 Vaz

399 945 521 982 Patri
540 946 709 993 Ignatio
729 946 782 984 de
800 947 984 994 Loyola.

444 1009 609 1056 Ebora,
634 1011 650 1047 1
674 1011 776 1059 Maji
796 1011 887 1049 1553
907 1012 931 1049 ¹.

1045 1279 1143 1320 IHS

357 1500 624 1541 Admodum
646 1502 745 1542 R.de
770 1503 815 1543 in
844 1504 963 1555 Xpo.
989 1509 1136 1555 pater.

359 1570 524 1612 Gratia
551 1579 595 1612 et
621 1585 713 1625 pax
740 1573 832 1614 dni.
868 1573 1026 1614 Nostri
1052 1575 1155 1615 Iesu
1190 1575 1263 1615 Χ.ἰ
1298 1575 1356 1615 sit
1393 1587 1576 1627 semper
1612 1576 1659 1615 in
1693 1575 1914 1616 cordibus

277 1642 465 1683 nostris.
491 1642 657 1684 Amen.

355 1713 405 1754 In
444 1714 532 1755 hoc
571 1715 903 1767 quadrimestri
938 1728 1031 1756 non
1066 1723 1134 1757 est
1170 1717 1318 1768 aliud,
1355 1717 1412 1757 de
1447 1729 1538 1768 quo
1574 1716 1913 1758 Paternitatem

274 1791 403 1825 tuam
423 1785 674 1826 debeamus
704 1787 858 1828 facere
888 1788 1157 1839 certiorem,
1190 1788 1279 1827 nisi
1309 1787 1433 1839 quod
1464 1787 1552 1828 Dei
1583 1788 1906 1829 misericordia

275 1867 394 1895 unus
416 1868 474 1896 ex
495 1856 729 1908 Patribus,
755 1859 831 1910 qui
860 1859 948 1898 huc
971 1858 1029 1898 ad
1060 1870 1146 1899 nos
1178 1858 1475 1899 Conimbrica
1510 1859 1640 1899 missi
1669 1866 1797 1910 sunt,
1831 1871 1913 1899 no-

274 1926 396 1966 mine
423 1926 587 1967 Petrus
622 1928 677 1968 de
704 1928 912 1978 Parada,
951 1929 1139 1969 assidua
1168 1935 1213 1969 et
1244 1941 1417 1980 magna
1448 1941 1554 1969 cum
1591 1930 1908 1980 contentione,

275 2009 365 2048 qua
386 2003 483 2037 toto
512 1998 599 2038 hoc
630 2005 838 2051 tempore
869 2000 915 2039 in
947 2000 1190 2040 audiendis
1222 1999 1596 2040 confessionibus
1628 2001 1909 2051 elaboravit,

274 2069 469 2108 multum
488 2068 666 2109 fructus
687 2070 734 2110 in
756 2071 1002 2111 animabus
1022 2071 1082 2110 xi
1111 2071 1278 2121 effecit,
1303 2076 1347 2110 et
1367 2071 1575 2110 nonnulli
1596 2083 1678 2122 per
1700 2072 1911 2112 eumdem

275 2139 334 2178 ad
356 2139 427 2179 sui
448 2141 767 2191 cognitionem
790 2148 897 2181 sunt
918 2142 1113 2182 reducti.

353 2208 486 2250 Alius
508 2210 645 2251 Pater
668 2212 854 2252 nomine
875 2212 1128 2264 Tyburtius
1156 2212 1211 2252 de
1240 2212 1477 2263 Quadros,
1512 2223 1648 2263 quem
1680 2213 1910 2253 hactenus

275 2280 523 2321 Rectorem
543 2282 789 2322 habuimus
812 2283 907 2333 (cui
928 2284 1152 2323 successit
1178 2283 1324 2324 frater
1348 2282 1573 2323 Alfonsus
1594 2283 1651 2323 de
1671 2283 1904 2335 Barreto),

275 2352 399 2391 solus
421 2358 508 2402 est,
533 2353 610 2404 qui
630 2365 754 2394 nunc
774 2354 977 2394 fructum
999 2354 1056 2394 ab
1078 2354 1180 2394 aliis
1205 2354 1401 2403 factum,
1426 2354 1580 2405 quoad
1602 2360 1776 2405 potest,
1802 2367 1908 2395 con-

275 2433 466 2463 servare
487 2429 530 2463 et
553 2434 727 2474 augere
747 2425 922 2464 nititur.
946 2425 1028 2464 Est
1049 2425 1124 2464 ille
1146 2437 1239 2465 non
1265 2437 1442 2476 parvus
1473 2432 1569 2465 tam
1598 2425 1645 2465 in
1675 2432 1908 2466 monaste·

272 2493 353 2532 riis
386 2494 715 2544 religiosarum
743 2496 884 2547 (quae
913 2495 1106 2546 pulchre
1142 2495 1293 2536 adhuc
1328 2496 1587 2547 procedunt
1618 2507 1829 2547 quaeque
1860 2497 1908 2536 in

273 2564 367 2603 suis
395 2565 713 2616 spiritualibus
744 2566 1021 2617 exercitiis),
1053 2577 1193 2617 quam
1224 2567 1270 2606 in
1302 2567 1403 2607 aliis
1426 2567 1473 2606 in
1493 2567 1680 2606 saeculo
1712 2566 1905 2607 homini—

271 2634 370 2674 bus.
395 2634 672 2676 Sacerdotes
693 2637 799 2687 duo,
824 2643 1020 2688 uterque
1041 2637 1167 2676 vitae
1189 2637 1501 2677 sanctimonia
1523 2644 1566 2678 et
1591 2649 1773 2677 morum
1803 2649 1905 2688 pro-

271 2705 413 2745 bitate
453 2707 679 2757 praediti,
728 2713 772 2747 et
817 2708 935 2747 alter
975 2708 1294 2748 ecclesiastico
1342 2708 1566 2748 beneficio
1607 2708 1653 2748 in
1694 2708 1906 2748 Ecclesia

270 2787 457 2816 summa
484 2777 621 2817 huius
651 2778 858 2818 civitatis
884 2783 1137 2829 provectus
1166 2784 1209 2817 et
1240 2778 1382 2818 odore
1410 2790 1523 2818 suae
1550 2779 1738 2818 Virtutis
1771 2790 1798 2817 a
1827 2778 1904 2817 do-

327 2955 336 2974 ¹
378 2957 652 2992 Autographum,
666 2959 790 2993 duplici
802 2958 881 2985 folio
893 2963 1062 2992 constans,
1080 2960 1140 2985 sub
1155 2966 1185 2985 n.
1200 2958 1476 2991 634.-Quaedam
1487 2960 1591 2987 habet
1605 2967 1625 2987 a
1638 2959 1783 2986 Polanco
1795 2966 1904 2985 emen·

272 3004 356 3031 data
371 3005 427 3031 vel
440 3004 568 3039 addita,
586 3013 670 3039 quae
687 3006 813 3033 italicis
828 3006 974 3033 edemus.
