2080 3392
326 225 399 261 470
845 221 1071 258 LITTERAE
1099 231 1455 263 QUADRIMESTRES

328 319 568 369 habemus)
592 318 863 369 audiendas,
887 323 932 358 et
953 329 1090 358 sacra
1111 317 1435 357 Eucharistiae
1453 322 1752 356 sacramenta
1767 316 1963 356 admini-

327 390 535 430 stranda.
559 389 684 430 Inter
706 400 822 440 quos
842 389 980 440 virgo
1002 400 1095 428 una
1115 387 1168 428 24
1188 398 1419 427 annorum
1439 387 1538 435 fuit,
1563 398 1703 438 quam
1719 385 1850 426 dives
1867 387 1962 438 qui-

329 461 434 500 dam
456 460 531 500 vir
553 471 747 500 uxorem
768 459 1121 510 concupiverat:
1145 459 1262 498 haec
1279 464 1383 509 post
1400 464 1658 498 extremam
1674 456 1959 508 unctionem,

327 531 540 571 omnibus
566 530 912 582 praesentibus,
945 535 1221 581 perpetuam
1247 529 1379 569 vovit
1406 528 1694 578 castitatem,
1725 527 1962 567 Christum

327 602 414 641 sibi
434 601 480 641 in
502 612 724 652 sponsum
746 585 938 652 eligens,
963 611 1081 651 quae
1102 605 1207 651 post
1226 605 1388 639 votum
1408 599 1552 638 horas
1573 598 1774 650 quinque
1796 597 1843 637 in
1859 598 1960 637 vita

327 672 522 720 mansit,
557 683 646 723 quo
674 678 883 723 tempore
912 681 1083 722 magno
1112 682 1217 710 cum
1245 669 1475 710 desiderio
1497 674 1541 709 et
1567 669 1758 720 spiritus
1785 668 1961 719 gaudio

327 743 397 782 sui
433 743 593 794 sponsi
627 742 880 782 adventum
907 741 1207 793 expectabat,
1245 741 1310 780 ita
1338 745 1387 780 ut
1422 739 1635 780 omnibus
1666 738 1958 779 adstantibus

328 824 550 864 magnam
570 812 773 853 adferret
794 812 1105 852 devotionem.
1129 811 1337 851 Maxima
1357 822 1468 862 pars
1488 809 1714 849 nobilium
1746 817 1790 849 et
1818 809 1963 849 domi-

327 896 493 924 norum
514 890 648 923 extra
670 881 863 935 [urbem]
885 882 1119 934 fugerunt,
1142 893 1324 922 necnon
1351 892 1524 931 magna
1549 892 1660 932 pars
1688 880 1870 931 populi,
1905 891 1964 919 ex

328 955 493 1006 quibus
514 954 646 994 multi
667 954 837 994 mortui
858 954 1158 993 reducuntur.
1183 952 1337 992 Etiam
1366 951 1442 1001 qui
1472 951 1531 990 ad
1556 951 1742 990 labores
1770 957 1959 998 exeunt,

327 1027 374 1065 in
395 1026 574 1077 campis
595 1032 639 1065 et
660 1025 807 1077 sylvis
836 1024 1007 1065 mortui
1036 1024 1345 1075 reperiuntur.
1374 1022 1495 1062 Huic
1524 1021 1642 1062 alius
1669 1021 1859 1061 morbus
1889 1032 1962 1061 ac-

329 1096 482 1147 cessit,
515 1097 594 1148 qui
622 1096 788 1148 capitis
816 1095 998 1135 insania
1027 1093 1211 1145 dicitur,
1241 1105 1332 1145 quo
1363 1093 1524 1133 morbo
1559 1091 1759 1143 plurimi,
1792 1091 1962 1131 mentis

328 1168 528 1217 impotes
549 1166 713 1217 effecti,
743 1166 884 1206 etiam
910 1166 1057 1205 vitam
1088 1165 1264 1204 finiunt.
1294 1164 1441 1204 Fama
1470 1162 1707 1203 communi
1734 1162 1882 1202 fertur
1912 1162 1966 1202 25

329 1238 474 1288 millia
504 1238 746 1277 hominum
775 1243 905 1288 peste
933 1236 1182 1286 occidisse,
1212 1241 1256 1275 et
1284 1234 1489 1287 quotidie
1515 1234 1666 1273 adhuc
1695 1232 1837 1284 aliqui
1870 1244 1963 1273 mo-

329 1309 524 1348 riuntur.

408 1378 543 1419 Nulla
567 1378 789 1419 Coloniae
811 1379 904 1418 iam
926 1383 1031 1418 sunt
1053 1376 1221 1417 studia:
1246 1375 1442 1416 studiosi
1464 1385 1625 1415 omnes
1645 1373 1705 1414 ad
1725 1373 1843 1413 alias
1859 1381 1966 1414 sunt

329 1450 526 1501 profecti
551 1449 911 1490 Universitates.
968 1457 970 1461 ·

408 1521 494 1560 His
515 1521 676 1560 diebus
702 1519 941 1571 plenariae
965 1519 1282 1569 indulgentiae
1305 1530 1331 1557 a
1353 1516 1544 1558 Summo
1568 1516 1789 1558 Pontifice
1819 1517 1961 1569 publi-

330 1598 463 1632 catae
485 1598 606 1642 sunt;
630 1602 774 1643 quare
797 1597 841 1630 et
863 1590 1280 1641 supplicationibus
1303 1602 1329 1629 a
1351 1588 1404 1628 R.
1412 1595 1464 1614 ¹110
1497 1596 1659 1628 nostro
1687 1589 1920 1668 Episcopo
1956 1587 1965 1606 ¹

330 1663 554 1703 institutis
574 1662 761 1714 plurimi
781 1661 915 1701 nobis
938 1660 1139 1701 confessi
1162 1667 1283 1700 sunt.

409 1733 463 1773 R.
470 1733 531 1759 <¹¹1³
556 1733 695 1773 Pater
716 1733 844 1784 prior
865 1731 1142 1772 Carthusiae
1171 1743 1198 1779 ·,
1223 1742 1316 1770 non
1348 1729 1558 1780 vulgaris
1584 1730 1763 1770 amicus
1794 1735 1839 1769 et
1867 1729 1965 1769 fau-

330 1811 417 1855 tor,
441 1804 499 1844 ad
516 1803 721 1843 reditum
738 1803 944 1842 civitatis
960 1802 1232 1853 primorum,
1252 1800 1639 1853 supplicationem
1656 1800 1856 1851 paravit,
1877 1811 1969 1851 qua

328 1877 482 1915 locum
504 1874 704 1925 aliquem
725 1880 902 1913 certum
925 1872 1263 1923 assignandum
1283 1871 1504 1912 Societati
1524 1871 1652 1923 petit,
1676 1876 1818 1922 utque
1844 1870 1967 1910 illius

331 1957 522 1997 operam
545 1950 792 1996 expetant,
817 1943 940 1995 quod
962 1956 1054 1984 non
1076 1944 1174 1983 sine
1195 1954 1368 1994 magno
1391 1943 1545 1982 fructu
1565 1941 1656 1982 fiet.

412 2015 510 2055 Nos
531 2015 606 2055 hic
626 2015 820 2066 pacifice
848 2025 1114 2054 manemus:
1146 2013 1403 2053 amicorum
1430 2019 1474 2052 et
1503 2012 1760 2059 fautorum,
1784 2022 1967 2051 necnon

331 2086 648 2127 confitentium
669 2092 713 2125 et
735 2084 1195 2133 communicantium,
1215 2084 1262 2124 in
1283 2084 1381 2123 dies
1403 2083 1572 2123 crescit
1588 2094 1825 2133 numerus,
1847 2082 1967 2121 inter

330 2169 447 2209 quos
469 2157 609 2208 aliqui
627 2156 688 2196 ad
710 2154 991 2196 Societatem
1012 2161 1223 2194 nostram
1245 2154 1415 2206 optime
1438 2153 1592 2193 affecti
1614 2158 1743 2203 sunt,
1768 2163 1967 2204 quorum

330 2240 451 2268 unus
472 2234 541 2267 est
564 2227 640 2279 qui
663 2226 850 2266 domum
871 2237 1005 2265 suam
1027 2225 1139 2265 dare
1162 2225 1370 2275 intendit,
1396 2225 1529 2264 cuius
1549 2223 1690 2274 filius,
1716 2223 1792 2274 qui
1820 2223 1867 2262 in
1898 2234 1968 2262 ar-

331 2300 454 2339 tibus
475 2305 544 2339 est
560 2304 816 2350 promotus,
837 2296 1119 2337 Societatem
1136 2303 1346 2336 nostram
1364 2296 1547 2346 ingredi
1563 2295 1656 2335 iam
1675 2294 1968 2334 deliberavit.

333 2370 532 2421 Quidam
553 2369 732 2410 Doctor
752 2368 936 2408 Veltius
957 2366 985 2418 ⁵,
1010 2373 1134 2407 totus
1162 2366 1430 2417 Societatis‚
1462 2365 1687 2406 indicavit
1716 2364 1831 2404 mihi
1862 2376 1969 2415 quo·

333 2442 471 2482 modo
492 2446 683 2480 senatus
714 2438 1004 2480 Coloniensis
1032 2438 1125 2477 iam
1153 2438 1208 2477 de
1237 2437 1453 2476 omnibus
1480 2437 1619 2476 rebus
1646 2435 1818 2475 nostris
1852 2434 1970 2474 bene

333 2513 517 2563 sentiat;
542 2518 586 2551 et
608 2512 647 2551 si
668 2522 750 2562 per
778 2516 957 2561 pestem
984 2509 1138 2548 omnia
1166 2509 1438 2560 perturbata
1464 2519 1558 2547 non
1585 2512 1761 2556 essent,
1795 2505 1970 2556 optima

334 2584 564 2636 principia
584 2582 731 2622 nostri
752 2581 938 2632 collegii
959 2591 1270 2632 speraremus.
1294 2579 1401 2619 Fuit
1427 2579 1501 2618 vir
1522 2577 1728 2629 quidam,
1753 2576 1853 2628 qui,
1875 2588 1970 2616 ma-

333 2667 455 2706 gnae
476 2653 738 2694 sanctitatis
761 2653 817 2692 ab
840 2652 1052 2692 omnibus
1074 2651 1382 2700 existimatus,
1407 2650 1589 2690 animas
1621 2649 1667 2688 in
1689 2647 1964 2699 purgatorio

334 2726 589 2766 existentes
611 2724 707 2764 suis
729 2722 1019 2763 orationibus
1040 2722 1241 2761 liberare
1268 2721 1542 2772 putabatur,
1573 2725 1618 2759 et
1646 2719 1749 2758 ideo
1776 2718 1971 2758 multum

390 2881 400 2899 ¹
442 2879 620 2913 Adolphus
635 2878 683 2905 111
698 2885 765 2905 von
782 2877 1039 2911 Schauenburg,
1056 2876 1266 2904 Coloniensis
1280 2875 1582 2909 Archiepiscopus.

389 2928 403 2946 2
441 2926 616 2953 Gerardus
631 2926 890 2953 Kalckbrenner
905 2924 978 2951 sive
996 2923 1243 2951 Hamontanus.

389 2975 403 2993 ⁵
440 2974 493 3001 Ita
515 2974 567 3000 hic
590 2973 767 3007 perspicue
788 2979 907 2999 nomen
928 2972 1008 3005 hoe,
1031 2971 1117 3005 quod
1139 2971 1217 2998 dum
1238 2978 1254 2997 e
1279 2969 1429 2997 Pomxcr
1450 2968 1615 2996 Chronico
1641 2966 1966 2997 transcribebamuS,

336 3023 458 3051 incerti
473 3023 596 3050 suimus
610 3027 654 3047 an
668 3024 756 3047 esset
769 3023 933 3054 scriptum
948 3018 1094 3046 Delzius¹
1111 3017 1198 3046 Vide
1213 3022 1237 3044 t.
1255 3024 1302 3051 111,
1318 3025 1396 3051 pag.
1414 3016 1478 3043 268.
