2080 3392
327 212 397 249 540
840 210 1065 246 LITTERAE
1092 219 1450 251 QUADRIMESTRES

328 293 646 349 imbecillitate
669 305 854 345 minime
876 305 1145 356 impeditus,
1175 305 1422 355 diligenter
1451 315 1553 344 sese
1584 309 1828 355 exerceat,
1860 311 1957 345 turn

331 379 483 418 dando
506 376 699 417 consilio
721 376 776 415 de
798 375 938 415 rebus
959 375 1141 426 arduiS‚
1171 381 1268 415 tum
1296 375 1580 415 consolando
1611 374 1830 425 afflictos,
1860 382 1958 416 tum

329 446 652 489 concionando
674 453 718 486 et
748 446 990 486 audiendis
1017 446 1064 485 in
1092 445 1462 486 confessionibus
1489 445 1711 485 fratribus
1739 451 1784 485 et
1811 450 1958 485 exter—

328 520 414 569 nis,
437 526 487 558 ut
511 517 698 558 omnino
721 517 872 556 debile
893 515 991 567 ejus
1015 527 1188 567 corpus
1208 516 1333 555 trahi
1354 522 1397 555 et
1429 516 1602 566 impelli
1622 515 1817 555 mirifico
1848 526 1958 566 quo-

328 590 435 630 dam
458 589 649 640 spiritus
670 588 845 638 impetu
867 593 910 627 et
931 587 1118 627 fervore
1140 586 1317 626 videas.

408 660 599 700 Fratres
634 670 682 698 se
717 658 858 698 etiam
890 658 1083 698 honeste
1119 663 1162 697 et
1197 656 1465 697 obedienter
1494 662 1678 708 gerunt,
1711 662 1754 696 et
1784 656 1959 696 Christi

330 743 489 771 amore
507 729 742 781 conjuncti
760 741 814 769 ac
832 729 1005 769 mutuis
1023 728 1185 768 officiis
1202 727 1422 778 devincti,
1441 728 1530 779 ipsi
1546 727 1665 767 inter
1684 739 1732 767 se
1750 727 1867 767 alius
1884 726 1962 766 alii

328 802 515 841 virtutis
537 801 689 851 gloria
711 806 954 851 praestare
977 798 1227 838 contendit.
1252 797 1618 849 progrediuntur
1638 804 1737 837 tum
1756 798 1801 837 in
1817 797 1959 837 virtu-

329 873 453 913 tibus
475 879 572 911 tum
594 871 640 910 in
661 871 842 920 litteris,
867 871 1089 922 pietatem
1112 881 1218 909 cum
1247 869 1503 919 disciplinis
1533 867 1872 919 conjungendo.
1904 868 1962 908 Et

330 951 378 984 ut
412 943 467 982 de
495 943 596 982 aliis
632 942 817 981 interim
849 948 1051 992 taceam,
1081 941 1159 992 qui
1189 952 1299 980 vere
1329 939 1656 989 abnegationis
1691 945 1735 979 et
1776 938 1960 990 perfun-

331 1014 499 1054 ctionis
520 1013 630 1063 (sic)
653 1013 884 1053 desiderio
904 1013 1104 1063 fervent,
1129 1011 1184 1052 de
1206 1009 1409 1063 quodam
1436 1010 1625 1050 minime
1654 1011 1836 1050 tacebo.
1872 1009 1962 1060 Qui

329 1092 574 1136 tantopere
602 1083 892 1124 obedientiae
921 1090 965 1123 et
996 1084 1241 1125 charitatis
1263 1085 1533 1125 ministeriis
1563 1082 1789 1125 Societati
1819 1081 1961 1121 inser-

330 1157 430 1196 vire
451 1155 617 1207 coepit,
637 1162 686 1195 ut
702 1166 852 1206 neque
868 1155 1010 1195 febris
1028 1161 1272 1206 quartana,
1292 1167 1441 1207 neque
1459 1154 1671 1195 debilitas
1688 1152 1899 1204 corporis
1916 1158 1961 1192 et

329 1227 524 1267 vulnera
563 1226 733 1277 pedum
773 1227 829 1265 ab
866 1226 1027 1266 officiis
1065 1225 1331 1266 domesticis
1370 1226 1649 1275 deterreant,
1675 1230 1719 1264 et
1749 1223 1903 1264 minus
1934 1235 1960 1262 a

333 1298 493 1338 schola
515 1304 560 1338 et
582 1298 809 1349 pueritiae
832 1297 1119 1337 institutione
1142 1298 1394 1338 retardent.

408 1369 571 1408 Patres
592 1369 794 1408 maxime
816 1369 1077 1408 inserviunt
1092 1368 1443 1408 ferrariensium
1459 1368 1612 1418 saluti,
1632 1379 1712 1407 eos
1735 1372 1832 1406 tum
1850 1377 1958 1406 Con-

329 1440 608 1480 fessionibus
645 1446 742 1479 tum
777 1439 983 1478 consiliis
1015 1446 1057 1479 et
1095 1439 1497 1479 exhortationibus
1528 1437 1814 1489 adjuvando,
1839 1437 1962 1476 unde

329 1511 538 1562 profecto
559 1522 653 1550 non
676 1510 924 1550 mediocris
946 1510 1155 1561 sequitur
1177 1510 1370 1550 fructus.
1395 1510 1514 1550 Nam
1534 1509 1623 1549 viri
1646 1515 1689 1549 et
1709 1508 1960 1557 foeminae,

330 1582 406 1634 qui
429 1581 621 1621 Patrum
641 1581 887 1632 prudentia
910 1581 1227 1631 instituuntur,
1252 1580 1449 1621 feliciter
1471 1585 1672 1632 pergunt
1693 1580 1739 1619 in
1765 1579 1844 1618 Via
1872 1578 1963 1618 Do-

330 1652 455 1697 mini,
481 1663 651 1703 magno
674 1651 873 1709 fortique
901 1652 1056 1691 animo
1087 1663 1274 1691 crucem
1302 1663 1435 1691 suam
1464 1651 1669 1702 quotidie
1698 1655 1961 1701 capessunt,

332 1723 578 1762 universos
606 1723 764 1762 verbis
793 1728 836 1762 et
864 1722 1000 1762 factis
1032 1722 1281 1772 instruunt,
1311 1722 1511 1762 familias
1539 1722 1586 1761 in
1611 1721 1699 1761 Dei
1725 1721 1891 1760 timore
1920 1726 1964 1760 et

330 1801 516 1844 patrum
538 1794 784 1844 disciplina
806 1794 1065 1844 continent,
1090 1800 1134 1832 et
1155 1793 1201 1832 in
1230 1793 1326 1832 suis
1357 1792 1555 1844 denique
1585 1793 1723 1832 rebus
1751 1791 1964 1831 omnibus

329 1866 478 1904 solam
500 1864 588 1904 Dei
609 1865 810 1915 gloriam
832 1870 875 1904 et
896 1864 1220 1915 proximorum
1250 1865 1449 1904 salutem
1476 1870 1689 1914 spectant
1712 1868 1962 1914 quaerunt-

329 1947 431 1987 que.
457 1935 507 1974 In
528 1935 617 1975 hoc
635 1934 835 1986 jubilaeo
863 1947 957 1974 non
985 1935 1123 1974 modo
1153 1935 1361 1985 pluribus
1389 1934 1743 1974 accurrentibus
1772 1945 1963 1984 operam

330 2018 463 2046 suam
486 2006 533 2045 in
555 2007 727 2056 templo
750 2017 896 2057 usque
918 2005 976 2044 ad
998 2017 1266 2057 vesperam,
1292 2005 1372 2045 sed
1401 2006 1542 2045 etiam
1571 2005 1697 2044 domi
1723 2009 1859 2044 nocte
1889 2003 1961 2043 de-

330 2077 510 2128 derunt,
534 2084 577 2116 et
598 2088 771 2127 magna
794 2083 919 2116 certe
951 2088 1113 2116 eorum
1139 2076 1224 2116 fuit
1250 2076 1516 2126 multitudo,
1547 2076 1624 2127 qui
1651 2075 1776 2115 vitae
1803 2076 1962 2126 lapsus

330 2148 663 2188 lachrimarum
684 2148 829 2188 imbre
857 2148 1104 2188 diluerunt.
1136 2148 1289 2198 Atque
1317 2159 1374 2187 ex
1401 2147 1613 2199 plurimis
1644 2146 1850 2197 quidem,
1884 2146 1962 2197 qui

332 2219 391 2258 ad
413 2218 721 2259 confessionis
744 2220 927 2270 asylum
948 2218 1267 2270 perfugerunt,
1290 2219 1539 2258 nonnullos
1561 2217 1619 2257 ad
1648 2217 1837 2257 Domini
1866 2217 1961 2268 glo-

330 2290 449 2329 riam
470 2290 684 2329 referam.
711 2289 925 2340 Quidam,
950 2290 1024 2329 cui
1047 2289 1263 2329 monachi
1284 2290 1526 2340 placuerat
1547 2288 1831 2338 institutum,
1852 2293 1895 2328 et
1916 2288 1962 2327 in

330 2372 384 2399 eo
410 2360 657 2400 duodecim
680 2367 917 2400 manserat
934 2371 1098 2410 annos,
1119 2359 1307 2399 tandem
1325 2372 1351 2400 a
1368 2360 1464 2399 vita
1483 2359 1704 2410 religiosa
1719 2359 1958 2408 recedens,

330 2441 412 2480 per
435 2431 549 2470 duos
572 2442 721 2470 annos
744 2430 949 2470 omnium
970 2431 1192 2470 vitiorum
1210 2442 1257 2470 se
1279 2431 1542 2470 ministrum
1563 2430 1865 2481 praebuerat,
1889 2429 1961 2469 de-

333 2513 460 2541 mum
481 2501 569 2541 Dei
588 2501 879 2551 benignitate
900 2501 947 2540 in
968 2501 1180 2541 morbum
1201 2501 1378 2551 incidit,
1404 2508 1447 2541 et
1469 2501 1515 2540 in
1542 2500 1834 2540 xenodochio
1865 2500 1960 2540 uni-

332 2583 522 2611 versam
544 2572 669 2611 vitae
692 2572 938 2611 historiam
958 2571 1087 2611 Patri
1107 2578 1267 2612 nostro
1289 2571 1543 2623 explicans,
1569 2571 1864 2611 admirabilia
1886 2571 1959 2611 do-

329 2643 444 2682 loris
477 2649 519 2682 ct
550 2643 737 2683 contriti
768 2643 911 2682 animi
942 2649 1221 2693 argumenta
1250 2643 1298 2683 in
1327 2649 1630 2693 peccatorum
1660 2642 1961 2682 enarratione

331 2713 470 2761 dedit,
487 2720 531 2753 et
550 2714 704 2753 animo
722 2714 839 2753 bene
856 2713 1052 2753 affectus
1069 2720 1114 2753 et
1132 2725 1328 2765 corpore
1345 2714 1403 2753 ad
1421 2725 1553 2753 suam
1570 2719 1836 2753 remearunt
1854 2712 1960 2763 (sic)

335 2784 646 2823 vocationem.

415 2852 559 2903 Alius,
599 2855 677 2905 qui
714 2860 821 2894 ante
857 2866 1005 2895 annos
1041 2854 1409 2905 quatuordecim,
1447 2854 1618 2894 reiecto
1653 2853 1741 2894 Dei
1777 2854 1958 2899 timore,

331 2931 597 2975 contempto
638 2932 933 2966 sacramento
973 2925 1298 2975 confessionis,
1339 2937 1442 2965 sese
1477 2925 1604 2965 vitiis
1641 2931 1684 2965 et
1719 2925 1960 2965 fraudibus

330 2995 759 3044 contaminaverat,
789 3002 1025 3046 postremo
1053 2996 1259 3048 resipuit,
1285 3007 1339 3035 ac
1368 2996 1414 3035 in
1441 2996 1567 3041 viam
1587 2995 1778 3035 Domini
1805 2996 1956 3036 rediit.
