2080 3392
315 205 386 242 508
828 202 1055 239 LlTTERAE
1082 213 1436 246 QUADRIMESTRES

318 300 473 340 animo
500 298 655 350 posuit
683 298 882 348 efficere,
919 298 1074 338 diuino
1104 298 1252 338 fretus
1282 298 1476 350 auxilio,
1507 304 1556 339 ut
1588 300 1784 350 singulis
1814 301 1951 340 annis

316 376 480 422 quater
501 369 827 409 Eucharistiae
849 367 1210 409 Sacramentum
1231 374 1486 420 sumerent,
1512 382 1652 421 quam
1673 371 1730 410 ob
1752 381 1944 411 causam

315 451 570 491 aggressus
591 439 818 490 imprimis
840 445 910 479 est
932 451 1057 490 eum,
1088 440 1165 491 qui
1194 440 1251 479 ab
1279 440 1393 490 ipsis
1420 441 1637 492 prouisor
1665 442 1943 492 appellatur,

316 511 375 551 ad
397 523 534 562 quem
562 521 741 550 summa
771 511 913 550 totius
943 511 1011 550 rei
1042 522 1156 550 cura
1181 512 1398 562 pertinet.
1428 511 1610 551 Deinde
1638 512 1843 563 reliquos
1872 512 1948 552 vel

317 583 528 633 singulos
563 582 816 632 allocutus,
849 581 1076 633 paulatim
1103 593 1183 621 eos
1211 582 1270 622 ad
1297 582 1343 622 id
1377 582 1573 622 libenter
1600 582 1946 633 suscipiendum

314 652 550 704 perduxit3
577 657 716 703 atque
737 652 831 691 iam
853 663 1028 703 magna
1048 664 1159 704 pars
1181 664 1343 692 eorum
1363 653 1451 693 hoc
1482 653 1654 693 festum
1682 652 1945 693 dominicae

312 723 586 764 Nativitatis
607 729 737 763 tanto
760 734 951 763 suarum
973 723 1235 763 animarum
1255 724 1376 764 bono
1393 724 1762 764 celebrauerunt.
1787 724 1946 764 Domi-

312 806 400 835 nus
420 795 620 845 benigne
641 794 869 845 largiatur
888 801 938 834 ut
959 795 1006 834 in
1026 794 1237 834 felicibus
1258 795 1488 846 incoeptis
1514 801 1835 846 permaneant.

394 865 528 916 Quod
549 865 608 905 ad
631 865 818 905 scholas
834 866 1057 917 pertinet,
1082 866 1346 916 cognitum,
1367 866 1526 916 credo,
1546 866 1760 917 habebis,
1790 878 1945 918 quem—

313 936 563 976 admodum
590 936 663 976 die
690 935 851 976 Sancti
874 936 1127 987 Augustini
1155 935 1163 954 ¹
1191 943 1433 977 transacto
1461 937 1621 977 habita
1637 937 1775 977 fuerit
1792 938 1946 978 oratio

311 1020 338 1048 a
360 1007 563 1059 quodam
583 1006 749 1058 fratre,
773 1007 849 1047 cui
868 1007 1006 1047 Petro
1028 1007 1309 1058 Perpiniano
1332 1014 1401 1048 est
1423 1019 1616 1058 nomen,
1642 1009 1719 1060 qui
1747 1008 1943 1049 rhetori—

312 1091 417 1119 cam
448 1078 716 1130 profitetur,
751 1078 1078 1130 praesentibus
1113 1090 1206 1118 non
1242 1079 1394 1118 solum
1434 1079 1726 1119 scholaribus
1762 1085 1806 1119 et
1840 1080 1946 1119 aliis

312 1161 452 1201 quam
481 1149 713 1201 plurimiS,
748 1149 829 1189 sed
856 1150 998 1189 etiam
1027 1149 1275 1189 Cardinale
1310 1149 1323 1167 ‘²
1359 1161 1465 1189 cum
1498 1150 1704 1190 maximo
1739 1151 1945 1191 omnium

314 1222 556 1272 applausu.
582 1219 804 1271 Sequenti
831 1221 903 1260 die
932 1220 1182 1260 authorum
1209 1220 1534 1260 enarrationes
1562 1228 1870 1272 caeteraeque
1898 1222 1944 1261 in

309 1291 456 1331 literis
477 1291 840 1331 exercitationes
861 1297 1055 1342 coeptae
1076 1297 1198 1331 sunt.
1223 1290 1414 1331 Placent
1434 1298 1780 1343 praeceptores,
1805 1298 1945 1343 atque

310 1363 356 1402 in
392 1362 492 1402 dies
531 1362 919 1402 scholasticorum
957 1373 1179 1402 numerus
1219 1362 1450 1413 augescit:
1487 1363 1534 1402 in
1567 1363 1943 1413 praesentiarum

307 1431 386 1472 280
406 1444 651 1472 numerum
672 1438 977 1483 exsuperant3
1001 1433 1068 1472 sic
1090 1438 1246 1472 autem
1271 1433 1498 1473 accrescit
1521 1445 1682 1473 eorum
1704 1445 1941 1484 numerus,

309 1509 483 1555 quanto
507 1504 659 1554 magis
680 1511 893 1543 nostrum
915 1504 1176 1543 institutum
1197 1509 1241 1543 et
1261 1503 1503 1544 doctrinae
1524 1504 1689 1544 modus
1710 1505 1850 1544 latius
1874 1505 1937 1544 in-

311 1575 535 1624 notescit,
559 1580 607 1614 ut
628 1573 846 1614 Patribus
868 1574 1054 1625 Magist.
1079 1574 1367 1626 Hieronymo
1390 1574 1545 1615 Natali
1567 1581 1610 1615 et
1632 1574 1819 1626 Magist.
1844 1575 1942 1627 My-

310 1646 416 1686 roni
445 1646 599 1685 visum
626 1644 765 1685 fuerit
793 1651 889 1685 tres
918 1646 1113 1696 classes,
1147 1657 1265 1696 quae
1296 1646 1522 1686 hactenus
1552 1646 1941 1686 scholasticorum

309 1723 463 1765 erant,
487 1722 673 1767 praeter
696 1728 819 1766 eam,
844 1716 890 1756 in
912 1728 1002 1767 qua
1034 1716 1090 1756 de
1120 1716 1306 1756 casibus
1341 1717 1657 1757 conscientiae
1693 1717 1936 1768 agebatur,

308 1800 401 1828 non
436 1788 551 1827 satis
586 1798 707 1838 esse3
740 1788 1043 1838 quamobrem
1065 1793 1281 1838 quartam
1303 1788 1475 1828 addere
1497 1787 1826 1839 decreuerunt,
1852 1794 1939 1828 est-

306 1870 394 1909 que
415 1864 694 1910 praeceptor
715 1858 773 1898 ad
795 1858 842 1898 id
864 1870 1031 1898 munus
1052 1859 1342 1899 subeundum
1363 1859 1634 1899 accersitus.

385 1929 459 1969 Fit
480 1936 578 1969 tum
598 1930 645 1968 in
664 1930 813 1969 literis
834 1936 932 1969 tum
952 1930 999 1969 in
1020 1929 1111 1979 his,
1137 1941 1255 1980 quae
1278 1930 1337 1969 ad
1357 1930 1563 1969 animam
1580 1936 1814 1981 spectant,
1834 1941 1935 1981 pro-

307 2000 456 2040 fectus
476 2012 570 2040 non
590 2000 855 2040 mediocris.
886 2000 962 2040 Ad
988 2000 1175 2040 laudem
1203 2000 1390 2051 quidem
1420 2000 1628 2040 divinam
1657 2013 1750 2040 non
1778 2012 1940 2052 possu-

306 2084 407 2112 mus
443 2084 535 2111 non
569 2071 821 2122 provocari
857 2083 962 2111 cum
995 2071 1231 2111 intuemur
1266 2078 1491 2122 quantum
1526 2071 1710 2112 iurandi
1741 2078 1784 2112 et
1820 2073 1941 2112 aliae

304 2154 480 2193 pravae
503 2142 861 2182 consuetudines
884 2142 940 2181 ab
962 2142 1129 2182 horum
1150 2153 1402 2194 puerorum
1423 2143 1655 2182 mentibus
1676 2143 1937 2194 extirpatae

303 2213 492 2260 cedant,
518 2213 800 2264 praecipuus
822 2218 979 2252 autem
1000 2212 1180 2252 fructus
1201 2225 1260 2253 ex
1282 2213 1653 2253 confessionibus
1680 2214 1812 2253 nasci
1841 2224 1939 2254 cer·
1958 2250 1961 2253 .

303 2284 451 2334 nitur3
476 2295 608 2333 nam,
633 2283 864 2323 referente
887 2283 1089 2334 quodam
1110 2290 1265 2335 patre,
1290 2284 1496 2334 cognovi
1518 2284 1694 2323 nullum
1714 2283 1811 2324 fere
1838 2295 1940 2324 esse

303 2366 361 2393 ex
382 2354 474 2405 his,
499 2366 615 2405 quos
637 2354 875 2404 audiebat,
901 2354 979 2405 qui
1000 2354 1203 2406 aliquem
1224 2354 1345 2394 diem
1366 2355 1466 2394 sine
1494 2355 1709 2394 examine
1734 2361 1939 2405 praeter-

304 2424 397 2465 labi
431 2426 619 2465 sineret.
650 2424 782 2465 Multi
813 2425 974 2476 etiam,
1007 2437 1112 2465 cum
1147 2425 1387 2465 audissent
1416 2432 1766 2477 praeceptorem
1804 2437 1938 2466 suum

305 2495 697 2535 scholasticorum
732 2495 972 2535 admonita
1000 2494 1014 2513 ⁵
1046 2497 1378 2547 explanantem
1407 2508 1462 2536 ac
1492 2497 1714 2536 nonnulla
1746 2496 1802 2536 de
1837 2508 1937 2536 ora-
1968 2507 1990 2525 ⁴

305 2566 430 2605 tione
452 2566 785 2616 inculcantem,
820 2566 887 2606 sic
916 2566 1013 2605 eius
1045 2566 1276 2607 desiderio
1306 2572 1414 2606 sunt
1446 2566 1618 2617 affecti,
1648 2574 1698 2606 ut
1728 2568 1939 2618 sequenti

304 2636 377 2676 die
399 2636 458 2677 ad
479 2637 631 2688 ipsum
654 2637 961 2676 conuenerint
983 2648 1277 2689 summopere
1298 2637 1564 2688 flagitantes
1586 2642 1634 2676 ut
1651 2649 1786 2677 orare
1803 2638 1934 2678 doce-

360 2771 370 2790 ¹
411 2771 473 2798 28.ἢ
489 2772 649 2806 Augusti.

357 2818 370 2837 ‘2
412 2817 559 2846 Henrico
575 2819 809 2853 Portugalliae
825 2820 993 2854 Principe,
1012 2819 1179 2847 Evorensi
1194 2820 1472 2854 Archiepiscopo.

356 2864 370 2883 ⁵
408 2864 459 2892 Ea
474 2865 639 2900 intellige,
656 2874 741 2900 quae
757 2867 1041 2894 scholasticorum
1057 2868 1196 2900 regulae
1212 2867 1440 2901 appellantur.
1454 2867 1495 2894 Ni
1511 2867 1598 2894 forte
1609 2875 1719 2894 sermo
1735 2868 1779 2895 sit
1793 2868 1833 2895 de
1848 2868 1935 2903 aliis,

302 2910 336 2937 in
350 2916 569 2939 externorum
584 2913 868 2941 scholasticorum
883 2922 988 2947 usum,
1006 2913 1123 2940 confici
1139 2914 1248 2940 solitis
1264 2913 1532 2941 ordinationibus
1547 2914 1635 2947 (vide
1648 2922 1763 2949 supra,
1779 2922 1856 2949 pag.
1873 2915 1934 2950 178,

302 2960 335 2987 in
350 2960 476 2987 litteris
492 2959 667 2987 Francisci
683 2961 838 2995 Bordon),
855 2969 1007 2996 quaeque
1022 2961 1163 2995 hispane
1179 2962 1307 2994 avt'SOS,
1326 2961 1412 2995 quod
1427 2962 1568 2989 vocibus
1581 2962 1776 2995 admonita,
1790 2963 1935 2996 monita,

300 3008 440 3041 propius
456 3014 555 3040 quam
573 3008 717 3041 regulae
731 3009 875 3043 accedit,
891 3009 1164 3043 appellabantur.
