2080 3392
868 123 953 160 AN.
983 123 1074 161 1553
1723 123 1794 160 287

141 220 308 260 denter
325 219 652 271 gubernandO,
675 219 827 272 fungi;
853 220 976 272 quod
998 221 1211 272 proxime
1233 221 1393 272 elapso
1414 220 1639 272 paschate
1655 231 1789 272 prae-

142 291 272 331 stitit.
297 290 448 331 Alteri
469 291 706 331 sacerdoti
728 291 823 343 (qui
844 291 1135 331 iuventutem
1164 292 1211 332 in
1239 290 1394 332 Gallia
1422 291 1644 341 instituit,
1681 303 1789 332 con-

142 362 398 402 cionatoris
418 373 501 402 seu
521 362 839 402 Ecclesiastae
861 362 1089 414 dignitate
1111 363 1363 414 aliquando
1385 363 1588 412 functus)
1612 362 1790 402 tradita

141 440 249 474 sunt
272 445 299 473 a
320 432 461 473 Patre
483 433 722 473 exercitia.
748 433 791 474 Is
812 434 939 474 haud
968 433 1195 474 mediocri
1225 435 1450 486 spiritalis
1483 434 1608 474 vitae
1635 433 1786 485 profe-

141 511 219 544 ctu
239 504 368 545 Patri
390 505 505 544 satis
525 504 717 556 placuit3
737 505 944 545 nondum
965 510 1122 544 tamen
1144 505 1203 545 ad
1224 506 1367 545 ullam
1388 505 1666 557 religionem
1687 517 1785 545 cer-

140 583 239 616 tum
259 575 468 617 animum
489 575 690 627 appulit,
715 587 1001 627 quamquam
1030 576 1180 616 nostri
1211 577 1395 616 numeri
1424 576 1629 627 augendi
1659 587 1791 628 spem

142 646 279 687 nobis
306 646 560 697 reliquerit.
592 645 848 686 Precamur
869 645 1125 698 Dominum
1145 654 1208 698 ut,
1241 649 1501 688 secundum
1528 648 1790 699 beneplaci-

142 724 242 758 tum
263 717 593 757 sanctissimae
615 717 872 757 voluntatis
894 729 1030 768 suae,
1054 717 1210 769 ipsum
1240 730 1325 758 sua
1351 719 1602 759 vocatione
1634 719 1791 770 digne-

141 795 229 839 tur,
255 800 346 840 qua
369 787 428 828 ad
449 799 684 828 summum
707 787 881 828 Christi
902 789 1130 828 honorem
1167 789 1338 840 ubique
1365 801 1553 841 semper
1582 797 1794 841 spectan-

141 859 250 900 dum
272 859 445 911 optime
466 859 599 910 fungi
619 859 780 910 possit.
802 858 1060 910 Postremo,
1086 859 1216 900 hisce
1238 860 1400 900 diebus
1422 861 1613 912 elapsis,
1636 872 1790 901 sacer-

141 931 251 982 doti,
274 931 534 971 ternarium
555 931 923 970 exercitatorum
941 942 1191 971 numerum
1209 931 1483 983 perficienti,
1507 933 1643 972 nobis
1663 932 1792 973 fami-

141 1002 414 1053 liarissimo,
438 1002 552 1041 iuris
573 1001 836 1042 Licentiato
859 1013 914 1042 ac
937 1002 1212 1053 theologiae
1234 1003 1392 1043 multis
1414 1004 1551 1043 annis
1581 1003 1795 1044 Lutetiae

143 1085 337 1125 operam
358 1073 666 1125 impendenti,
692 1073 953 1114 animarum
979 1085 1092 1114 cura
1118 1081 1339 1125 gravato,
1365 1075 1500 1115 Pater
1522 1081 1793 1115 nostrorum

143 1145 478 1185 exercitiorum
499 1152 682 1196 partem
703 1145 967 1196 impertitus
988 1152 1079 1195 est,
1104 1158 1223 1198 quae
1244 1146 1460 1198 proxima
1492 1147 1660 1198 hyeme
1688 1159 1788 1198 per·

142 1216 282 1257 ficere
309 1216 530 1266 instituit,
560 1216 750 1256 liberior
784 1223 883 1256 tum
912 1229 938 1256 a
968 1217 1352 1257 distractionibus
1382 1217 1580 1258 futurus.
1614 1218 1657 1258 Is
1683 1230 1795 1258 mox

145 1289 286 1329 etiam
304 1294 412 1328 ante
429 1287 759 1328 Pentecostem
780 1288 840 1328 ad
860 1288 1132 1339 paroeciam
1154 1300 1289 1328 suam
1311 1289 1397 1329 iter
1419 1289 1634 1339 adornat,
1654 1290 1795 1329 sitam

144 1360 191 1400 in
225 1359 399 1400 ducatu
433 1359 758 1410 Burgundiae,
793 1360 840 1399 in
870 1371 962 1411 qua
991 1360 1243 1412 aliquando
1281 1367 1489 1401 moratus
1523 1367 1593 1401 est
1628 1360 1794 1402 Sacra-

144 1437 411 1472 mentorum
433 1437 477 1470 et
501 1431 631 1470 verbi
652 1430 912 1471 ministerio
933 1431 1140 1471 functus.
1159 1431 1203 1472 Is
1227 1443 1343 1483 erga
1365 1432 1613 1473 Societatis
1634 1445 1795 1485 seque-

143 1504 236 1543 lam
258 1501 454 1542 affectus
476 1508 560 1552 est,
581 1502 621 1541 si
637 1500 915 1542 Dominicae
937 1503 1207 1543 vocationis
1229 1503 1431 1555 impulsu
1455 1504 1520 1554 (ut
1541 1504 1640 1555 ipse
1661 1505 1797 1544 nobis

141 1580 306 1626 sponte
341 1584 427 1613 sua
460 1572 598 1613 fidem
633 1572 780 1623 dedit)
817 1573 877 1613 ad
912 1574 1057 1614 ullum
1092 1574 1335 1626 religionis
1368 1581 1542 1615 statum
1584 1575 1793 1616 animum

143 1645 348 1695 adiiciat,
373 1645 432 1684 ad
453 1656 539 1684 nos
567 1646 919 1685 convolaturus.
952 1646 1036 1686 Est
1066 1646 1291 1686 sacerdos
1321 1653 1540 1698 quartus,
1571 1653 1679 1687 ante
1707 1647 1795 1687 hos

141 1717 316 1757 nostris
351 1716 589 1757 exercitiis
630 1716 839 1756 eruditus
859 1750 866 1767 ,
909 1716 1289 1769 frequentissime
1329 1718 1376 1758 in
1415 1726 1578 1758 nostro
1619 1720 1794 1758 sacello

141 1800 279 1828 sacra
301 1788 545 1828 celebrans
567 1788 818 1839 mysteria,
844 1789 923 1840 qui
945 1788 1003 1828 ad
1024 1795 1238 1829 nostram
1259 1789 1486 1829 accedere
1509 1789 1794 1830 Societatem

140 1860 352 1911 impenso
374 1865 503 1911 optat
525 1859 715 1909 affectu,
740 1871 878 1911 quem
908 1860 1121 1911 corporis
1156 1861 1314 1900 multis
1340 1861 1580 1901 laboribus
1608 1867 1795 1902 contra-

143 1937 219 1971 cta
242 1930 488 1971 infirmitas
510 1931 738 1971 hactenus
759 1938 1038 1971 remoratur.
1071 1931 1211 1972 Faxit
1242 1931 1473 1973 Dominus
1499 1933 1636 1986 Jesus
1663 1932 1792 1973 Chri-

143 2008 241 2042 stus
269 2008 332 2053 ut,
358 2014 557 2054 quorum
587 2002 676 2053 piis
704 2002 828 2042 votis
863 2014 918 2042 ac
953 2003 1199 2043 desideriis
1225 2003 1473 2044 Societatis
1504 2011 1695 2044 nostrae
1725 2015 1791 2044 se-

142 2074 370 2126 quendae,
395 2079 593 2113 naturae
615 2075 690 2113 vel
722 2074 889 2114 aetatis
912 2074 1245 2126 impedimenta
1268 2075 1476 2126 obstant,
1499 2076 1793 2116 individuam

143 2156 250 2186 cum
271 2145 458 2185 Christo
481 2145 756 2185 societatem
778 2145 824 2184 in
848 2146 978 2185 coelo
1003 2152 1368 2197 consequantur.

199 2228 202 2232 ·
225 2215 475 2256 Caeterum
513 2215 635 2256 Rflus
674 2215 815 2256 Pater
854 2223 1014 2257 noster
1055 2217 1406 2258 confessionum
1451 2218 1793 2258 audiendarum

143 2288 527 2329 consuetudinem
548 2299 666 2339 pene
687 2287 1008 2338 quotidianam
1031 2289 1078 2328 in
1105 2289 1220 2329 aede
1251 2289 1375 2329 Divo
1406 2289 1606 2330 Cosmae
1635 2301 1789 2340 sacra,

141 2366 331 2400 nostrae
361 2359 615 2399 Paroeciae
640 2359 878 2410 Ecclesia,
917 2360 1079 2400 diebus
1115 2361 1440 2400 communibus
1476 2373 1532 2401 ac
1568 2361 1792 2412 profestis

141 2430 407 2482 frequentat
428 2441 522 2469 non
543 2430 642 2469 sine
664 2431 929 2470 animarum
953 2432 1118 2471 salutis
1140 2432 1449 2483 promotione.
1475 2432 1652 2472 Diebus
1674 2444 1790 2472 Vero

143 2502 308 2550 sacris,
326 2502 372 2541 in
391 2500 592 2541 Abbatia
611 2499 771 2541 Sancti
789 2501 1028 2551 Germani,
1050 2502 1362 2542 confessionis
1379 2509 1423 2543 et
1441 2503 1791 2543 communionis

143 2580 440 2613 sacramenta
463 2572 727 2624 petentibus
752 2584 837 2623 pro
862 2585 992 2613 more
1014 2574 1267 2614 ministrat.
1290 2574 1416 2614 Inter
1443 2575 1669 2626 reliquos,
1695 2575 1790 2626 qui—

143 2645 229 2684 bus
263 2644 402 2684 Pater
438 2656 464 2683 a
499 2643 794 2684 confessione
833 2643 942 2695 fuit,
980 2657 1099 2685 unus
1137 2652 1180 2685 et
1215 2646 1332 2685 alter
1371 2652 1688 2696 emerserunt,
1713 2647 1791 2697 qui

144 2715 458 2767 poenitentiae
498 2715 731 2766 insignem
771 2714 976 2755 fructum
1012 2717 1214 2756 retulere
1256 2728 1310 2756 ac
1350 2717 1489 2756 nobis
1526 2717 1791 2768 gratiarum

145 2787 346 2827 actionis
366 2786 466 2827 Deo
487 2785 754 2826 reddendae
782 2798 956 2826 novam
986 2787 1244 2838 praebuere
1273 2788 1587 2828 occasionem.
1620 2787 1789 2828 Adole-

145 2869 306 2909 scens,
338 2858 603 2898 animarum
634 2868 775 2896 onere
808 2864 1059 2907 gravatus,
1089 2870 1255 2910 preces
1282 2859 1559 2909 canonicas,
1592 2871 1793 2911 quarum

144 2929 346 2970 necdum
368 2929 639 2969 methodum
660 2929 902 2979 didicerat,
921 2930 1092 2969 multos
1112 2941 1261 2970 annos
1278 2929 1465 2970 Christo
1488 2937 1533 2970 et
1550 2931 1791 2971 Ecclesiae
