2080 3392
863 207 932 245 AN
977 206 1068 244 1554
1710 205 1782 242 553

194 607 446 635 Praecedentes
464 608 502 635 P.
523 606 683 634 Caesaris
698 606 811 634 Helmi
827 607 966 634 litterae
982 614 1002 633 a
1016 606 1051 633 P.
1066 606 1214 633 Polaneo
1229 606 1432 633 emendatae
1448 611 1480 633 et
1493 605 1526 633 in
1540 604 1726 632 Societatis

752 660 868 687 domos
890 660 998 687 Roma
1013 660 1138 687 missae
1154 659 1177 686 ¹.

898 874 1013 915 IHS.

217 1090 319 1131 Pax
340 1090 530 1131 Christi.

219 1162 319 1202 R.de
349 1163 396 1202 in
416 1162 581 1213 primis
599 1168 738 1214 atque
756 1161 803 1201 in
820 1160 1007 1202 Christo
1026 1159 1456 1200 observandissime
1473 1157 1628 1198 Pater.
1651 1157 1781 1209 Quae

138 1233 369 1285 superiori
390 1233 722 1285 quadrimestri
744 1232 942 1283 Collegii
962 1231 1029 1272 tui
1049 1231 1307 1272 ministerio
1329 1230 1405 1270 hic
1433 1236 1568 1281 gesta
1600 1235 1707 1269 sunt
1737 1235 1782 1269 et

138 1305 197 1345 ad
218 1304 482 1345 animarum
503 1305 704 1344 salutem
724 1304 1108 1356 spiritualemque
1129 1301 1507 1342 aedificationem
1528 1300 1778 1352 pertinent,

139 1376 330 1416 brevius
351 1376 684 1427 perstringam.

219 1447 429 1487 Primum
450 1446 660 1499 quidem,
685 1446 870 1487 omissis
892 1446 996 1486 aliis
1018 1445 1413 1493 confessionibus,
1439 1444 1495 1484 de.
1523 1444 1672 1484 tribus
1705 1443 1782 1484 hic

139 1525 321 1559 tantum
340 1518 641 1570 generalibus
662 1517 836 1558 faciam
864 1517 1164 1558 mentionem.
1196 1516 1354 1557 Prima
1384 1516 1469 1556 fuit
1500 1515 1782 1567 juvenculae

137 1589 381 1642 cujusdam
402 1590 556 1630 adhuc
577 1590 821 1641 innuptae,
846 1601 965 1641 quae
985 1594 1121 1640 turpe
1142 1588 1324 1638 Vitium,
1350 1599 1456 1628 cum
1474 1587 1647 1639 juvene
1669 1598 1783 1638 quo—

136 1661 245 1702 dam
281 1673 305 1701 a
342 1661 650 1713 quadriennio
684 1661 1002 1711 commissum,
1042 1660 1145 1700 aliis
1179 1671 1293 1711 prae
1328 1659 1507 1711 pudore
1543 1670 1783 1710 nunquam

134 1744 251 1773 ausa
275 1740 344 1773 est
365 1733 585 1784 detegere
608 1732 932 1783 confessariis3
959 1732 1015 1772 de
1035 1732 1244 1784 periculo
1266 1737 1422 1771 autem
1450 1742 1563 1770 suae
1593 1729 1781 1770 damna-

137 1805 292 1844 tiones
329 1811 550 1844 aeternae
586 1816 669 1857 per
708 1816 794 1844 nos
830 1802 1226 1854 commonefacta,
1264 1802 1303 1842 si
1324 1808 1571 1854 peccatum
1594 1799 1783 1853 aliquod

136 1876 340 1916 scienter
363 1876 410 1916 in
432 1876 728 1916 confessione
751 1881 949 1924 taceret,
974 1875 1134 1915 statim
1155 1875 1301 1914 multo
1322 1873 1500 1925 pudore
1521 1873 1781 1913 lachrimis-

132 1959 224 1998 que
245 1946 434 1998 perfusa
458 1948 661 1987 celatum
682 1946 787 1986 aliis
809 1946 989 1987 crimen
1010 1957 1118 1986 cum
1136 1945 1351 1986 omnibus
1374 1950 1481 1984 ante
1504 1951 1638 1984 actae
1655 1944 1782 1984 vitae

134 2029 248 2058 suae
270 2018 479 2070 peccatis
502 2017 626 2069 apud
648 2030 735 2058 nos
757 2024 827 2058 est
850 2016 1084 2058 confessa.

215 2089 380 2129 Altera
397 2089 519 2129 idem
536 2089 714 2129 fecerat
732 2089 898 2129 mulier
913 2100 921 2140 ;
941 2088 1023 2129 sed
1041 2088 1216 2130 Christi
1231 2088 1388 2139 gratia
1405 2093 1655 2140 propterea
1674 2098 1781 2127 con-

136 2159 261 2201 fessa
284 2167 352 2200 est
375 2161 511 2200 nobis
532 2160 831 2212 generaliter.

214 2231 400 2272 Tertius
421 2232 506 2272 fuit
527 2232 601 2272 vir
623 2231 825 2284 quidam:
850 2231 1022 2271 abhinc
1040 2231 1228 2271 circiter
1245 2230 1491 2271 duodecim
1508 2229 1643 2270 annis
1664 2241 1780 2281 prae

136 2303 316 2355 pudore
338 2285 625 2354 gravissima
647 2303 880 2354 quaedam
902 2303 1017 2343 vitia
1039 2302 1086 2342 in
1115 2302 1409 2342 confessione
1438 2312 1679 2352 nunquam
1707 2299 1780 2340 de-

136 2380 334 2425 texerat,
354 2380 546 2426 propter
567 2374 692 2426 quod
709 2386 816 2414 cum
835 2374 1001 2414 merito
1025 2379 1279 2424 angeretur
1301 2371 1401 2423 ejus
1423 2372 1622 2422 animus,
1642 2382 1780 2422 gene-

138 2447 285 2486 ralem
306 2452 351 2486 et
373 2447 471 2497 ipse
492 2445 602 2486 fecit
625 2445 990 2496 confessionem,
1015 2452 1080 2496 et,
1102 2456 1209 2485 cum
1225 2456 1319 2484 non
1337 2444 1537 2494 exiguae
1553 2443 1781 2495 pecuniae

137 2518 424 2558 restitutioni
455 2517 686 2557 obnoxius
715 2516 855 2567 foret,
881 2517 1006 2568 quod
1027 2523 1072 2556 et
1092 2515 1330 2568 praesenti
1351 2522 1395 2555 et
1424 2526 1517 2554 non
1544 2514 1783 2566 praesenti

135 2590 335 2642 pecunia
372 2589 517 2640 pluris
552 2600 701 2639 aequo
737 2599 918 2628 merces
958 2587 1236 2628 vendiderat
1272 2586 1615 2637 (mercaturam
1659 2585 1782 2626 enim

135 2661 402 2710 factitabat)
428 2661 585 2700 omnia
606 2660 841 2711 pollicitus
863 2665 932 2699 est
955 2671 1004 2699 se
1024 2659 1349 2699 restituturum
1370 2656 1507 2708 idque
1527 2657 1676 2697 brevi.

215 2731 416 2783 Quidam
438 2731 537 2779 alii,
561 2731 695 2771 nobis
723 2730 1014 2781 confitentes,
1038 2730 1154 2770 alias
1176 2740 1385 2770 summas
1406 2740 1501 2768 non
1521 2727 1783 2768 mediocres

135 2805 211 2843 vel
234 2804 541 2843 restituerunt
562 2803 638 2842 Vel
658 2802 906 2842 restituere
923 2801 1077 2853 parati
1094 2806 1202 2841 sunt
1218 2812 1226 2851 ς
1245 2806 1291 2840 et
1308 2811 1470 2840 eorum
1487 2811 1608 2839 unus
1625 2810 1783 2851 quam-

142 2875 250 2915 dam
272 2874 521 2915 ecclesiam
541 2873 638 2914 fere
660 2873 864 2914 dirutam
887 2885 945 2913 ex
974 2872 1226 2913 devotione
1257 2878 1325 2912 est
1356 2871 1704 2911 instauraturus
1734 2876 1783 2910 ut

197 3035 205 3053 ¹
246 3035 497 3070 Apographum
511 3035 544 3062 in
560 3035 639 3062 folio
656 3034 804 3069 duplicii,
820 3042 850 3061 n.
865 3034 911 3061 64.
