2080 3392
292 194 366 231 300
806 193 1032 229 LITTERAE
1059 203 1416 236 QUADRIMEsTRES

293 291 365 329 bis
386 296 630 339 tantopere
652 288 1013 338 commendavit,
1039 289 1315 328 charitatem
1333 295 1376 328 et
1397 290 1638 340 unitatem,
1659 291 1924 341 optantibus

295 360 492 410 singulis
513 359 691 410 seipsos
713 359 976 410 exinanire,
1007 359 1261 399 nitentibus
1291 360 1460 400 mereri
1487 360 1662 411 aliquid
1690 360 1811 401 ferre
1839 373 1924 413 pro

292 430 502 481 Christo,
540 430 881 481 inquirentibus
915 429 1112 481 denique
1147 430 1194 469 in
1230 430 1329 470 dies
1363 430 1536 481 media,
1572 431 1738 481 quibus
1766 430 1924 482 juvari

293 501 472 552 possint
494 501 553 540 ad
573 501 764 540 totalem
792 501 863 540 sui
890 501 937 540 in
965 512 1132 540 manus
1158 499 1349 541 Domini
1376 501 1756 551 resignationem.
1786 502 1923 542 Profi-

291 572 420 611 ciunt
447 571 687 611 scholares
714 571 762 611 in
781 571 927 611 literis
956 572 1174 611 continuo
1195 571 1520 622 praevidendi,
1545 571 1782 622 audiendi,
1812 574 1924 613 rele-

292 642 433 693 gendi
463 647 507 681 et
534 641 803 681 conferendi
833 641 1008 692 studio,
1039 642 1205 693 quibus
1239 641 1351 682 illud
1379 641 1560 682 accedit
1595 642 1721 694 quod
1751 643 1925 683 habent

290 713 463 764 singuli
498 713 694 763 singulis
713 713 1082 753 hebdomadibus
1103 725 1243 765 super
1263 713 1355 764 his,
1379 725 1498 765 quae
1527 713 1787 763 audierunt,
1818 726 1924 754 con-

290 784 546 832 clusiones,
585 784 870 835 audiuntque
905 796 1045 835 saepe
1081 785 1332 824 conciones
1367 785 1548 836 aliquas
1570 784 1627 824 ab
1648 785 1922 836 insignibus,

291 855 369 906 qui
389 855 465 895 hic
487 861 615 905 sunt,
638 855 1065 905 concionatoribus,
1085 855 1384 906 referuntque
1406 854 1647 895 audientes
1665 867 1745 895 eas
1762 862 1924 907 postea

291 926 419 976 aliis,
445 926 611 977 quibus
632 938 727 966 non
747 926 939 966 vacavit
967 926 1142 966 audire.
1177 925 1227 966 In
1259 926 1471 966 omnibus
1500 926 1558 966 sit
1588 926 1789 966 Domino
1813 927 1925 979 Jesu

289 996 476 1037 Christo
498 997 650 1048 gloria
672 997 719 1036 in
741 997 994 1037 saeculum.
1018 997 1184 1037 Amen.

371 1066 685 1108 Salmanticae
712 1066 760 1107 10
780 1068 954 1107 mensis
976 1068 1086 1119 Maji
1110 1068 1224 1109 1553.

371 1139 430 1179 V.
454 1138 753 1178 Paternitatis
775 1138 949 1179 inutilis
971 1151 1136 1179 servus
1158 1140 1204 1179 in
1226 1139 1412 1180 Christo
1433 1139 1557 1192 Jesu.

369 1208 421 1250 In
438 1210 647 1250 absentia
670 1209 716 1249 P.
741 1208 798 1250 D.
823 1210 1015 1261 Torres,
1039 1209 1306 1262 R[ectoris]‚

1309 1353 1379 1405 Jo.
1414 1351 1666 1392 GONZALEZ
1692 1351 1716 1388 ¹.

373 1635 726 1686 Superscriptz'o
749 1635 798 1674 in
820 1639 992 1687 quarta
1008 1636 1221 1687 pagina:
1242 1616 1352 1676 IHS.
1377 1635 1644 1676 Admodum
1665 1635 1923 1675 reverendo

292 1706 340 1745 in
367 1706 544 1747 christo
571 1706 692 1756 patri
721 1707 949 1757 magistro
977 1706 1159 1758 Ignatio
1188 1706 1244 1747 de
1273 1706 1459 1758 Loiola‚
1489 1707 1756 1758 praeposito
1784 1717 1920 1757 gene-

290 1776 378 1816 rali
401 1775 649 1817 Societatis
671 1777 764 1817 ihu.

370 1847 563 1887 Romae.

370 1918 482 1958 Alsa
504 1930 647 1958 mann
662 1930 676 1958 .·
702 1919 822 1969 1553,
846 1918 1148 1970 SaIamanca,
1176 1919 1222 1959 12
1244 1919 1349 1969 (sic)
1372 1919 1427 1959 de
1445 1931 1599 1971 mayo.

382 1989 644 2039 Vestigium
666 2000 797 2029 cerae
817 1994 859 2029 es
881 1989 1051 2040 sigilli.

347 2172 356 2191 ¹
396 2171 518 2198 Eritne
532 2172 586 2199 hic
602 2172 658 2199 ille
674 2171 904 2199 Gundisalvus
920 2172 1102 2205 Gonzalez,
1117 2180 1215 2206 quem
1229 2194 1235 2204 ,
1253 2173 1329 2200 licet
1355 2173 1500 2200 nondum
1525 2173 1754 2207 sacerdotem,
1780 2172 1920 2206 Collegii

290 2219 494 2247 Salmantini
516 2219 578 2246 hoe
603 2224 754 2255 tempore
776 2219 1056 2247 viee-Rectorem
1080 2221 1181 2247 fuisse
1207 2220 1254 2247 ait
1277 2220 1311 2247 P.
1335 2220 1530 2252 VAme-m.
1554 2220 1716 2247 Historia
1738 2228 1798 2247 ms.
1823 2220 1865 2247 de
1886 2220 1920 2246 la

291 2267 480 2293 Provincia
497 2267 539 2293 de
555 2266 729 2294 Castz‘lla?
744 2266 851 2293 Error
866 2266 999 2300 quidem
1014 2266 1125 2293 facilis
1149 2270 1200 2293 est
1222 2267 1254 2293 in
1278 2267 1330 2293 his
1354 2267 1528 2293 veteribus
1553 2266 1793 2301 manuscriptis
1818 2267 1920 2293 inter—

290 2313 482 2348 pretandis:
500 2318 533 2341 et
551 2314 638 2341 forte
657 2313 822 2340 Valdivia
836 2313 920 2348 legit
944 2313 1000 2341 Go.
1016 2313 1283 2346 (Gundisalvus)
1308 2314 1487 2347 GonzaIez,
1513 2313 1568 2341 ubi
1591 2321 1651 2341 nos
1672 2313 1725 2348 Jo.
1750 2312 1922 2346 (Joannes)

290 2361 470 2388 Gonzalez.
487 2361 574 2389 Vide
589 2361 749 2394 PoLAxxcr,
767 2360 899 2393 Chron„
916 2364 941 2388 t.
959 2368 1006 2394 111,
1022 2368 1100 2395 pag.
1114 2361 1176 2388 302.
