2080 3392
298 211 368 249 650
812 209 1040 245 LITTERAE
1067 218 1424 250 QUADRmEsrREs

296 318 398 346 rum
419 305 757 345 institutionem
779 315 834 344 ac
856 304 1003 344 divini
1024 304 1196 344 amoris
1219 304 1448 344 ardorem.
1474 303 1693 354 Sequenti
1722 316 1834 345 vero
1859 306 1933 346 die

295 377 459 417 Dnico.
483 375 689 415 breviter
709 375 838 426 prius
859 374 914 414 de
943 374 1014 414 his
1043 375 1162 414 ratio
1185 375 1242 414 ab
1271 374 1447 414 eisdem
1474 374 1701 425 exigitur;
1736 374 1842 414 dein
1873 377 1932 417 ad

297 447 435 487 aliam
470 446 749 497 particulam
783 458 837 485 eo
873 445 1011 485 modo
1046 444 1371 496 exponendam
1406 445 1631 496 pergitur.
1675 445 1776 485 Hoc
1812 445 1933 486 idem

297 517 342 557 fit
363 517 410 557 in
429 517 493 557 ΞΡ
513 523 556 557 et
577 517 640 556 3?
661 517 826 556 classe.
856 514 1048 555 Summa
1078 515 1283 555 cernitur
1315 515 1361 555 in
1393 515 1633 566 discipulis
1666 516 1931 556 reverentia

296 599 409 638 erga
437 593 789 639 praeceptores,
819 598 1002 626 necnon
1031 597 1145 637 erga
1168 586 1285 625 alios
1313 586 1594 626 domesticos
1623 597 1799 626 omnes.
1831 586 1933 626 Hoc

294 659 411 699 festo
448 659 673 709 paschae,
714 664 965 709 antequam
999 658 1045 697 in
1076 656 1278 708 patriam
1304 656 1725 707 proficiscerentur,
1759 657 1818 696 ad
1849 668 1934 696 nos

296 736 594 769 accesserunt
624 729 833 768 nonnulli
860 734 909 768 ut
935 733 1130 779 peccata
1158 739 1242 767 sua
1264 726 1534 775 faterentur,
1560 727 1932 767 sciscitarentur-

296 812 384 852 que
416 811 506 851 quo
534 806 672 851 pacto
701 800 747 839 in
774 799 928 850 patria
955 810 1004 838 se
1032 803 1251 849 gererent
1276 798 1404 837 hisce
1436 797 1490 837 iis
1521 797 1698 837 diebus.
1734 797 1935 848 Quidam

296 872 374 911 alii
400 871 761 922 Praeceptor-em
791 881 1077 919 convenere,
1110 869 1231 908 illius
1253 869 1531 908 sententiam
1558 869 1849 919 postulantes
1879 869 1935 909 de

297 954 380 982 sua
403 943 449 982 in
469 943 672 994 patriam
694 941 1004 993 profectione,
1029 941 1127 980 eius
1148 952 1196 979 se
1220 940 1391 979 iudicio
1414 939 1758 991 permittentes,
1781 939 1935 991 parati

296 1025 389 1053 non
423 1013 510 1061 ire,
550 1013 588 1052 si
627 1013 689 1053 ita
718 1013 882 1052 melius
910 1012 997 1063 ipsi
1026 1011 1279 1050 videretur.
1312 1010 1458 1050 Porro
1489 1021 1649 1050 eorum
1676 1022 1769 1050 non
1798 1011 1936 1062 pauci

296 1090 650 1124 sacrosanctam
690 1083 852 1122 coiem.
895 1082 1192 1133 frequentare
1232 1081 1458 1132 incipiunt
1504 1080 1550 1120 in
1588 1092 1690 1120 nro.
1741 1082 1933 1131 saccllo,

297 1166 492 1206 eamque
524 1154 750 1194 hodierno
779 1154 850 1194 die
877 1153 930 1193 30
950 1165 1009 1192 ex
1029 1153 1118 1192 illis
1141 1160 1220 1193 aut
1241 1165 1294 1193 eo
1317 1153 1420 1203 plus
1444 1158 1738 1203 receperunt.
1772 1150 1935 1203 Spera-

298 1237 423 1277 mus,
448 1225 552 1266 Deo
577 1225 737 1275 dante,
762 1226 958 1265 istorum
985 1236 1250 1274 numerum,
1284 1224 1501 1264 ardorem
1530 1223 1671 1263 animi
1699 1223 1937 1274 pietatem-

299 1309 386 1348 que
408 1297 455 1336 in
478 1297 576 1336 dies
597 1297 848 1336 adauctum
879 1296 948 1335 iri.
976 1295 1105 1335 Haec
1129 1295 1184 1335 de
1206 1295 1276 1343 iis,
1302 1295 1380 1346 qui
1408 1294 1761 1334 humanioribus
1791 1294 1938 1333 literis

298 1368 411 1408 dant
452 1379 658 1419 operam.
701 1366 981 1407 Sacerdotes
1018 1366 1159 1406 etiam
1199 1378 1256 1405 ex
1295 1366 1513 1415 lectione,
1554 1376 1695 1416 quam
1734 1365 1938 1416 quotidie

298 1438 493 1478 audiunt
515 1439 570 1478 de
593 1438 781 1478 casibus
809 1438 1042 1477 consciae.
1076 1438 1265 1476 uberem
1293 1436 1497 1476 fructum
1527 1442 1836 1486 perceperunt
1870 1435 1939 1475 his

297 1509 380 1549 4.οΥ
402 1509 653 1549 mensibus.
678 1508 753 1548 Ad
774 1508 890 1548 haec
912 1509 1106 1547 multum
1129 1507 1307 1546 confert
1328 1506 1492 1546 modus
1514 1506 1574 1555 15,
1599 1506 1676 1557 qui
1705 1506 1747 1545 in
1773 1506 1938 1546 docen-

299 1579 372 1620 dis
402 1580 516 1631 'ipsis
547 1580 791 1619 observari
818 1580 960 1628 solet3
994 1590 1102 1618 nam
1142 1585 1327 1629 praeter
1357 1578 1542 1627 horam,
1581 1588 1721 1628 quam
1751 1577 1940 1617 lectioni

303 1651 612 1691 constitutam
647 1650 840 1699 habent,
879 1650 1019 1689 aliam
1054 1656 1298 1700 praeterea
1334 1648 1625 1688 dimidiatam
1659 1647 1802 1687 horae
1838 1659 1939 1698 par-

297 1728 391 1761 tem
426 1721 784 1772 repetitionibus
819 1720 1112 1771 impendunt,
1150 1720 1364 1759 lectionis
1396 1719 1678 1770 praeteritae
1710 1719 1939 1758 rationem

297 1792 550 1842 reddendo,
576 1792 640 1831 ita
662 1798 710 1831 ut
734 1804 760 1831 a
781 1798 1085 1842 praeceptore
1107 1791 1333 1840 exigitur-3
1362 1791 1514 1830 nullus
1545 1789 1773 1841 siquidem
1807 1795 1935 1829 certo

296 1863 382 1903 scit
403 1863 587 1914 quando
609 1863 667 1902 sit
689 1863 989 1913 repetiturus,
1010 1861 1091 1901 sed
1113 1873 1273 1901 omnes
1294 1861 1500 1911 ambigui
1522 1861 1862 1911 relinquuntur,
1888 1866 1937 1900 ut

298 1945 391 1973 oes.
416 1933 569 1984 parati
590 1933 904 1973 inveniantur.
934 1932 1064 1972 Iubet
1094 1932 1188 1981 ille,
1225 1943 1362 1983 quem
1384 1933 1503 1980 vult,
1537 1936 1767 1982 repetere,
1800 1931 1935 1970 modo

298 2005 530 2055 integram
561 2004 828 2053 lectionem,
859 2003 997 2042 modo
1026 2009 1231 2054 partem3
1262 2008 1586 2042 verumtamen
1608 2001 1719 2041 illud
1749 2001 1939 2051 diligen-

298 2082 366 2115 ter
394 2086 589 2125 curans,
615 2081 662 2114 ut
684 2086 806 2114 nunc
828 2086 967 2121 unus,
1003 2085 1124 2113 nunc
1157 2073 1294 2123 alius,
1328 2079 1372 2112 et
1403 2070 1590 2113 tandem
1623 2084 1783 2112 omnes
1812 2083 1939 2123 repe-

302 2152 416 2185 tant.
458 2145 606 2185 Porro
645 2146 717 2185 die
746 2144 935 2185 Saturni
963 2152 1059 2184 toto
1088 2144 1184 2184 fere
1211 2143 1398 2183 definito
1427 2150 1635 2194 tempore
1670 2142 1783 2182 nihil
1816 2143 1942 2182 aliud

301 2216 349 2256 fit
385 2228 527 2268 quam
551 2216 689 2256 dubia
711 2215 930 2267 proferri,
955 2226 1073 2266 quae
1096 2215 1174 2254 alii
1195 2214 1298 2254 aliis
1318 2221 1582 2265 proponunt
1605 2213 1779 2264 ordine,
1805 2225 1940 2264 quae-

301 2299 503 2338 cumque
543 2288 590 2327 in
626 2287 901 2327 lectionibus
936 2287 1077 2326 totius
1115 2285 1436 2325 hebdomadae
1470 2285 1760 2333 dubitarunt,
1802 2291 1940 2335 atque

303 2359 380 2398 alii
408 2359 514 2398 aliis
544 2357 852 2409 respondent,
882 2357 1004 2408 quod
1026 2357 1134 2396 dum
1163 2356 1226 2395 illi
1247 2362 1555 2407 exequuntur,
1579 2367 1605 2394 a
1636 2361 1939 2406 praeceptore

302 2429 585 2479 diriguntur,
613 2429 810 2480 ipsomet
832 2427 1064 2467 interdum
1086 2427 1420 2478 respondente,
1451 2438 1556 2466 curn
1589 2437 1663 2466 res
1692 2426 1754 2466 ita
1782 2431 1937 2477 postu-

302 2500 382 2539 lat.
417 2499 499 2539 Est
528 2499 684 2550 itaque
713 2499 829 2538 haec
864 2499 982 2538 inter
1005 2509 1085 2537 eos
1116 2497 1496 2545 communicatio,
1527 2508 1638 2536 suus
1666 2502 1820 2536 certus
1845 2496 1937 2547 qui-

302 2569 408 2609 dam
426 2569 791 2621 disputationum
810 2569 989 2618 modus,
1007 2569 1053 2608 in
1071 2580 1160 2619 qua
1179 2568 1385 2607 maxima
1402 2579 1513 2618 pars
1532 2579 1706 2617 eorum,
1722 2578 1839 2618 quae
1856 2578 1939 2617 per

302 2633 644 2680 hebdomadam
676 2640 891 2691 exposita
919 2646 1047 2688 sunt,
1077 2639 1321 2690 repetitur;
1354 2649 1444 2689 quo
1473 2637 1523 2677 fit
1551 2644 1599 2677 ut
1627 2637 1781 2677 omnia
1812 2643 1938 2677 tena-

302 2711 402 2750 cius
424 2711 679 2751 memoriae
703 2710 1004 2750 adhaereant.

382 2781 575 2821 Fratres
598 2781 808 2832 theologi
829 2792 878 2820 se
901 2781 1149 2830 diligenter
1170 2780 1216 2819 in
1237 2780 1402 2820 studiis
1423 2785 1659 2829 exercent,
1684 2790 1793 2818 nam
1809 2789 1938 2829 prae-

261 2847 269 2852 '
302 2858 371 2891 ter
408 2864 463 2892 ea
497 2852 763 2902 theologica
793 2852 1055 2901 axiomata,
1088 2862 1207 2902 quae
1235 2851 1291 2891 de
1321 2862 1450 2889 more
1472 2849 1650 2889 Dnicis.
1683 2849 1843 2889 diebus
1863 2860 1938 2888 ve-

305 2922 430 2972 speri
452 2922 776 2972 defenduntur,
801 2922 1100 2962 nihilominus
1122 2922 1212 2960 alia
1237 2927 1284 2960 ut
1305 2920 1554 2971 plurimum
1583 2920 1629 2959 in
1657 2919 1808 2959 medio
1832 2919 1937 2958 heb-

307 2992 536 3032 domadae
575 2993 828 3043 agitantur.
860 2991 1162 3041 Sacerdotes,
1194 2992 1239 3031 in
1267 2991 1355 3031 hoc
1377 2990 1584 3041 Collegio
1613 2990 1682 3040 (ut
1709 2989 1827 3037 dixi)
1856 2989 1938 3027 4.0r
