2080 3392
353 215 424 254 258
864 213 1090 251 LITTERAE
1117 223 1475 256 QUADRIMESTRES

355 311 619 352 coniunctio
640 310 1052 361 reconciliatioque
1072 309 1205 349 bonis
1228 310 1442 349 omnibus
1461 316 1600 361 grata
1622 315 1713 360 est,
1739 311 1803 350 ita
1825 315 1869 350 et
1889 310 1989 350 illo-⁷

353 394 476 429 rum,
514 392 630 432 quos
664 381 812 432 turpis
847 391 978 420 amor
1006 386 1049 420 et
1077 380 1417 419 concubinatus
1451 380 1627 420 crimen
1658 381 1978 431 coniunxerat,

355 453 489 492 debet
519 463 621 491 esse
652 451 853 491 iucunda
884 451 1145 490 disiunctio.
1178 450 1327 490 Fuere
1357 450 1623 490 huiusmodi
1644 451 1884 502 permulti,
1907 452 1985 502 qui

355 524 412 563 ab
433 535 488 562 ea
508 522 698 563 vivendi
721 522 901 562 ratione
928 523 1113 573 penitus
1139 521 1453 571 discedentes,
1477 521 1647 572 partim
1669 521 1728 561 ad
1750 522 1984 562 connubia

354 593 611 642 redierunt,
636 605 662 632 a
683 593 849 643 quibus
871 603 920 632 se
942 592 1264 642 seiunxerant,
1289 592 1460 643 partim
1488 591 1543 631 iis
1573 604 1622 631 se
1643 592 1852 643 legitimo
1875 604 1981 632 con-

352 664 478 715 iugio
500 664 799 714 copularunt,
824 663 990 714 quibus
1012 669 1149 703 antea
1171 668 1336 702 contra
1357 662 1445 701 Dei
1471 663 1621 713 legem
1642 674 1889 714 perperam
1910 665 1985 703 usi

352 734 550 775 fuerant.
573 734 662 774 Hic
692 734 729 773 si
762 734 936 773 referre
964 733 1119 785 aliqua
1148 733 1418 783 singulatim
1444 733 1627 783 liceret,
1656 745 1751 772 non
1780 733 1879 773 sine
1908 734 1985 774 ad-

353 805 601 845 miratione
636 805 894 855 audiretur,
928 804 1069 844 fuisse
1105 804 1151 843 in
1186 803 1274 843 illis
1305 804 1548 853 11111110105,
1581 804 1763 854 quibus,
1800 810 1986 855 praeter

353 876 595 925 maritum,
620 881 819 926 quatuor
846 882 1000 915 essent
1031 874 1144 925 viri,
1176 874 1291 913 alias
1324 874 1491 925 quibus
1519 880 1720 925 septem,
1745 875 1867 926 iique
1889 881 1986 914 tum

353 946 514 996 soluti,
538 952 635 986 tum
656 946 879 986 uxoribus
901 945 1124 985 obstricti.
1150 944 1230 985 Sin
1251 950 1434 995 tempus
1456 951 1715 995 spectatur,
1735 950 1858 984 totos
1877 945 1983 985 duo-

352 1017 505 1057 decim
522 1029 669 1057 annos
687 1017 777 1056 1130
794 1016 932 1056 sorde
949 1016 1192 1055 immersos
1211 1015 1383 1054 vixisse
1406 1015 1634 1066 quosdam
1651 1015 1979 1067 comperimus.

351 1088 446 1128 Imo
469 1094 513 1128 et
534 1088 696 1128 mulier
719 1087 950 1139 quaedam
970 1099 1033 1126 xx
1055 1086 1188 1125 annis
1209 1085 1297 1125 hoc
1319 1085 1443 1125 171130
1465 1096 1613 1136 genus
1640 1092 1822 1137 egerat,
1847 1097 1981 1137 quae,

353 1159 439 1199 etsi
459 1159 561 1199 Viro
583 1165 725 1210 nupta
748 1164 889 1208 esset,
914 1157 1116 1209 plurium
1142 1162 1298 1196 tamen
1326 1156 1524 1196 aliorum
1551 1168 1653 1196 sese
1680 1156 1858 1196 libidini
1880 1157 1983 1196 sub-

351 1231 545 1280 iecerat,
570 1230 690 1269 inter
712 1240 828 1280 quos
852 1227 990 1279 (quod
1012 1227 1297 1267 horrendum
1317 1232 1386 1266 est
1408 1227 1582 1277 auditu>
1602 1227 1691 1266 duo
1709 1226 1807 1278 ejus
1823 1227 1984 1277 generi

350 1301 546 1341 fuerant.
570 1301 676 1352 Ipsa
697 1311 810 1340 vero
832 1299 973 1339 etiam
994 1297 1236 1338 diabolicis
1265 1298 1672 1349 superstitionibus
1703 1304 1803 1337 erat
1832 1298 1980 1349 impli-

350 1372 457 1412 cita.
493 1372 598 1411 Fuit
628 1382 809 1423 quoque
841 1370 919 1421 qui
948 1380 1144 1409 uxorem
1172 1368 1353 1419 fratris,
1384 1380 1554 1408 novem
1585 1369 1720 1408 annis
1757 1369 1978 1418 habitam,

350 1442 588 1482 dimiserit.

428 1514 498 1553 Ex
525 1513 597 1552 his
625 1518 781 1552 autem
807 1524 900 1552 non
928 1518 997 1552 est
1025 1511 1207 1552 difficile
1238 1511 1350 1550 illud
1385 1511 1606 1561 colligere
1639 1511 1697 1550 ad
1727 1522 1811 1550 nos
1843 1510 1977 1550 confi-

348 1585 473 1624 tendi
492 1584 648 1635 gratia
670 1584 857 1623 venisse
884 1595 978 1623 non
1003 1594 1181 1634 paucos
1208 1582 1365 1622 multis
1387 1587 1494 1621 ante
1523 1582 1658 1621 annis
1684 1593 1777 1621 11011
1805 1581 1981 1622 confes-

348 1667 444 1706 sos3
468 1655 546 1694 alii
567 1655 690 1694 enirn
711 1655 804 1694 13111
824 1660 1028 1702 sextum,
1053 1653 1131 1693 3111
1149 1653 1400 1701 decimum,
1425 1652 1633 1691 nonnulli
1655 1651 1981 1692 duodecimum

347 1738 520 1766 3111111111
543 1726 599 1765 31)
622 1726 757 1765 11111115
780 1725 1062 1765 sacramenti
1092 1725 1253 1764 ultima
1284 1724 1583 1774 perceptione
1611 1724 1835 1774 agebant:
1861 1735 1979 1763 unus

348 1809 461 1838 vero
498 1797 637 1836 etiam
673 1797 736 1847 (ut
772 1797 869 1847 ipse
905 1796 1072 1845 aiebat)
1110 1795 1402 1846 trigesimum
1434 1802 1512 1834 aut
1547 1794 1975 1845 quadragesimum.

345 1867 440 1908 Nec
462 1868 585 1908 dictu
608 1867 743 1907 facile
765 1868 823 1907 sit
844 1879 983 1918 quam
1005 1867 1136 1906 multi
1158 1878 1181 1905 e
1202 1865 1418 1916 pessimis
1436 1865 1641 1905 moribus
1660 1865 1718 1905 ad
1739 1866 1981 1906 meliorem

346 1940 491 1979 vitam
514 1939 730 1978 conversi
758 1944 885 1987 sunt,
916 1943 960 1977 et
987 1937 1032 1976 in
1062 1937 1132 1976 his
1159 1948 1252 1976 non
1280 1936 1417 1987 pauci
1445 1936 1644 1986 nobiles,
1678 1936 1982 1988 integraeque

344 2009 547 2049 familiae
577 2009 836 2049 restitutae.
868 2008 1008 2058 Nam,
1047 2008 1160 2047 victi
1194 2007 1402 2058 plerique
1440 1995 1646 2046 uxorum*
1674 2007 1898 2058 patientia
1936 2015 1981 2048 et

347 2080 612 2120 obedientia
634 2079 738 2129 viri,
762 2080 837 2119 1701
859 2079 1013 2128 inviti,
1034 2079 1218 2118 illarum
1235 2083 1491 2129 sequuntur
1510 2077 1784 2118 institutum.
1803 2078 1887 2118 Est
1904 2090 1980 2118 au-

344 2158 439 2191 10111
461 2150 769 2202 quarumdam
792 2156 922 2189 tanta
944 2149 1180 2188 humilitas
1203 2154 1251 2187 ut
1273 2160 1299 2187 a
1321 2147 1435 2187 viris
1456 2148 1598 2187 multa
1622 2148 1777 2199 inique
1798 2160 1985 2201 perpes·

348 2234 451 2272 sae,
488 2228 665 2271 tamen,
704 2221 838 2272 quasi
872 2220 974 2259 illos
1016 2219 1312 2268 offenderint,
1360 2219 1547 2258 veniam
1580 2224 1760 2268 rogent.
1804 2219 1904 2269 Quo
1934 2220 1982 2259 fit

348 2299 396 2332 ut
425 2293 653 2344 ipsorum,
682 2290 982 2342 quantumvis
1016 2289 1140 2329 feros
1181 2296 1225 2328 01
1252 2300 1366 2339 erga
1396 2300 1444 2328 se
1475 2289 1603 2340 prius
1636 2290 1850 2337 immites,
1887 2291 1982 2330 3111-

348 2374 450 2403 11105
487 2363 746 2412 emolliant,
785 2367 829 2401 et
864 2360 923 2400 ad
966 2360 1037 2399 sui
1067 2360 1373 2399 imitationem
1402 2359 1597 2409 sensim,
1632 2371 1980 2412 nonnumquam

346 2434 489 2474 etiam
517 2439 728 2484 repente,
771 2438 820 2471 ut
861 2436 1013 2471 mente
1044 2442 1238 2482 prorsus
1272 2429 1491 2470 confusos
1521 2436 1565 2470 et
1602 2437 1883 2481 commotos,
1915 2437 1978 2471 at-

347 2505 552 2545 trahant.

430 2575 558 2615 Haec
576 2574 761 2626 quidem
783 2573 968 2613 divinae
989 2572 1188 2623 primum
1210 2573 1406 2622 gratiae,
1427 2572 1591 2612 deinde
1612 2572 1982 2612 confessionibus

347 2652 391 2686 et
412 2644 714 2685 concionibus
735 2655 871 2684 nemo
895 2643 1070 2683 dubitet
1091 2654 1193 2682 esse
1214 2642 1479 2693 tribuenda;
1502 2643 1583 2682 sed
1606 2648 1675 2682 est
1697 2643 1836 2682 etiam
1858 2641 1978 2694 quod

345 2728 438 2756 non
469 2715 765 2755 mediocriter
788 2715 1001 2754 adiuvat:
1033 2714 1342 2764 quorumdam
1363 2714 1546 2764 piorum
1568 2713 1809 2753 hominum
1830 2713 1979 2753 chari-

347 2794 420 2826 tas
450 2792 493 2826 et
523 2785 787 2836 diligentia,
825 2784 901 2836 qui
935 2784 1067 2823 nobis
1102 2784 1194 2823 iam
1223 2784 1395 2823 dudum
1430 2784 1607 2834 cogniti
1636 2789 1680 2823 et
1706 2784 1973 2834 familiares,

347 2863 485 2908 atque
507 2857 553 2896 in
575 2856 892 2908 spiritualibus
914 2854 1148 2894 exercitiis
1170 2855 1309 2905 paulo
1331 2855 1528 2894 caeteris
1552 2855 1891 2906 provectiores,
1913 2854 1974 2894 di-

347 2927 567 2977 ligentem
598 2928 644 2966 in
671 2927 759 2966 hoc
794 2936 985 2976 operam
1011 2924 1302 2975 impendunt,
1335 2931 1382 2964 ut
1409 2926 1775 2977 quamplurimos
1804 2926 1863 2966 ad
1890 2925 1980 2965 Dei

351 2998 665 3048 cognitionem
699 3003 744 3036 et
778 2996 904 3035 vitae
941 2996 1335 3044 emendationem,
1365 2997 1705 3048 praecipueque
1733 2997 1790 3037 ad
1821 3008 1977 3037 sacra·
