2080 3392
837 175 920 213 ΑΝ.
952 175 1044 213 1553
1693 174 1764 212 387

124 275 343 327 scipulos,
367 286 452 315 nec
473 275 605 315 multi
635 275 793 327 plures
814 274 1041 314 hactenus
1062 272 1208 314 ferme
1230 273 1580 324 connumerati,
1605 285 1762 324 quam-

124 358 266 399 quam
286 347 428 397 vulgo
452 346 666 386 audimus
687 346 826 386 etiam
850 345 1074 385 celebreis
1099 345 1225 385 viros
1246 345 1320 385 vel
1346 344 1578 384 tantillum
1606 356 1763 385 nume-

125 429 242 463 rum,
266 417 583 466 vehementer,
615 422 713 456 tum
742 417 790 456 in
816 417 906 456 hac
935 416 1068 465 urbe,
1097 422 1198 455 tum
1218 416 1265 455 in
1285 415 1373 455 hoc
1407 416 1535 456 urbis
1557 428 1760 464 secessu,

124 488 423 529 demirantes.
444 487 598 528 Causa
614 487 734 528 forte
750 487 1015 539 paucitatis,
1035 498 1184 538 neque
1197 485 1471 537 jamdudum
1487 487 1538 527 T.
1559 486 1607 527 P.
1632 488 1763 539 igno-

123 566 195 610 ta,
240 559 357 599 haec
392 564 486 599 est:
523 559 696 609 partim
735 564 941 598 remotus
975 558 1079 609 plus
1113 558 1228 597 satis
1263 564 1402 609 atque
1438 559 1764 598 incommodus

125 630 312 671 omnino
333 631 484 679 locus,
510 630 680 681 quippe
702 629 748 669 in
770 629 898 668 urbis
920 629 1144 679 angulum
1166 629 1414 679 quemdam
1435 630 1557 669 ultra
1588 629 1767 670 Adriae

123 703 219 742 lata
250 707 388 752 atque
414 701 596 741 undosa
629 701 860 752 quaedam
889 699 1083 739 brachia
1113 706 1347 750 retrusus,
1381 701 1554 750 partim
1581 713 1766 752 quoque

124 785 229 813 eam
250 784 352 813 esse
373 784 565 812 causam
588 772 872 812 arbitramur
894 771 1019 822 quod
1041 771 1179 819 haee,
1203 783 1316 822 prae
1345 773 1558 812 omnibus
1586 785 1677 812 una
1706 773 1765 812 ci-

125 845 324 884 vitatum
346 844 563 894 Europae
585 843 911 893 celeberrima,
936 843 1139 882 maxime
1161 843 1221 882 sit
1248 843 1582 883 contrahendis
1604 844 1768 883 merci-

126 917 213 956 bus
236 914 245 934 ¹
270 916 467 964 intenta,
492 914 616 966 quod
634 913 729 965 jam
752 914 797 953 in
819 914 976 953 multis
998 913 1184 965 quidem
1204 913 1366 954 videre
1387 914 1471 954 fuit
1492 926 1642 966 neque
1671 916 1766 954 vul-

126 987 256 1038 garis
275 986 491 1026 fortunae
513 998 600 1026 nec
621 985 808 1036 generis
830 985 1116 1034 hominibus,
1143 985 1243 1037 qui,
1267 985 1350 1025 vix
1380 986 1662 1035 primoribus
1692 986 1770 1026 ad-

128 1059 218 1098 huc
248 1058 391 1098 labris
419 1057 563 1097 latina
592 1057 752 1108 lingua
787 1056 1062 1107 degustata,
1093 1056 1210 1096 filios
1240 1056 1348 1096 hinc
1375 1057 1435 1097 ad
1463 1050 1684 1097 externas
1715 1070 1770 1098 ac

127 1129 403 1181 peregrinas
425 1129 642 1179 regiones
664 1128 847 1177 missos,
867 1128 942 1167 hic
966 1128 1024 1168 ad
1045 1128 1252 1168 urbanas
1274 1139 1329 1168 ac
1351 1128 1531 1168 civileis
1554 1130 1767 1178 merceis,

129 1215 155 1242 a
177 1202 439 1241 litterarum
460 1199 626 1240 studiis
647 1207 895 1249 avocatos,
920 1199 1222 1250 addixerunt;
1253 1212 1403 1251 neque
1433 1200 1479 1240 id
1507 1207 1685 1251 tamen,
1720 1208 1770 1240 ut

129 1284 394 1325 speramus,
427 1272 526 1312 sine
557 1271 784 1312 mediocri
812 1272 952 1312 etiam
984 1272 1282 1312 breviusculo
1310 1278 1520 1324 tempore
1547 1280 1770 1324 percepto

83 1397 85 1399 ,
130 1352 268 1396 atque
291 1343 500 1384 imbibito
523 1343 678 1384 fructu
698 1343 959 1395 probitatis.
982 1343 1019 1384 li
1039 1356 1174 1393 vero,
1200 1355 1317 1395 quos
1338 1344 1491 1384 adhuc
1521 1344 1568 1384 in
1598 1345 1772 1384 nostris

131 1416 305 1456 scholis
334 1415 585 1467 persistere
612 1415 830 1465 contigit,
863 1415 1198 1466 incredibileis‚
1229 1427 1333 1456 cum
1362 1416 1645 1465 litterarum,
1674 1423 1773 1455 tum

132 1499 327 1537 morum,
351 1487 530 1526 fructus
550 1487 765 1526 retulisse
786 1486 938 1526 videri
959 1493 1170 1537 possunt.
1196 1486 1313 1527 Cum
1336 1487 1459 1527 enim
1481 1488 1620 1527 rudes
1647 1488 1770 1538 peni-

130 1566 206 1599 tus
227 1565 365 1610 atque
386 1558 541 1609 ignari
562 1557 621 1598 ad
641 1569 728 1597 nos
748 1558 879 1598 initio
896 1558 1129 1598 ventitare
1146 1559 1401 1610 coeperint,
1422 1570 1476 1598 eo
1500 1565 1626 1598 certe
1647 1546 1782 1599 nunc*

130 1630 321 1670 tandem
342 1629 661 1681 profecerunt,
685 1630 809 1670 bona
829 1642 940 1682 pars
968 1641 1216 1681 supremae
1244 1631 1409 1670 classis
1437 1631 1572 1682 (quae
1603 1631 1774 1682 viginti

130 1707 328 1753 quatuor
350 1701 447 1741 fere
469 1702 717 1741 continuos
737 1701 878 1741 habet
899 1701 1191 1753 discipulos),
1216 1708 1265 1742 ut
1287 1708 1394 1753 apte
1416 1703 1531 1742 satis
1559 1710 1602 1743 et
1630 1703 1774 1743 latine

128 1773 254 1825 loqui
285 1779 328 1813 et
364 1773 589 1822 scribere,
627 1773 769 1813 etiam
796 1773 1185 1823 declamationes,
1217 1785 1333 1825 quas
1362 1780 1406 1814 et
1437 1774 1565 1826 ipsas
1593 1775 1775 1825 pridem

128 1845 470 1896 incoeptarunt,
497 1845 714 1895 audeant;
738 1857 854 1896 quos
874 1857 961 1885 nec
983 1851 1199 1886 caeterae
1221 1847 1397 1886 classes
1421 1847 1629 1897 segniter
1656 1847 1774 1887 inse-

132 1922 350 1968 quuntur.

209 1987 392 2027 Morum
422 1986 608 2039 quidem
644 1993 775 2027 tanta
803 1994 873 2028 est
903 1988 1166 2028 immutatio
1201 1988 1429 2039 omnium,
1463 1995 1512 2029 ut
1540 1990 1776 2029 neminem

130 2058 295 2098 merito
316 2070 406 2098 non
431 2069 719 2110 magnopere
741 2059 976 2099 oblectare
998 2059 1198 2099 debeant
1219 2060 1492 2100 intuentem.
1524 2060 1659 2111 Quod
1687 2072 1775 2100 nec

131 2130 282 2181 ipsum
313 2136 382 2170 est
404 2129 669 2170 obscurum.
695 2129 979 2170 Creberrimi
1009 2143 1211 2183 namque
1239 2132 1304 2182 (ut
1331 2133 1407 2172 vel
1438 2132 1485 2172 in
1511 2133 1792 2172 remotiori<

129 2201 214 2241 bus
235 2201 331 2241 suis
350 2201 563 2252 partibus
584 2212 640 2241 ac
661 2201 896 2241 suburbiis
916 2208 985 2242 est
1012 2201 1233 2254 frequens
1259 2202 1377 2243 haec
1405 2203 1589 2242 civitas>
1614 2204 1689 2254 qui
1713 2204 1774 2244 ad

130 2272 381 2323 gymnasia
400 2278 562 2312 nostra
582 2278 968 2324 pertranseuntes
988 2273 1260 2325 deflectunt,
1284 2273 1507 2325 cujusque
1529 2275 1706 2324 gradus
1728 2282 1774 2314 et

132 2343 346 2383 fortunae
368 2343 596 2394 homines,
615 2344 755 2384 etiam
771 2355 993 2395 proceres
1012 2345 1246 2385 interdum
1264 2352 1308 2385 et
1329 2346 1497 2385 summi
1520 2346 1624 2395 viri,
1646 2346 1778 2386 miris

132 2414 347 2454 laudibus
369 2413 695 2455 admirabundi
715 2415 763 2455 in
785 2416 967 2455 coelum
988 2415 1184 2456 efferunt
1212 2416 1451 2456 docendae
1474 2423 1612 2467 atque
1634 2416 1773 2456 infor·

133 2486 331 2526 mandae
361 2484 620 2536 juventutis
653 2493 750 2526 tam
778 2486 888 2526 utile
918 2492 1106 2538 tamque
1137 2487 1430 2531 salutiferum
1467 2487 1522 2527 R.
1560 2487 1608 2527 Ρ.
1646 2487 1776 2527 Tuae

131 2557 407 2604 institutum,
427 2557 472 2597 id
488 2557 626 2608 plane
647 2569 674 2596 a
695 2556 797 2597 Deo
820 2569 922 2597 esse
944 2557 1244 2609 affirmantes;
1263 2570 1349 2598 nec
1371 2571 1463 2599 non
1485 2559 1681 2599 subinde
1705 2570 1775 2599 re-

132 2628 284 2668 visere
305 2628 445 2668 iidem
466 2626 673 2679 gaudent
696 2634 835 2679 atque
858 2628 1166 2669 oblectantur.

212 2699 341 2739 Haec
360 2706 517 2738 autem
535 2699 705 2749 omnia,
722 2711 862 2750 quam
886 2699 942 2739 de
963 2700 1098 2740 nobis
1121 2701 1515 2740 existimationem
1540 2702 1777 2742 concitent

135 2781 275 2821 quam
310 2770 586 2809 brevissime
617 2769 784 2809 dicam.
822 2770 893 2809 Ex
927 2771 1016 2810 hoc
1051 2771 1334 2812 scholastico
1365 2772 1549 2823 quidem
1584 2784 1777 2813 munere

133 2848 271 2892 atque
304 2853 362 2880 ex
399 2841 662 2880 animarum
690 2841 788 2892 pia,
819 2853 964 2892 eaque
993 2843 1201 2893 gratuita
1230 2842 1304 2893 (ex
1333 2855 1462 2883 more
1495 2843 1774 2895 Societatis),

190 2998 199 3018 ¹
237 3006 297 3033 pro
313 2999 565 3027 contrahendis
582 3001 758 3027 mercibus
773 3000 909 3034 scripsit
925 3000 1093 3028 Polaticus
1110 3004 1346 3030 mercaturae.
