2080 3392
823 194 907 231 Ax.
937 194 1030 231 1553
1681 194 1751 232 ‘235

105 292 244 333 debet
278 290 491 332 Societas
525 291 582 331 ob
618 291 875 333 maximam
905 291 1158 344 quamdam
1192 291 1494 340 charitatem,
1531 302 1623 342 qua
1654 291 1749 331 iam

106 364 213 404 inde
234 363 292 403 ab
314 362 445 402 initio
468 374 571 402 eam
592 368 958 414 prosequuntur,
983 362 1202 414 quicquid
1222 368 1323 403 erat
1346 362 1501 403 diurni
1521 362 1747 413 temporis

105 446 269 476 eorum
298 434 490 474 utilitati
518 434 770 485 tribuebat,
801 440 988 474 noctem
1021 446 1195 486 magna
1223 446 1281 474 ex
1308 443 1442 486 parte
1469 433 1750 474 meditandis

109 512 246 557 atque
266 504 563 545 instituendis
584 505 890 546 concionibus
914 491 1201 557 impendens,
1227 505 1286 545 ad
1308 517 1424 557 quas
1446 516 1630 557 semper
1651 516 1748 545 ma-

107 588 228 629 gnus
249 583 319 616 est
339 576 492 616 factus
513 585 789 625 concursus;
815 575 1126 617 confessionis
1155 577 1296 617 etiam
1329 584 1372 617 et
1400 575 1749 617 Sacrosanctae

106 647 430 689 Eucharistiae
469 646 775 688 Sacramenta
810 654 941 688 tanto
975 647 1163 687 fervore
1200 654 1306 688 sunt
1345 648 1662 699 frequentata,
1700 655 1750 687 ut

107 719 289 759 Pascha
311 717 545 759 Dominici
567 718 746 759 Natalis
767 730 861 759 non
881 718 1021 759 fuerit
1042 719 1254 759 absimile
1275 718 1390 769 diei,
1421 731 1511 770 quo
1540 719 1750 759 eiusdem

108 790 297 831 Domini
318 790 617 831 Resurrectio
641 791 920 831 celebratur.
953 790 1218 842 Aliquoties
1250 790 1373 830 enim
1403 789 1483 831 300
1509 791 1648 830 simul
1677 802 1749 830 ac-

102 862 303 903 cessisse
324 862 486 912 audio‚
510 868 697 914 praeter
718 874 821 912 eos,
845 862 923 913 qui
943 861 1238 902 hebdomada
1255 862 1358 913 ipsa
1374 873 1424 902 se
1442 862 1501 902 ad
1521 862 1611 901 hoc
1636 860 1748 902 San-

108 934 365 974 ctissimum
387 932 746 974 Sacramentum
767 933 1044 974 sumendum
1066 933 1382 974 conferebant.
1413 933 1577 973 Plures
1610 933 1751 973 etiam

107 1017 248 1057 quam
277 1005 368 1045 XX
403 1018 453 1045 se
480 1006 527 1045 in
553 1005 702 1045 solitis
730 1005 1134 1056 meditationibus,
1167 1005 1376 1045 eiusdem
1405 1004 1560 1045 Patris
1590 1015 1747 1056 opera,

108 1082 433 1117 exercuerunt.
454 1076 662 1128 Quorum
684 1076 888 1116 omnium
911 1076 1246 1126 confessiones,
1267 1087 1384 1128 quas
1404 1076 1651 1127 generales
1673 1088 1750 1115 vo—

109 1153 232 1198 cant,
257 1154 364 1188 sunt
386 1148 444 1188 ab
466 1160 520 1188 eo
542 1148 744 1188 auditae.

188 1218 355 1259 Postea
378 1219 508 1259 venit
530 1219 867 1270 Conimbriam‚
893 1220 971 1259 ubi
992 1219 1142 1259 maius
1170 1219 1217 1259 in
1244 1218 1343 1259 dies
1371 1219 1583 1270 singulos
1615 1218 1750 1258 senti-

111 1298 185 1330 tur
207 1297 511 1341 augmentum
532 1302 690 1331 rerum
711 1291 1041 1342 spiritualium.
1074 1291 1194 1331 Nam
1222 1290 1386 1330 eodem
1413 1290 1460 1330 in
1489 1290 1752 1331 Misericor-

109 1361 211 1401 diae
234 1362 312 1410 (ita
334 1362 457 1401 enim
481 1362 692 1412 vocatur)
716 1363 904 1413 templo,
927 1362 1158 1414 superiori
1180 1361 1544 1414 quadragesima
1566 1361 1751 1402 concio—

108 1440 270 1484 nante,
296 1434 419 1484 quod
440 1434 487 1473 in
507 1434 635 1474 urbis
656 1434 875 1474 umbilico
898 1434 1039 1474 situm
1060 1442 1150 1483 est,
1176 1434 1314 1486 idque
1341 1434 1530 1485 vesperi
1559 1433 1752 1473 domini-

107 1505 173 1545 cis
194 1505 376 1550 diebus,
400 1511 444 1545 et
466 1506 512 1544 in
534 1505 718 1556 publico
739 1506 990 1557 gymnasio
1011 1505 1207 1557 aliisque
1229 1505 1344 1545 locis
1372 1505 1419 1545 in
1450 1505 1552 1556 ipsa
1581 1504 1750 1545 hebdo-

107 1575 258 1626 mada,
278 1587 424 1627 usque
446 1576 563 1616 adeo
584 1588 807 1617 numerus
830 1588 1006 1627 eorum,
1027 1577 1104 1628 qui
1127 1577 1185 1617 ad
1206 1576 1516 1617 Sacramenta
1537 1576 1749 1627 veniunt,

109 1654 273 1688 auctus
294 1654 377 1695 est,
402 1655 451 1687 ut
472 1649 631 1699 plures
652 1660 792 1699 quam
814 1655 1001 1688 centum
1024 1655 1067 1688 et
1090 1648 1258 1699 viginti
1279 1649 1379 1688 eius
1397 1649 1463 1688 rei
1486 1660 1630 1688 causa
1660 1647 1750 1687 sin-

106 1719 227 1770 gulis
248 1719 557 1760 hebdomadis
580 1719 639 1760 ad
660 1731 746 1760 nos
769 1720 1003 1760 confluere
1026 1721 1389 1771 comperiantur.
1415 1720 1564 1772 Quem
1594 1732 1750 1761 nume-

110 1802 212 1831 rum
233 1791 428 1841 (tantum
450 1791 580 1831 abest
602 1798 651 1831 ut
673 1798 935 1832 metuamus
963 1804 1020 1831 ne
1048 1792 1367 1842 imminuatur)
1399 1793 1552 1844 magis
1582 1792 1751 1843 magis-

110 1873 198 1913 que
226 1868 414 1902 auctum
441 1863 499 1903 iri
533 1874 805 1914 speramus,
839 1863 928 1903 Dei
969 1863 1075 1915 Opt.
1114 1863 1240 1903 Max.
1273 1864 1449 1904 auxilio
1478 1844 1752 1904 freti.'Nam

111 1933 168 1973 D.
199 1933 488 1983 Goncalvius
516 1947 610 1974 non
640 1934 822 1975 desistit
850 1936 896 1975 in
923 1935 1157 1987 plerisque
1187 1936 1401 1975 omnibus
1433 1935 1750 1985 concionibus,

113 2004 377 2045 auditorum
404 2006 585 2046 animos
613 2007 811 2047 incitare
842 2014 981 2059 atque
1016 2007 1132 2047 adeo
1167 2007 1459 2047 inflammare
1495 2007 1555 2048 ad
1588 2006 1751 2048 Sacra-

110 2082 264 2117 menta
285 2077 375 2117 ista
396 2077 754 2129 frequentanda.
781 2078 933 2129 Quam
955 2079 1014 2119 ad
1034 2090 1135 2119 rem
1154 2079 1340 2119 videtur
1361 2078 1435 2119 Pr.
1466 2079 1564 2130 ipse
1595 2078 1750 2130 priva-

110 2147 191 2188 tim
221 2161 247 2188 a
283 2148 384 2189 Deo
421 2149 527 2201 Opt.
556 2149 682 2189 Max.
713 2150 809 2189 vim
838 2150 1161 2190 admirabilem
1187 2151 1234 2190 in
1264 2150 1568 2190 concionibus
1595 2161 1754 2190 conse-

113 2225 296 2270 quutus‚
320 2220 453 2261 Unde
474 2220 523 2261 fit
545 2226 594 2261 ut
622 2232 962 2272 saepenumero
993 2234 1086 2262 non
1120 2222 1302 2273 possint
1336 2222 1495 2262 Nostri
1530 2221 1751 2270 omnium,

109 2290 188 2341 qui
208 2290 298 2331 huc
321 2291 380 2331 ad
403 2291 718 2332 confitendum
740 2292 948 2342 veniunt,
969 2293 1090 2333 votis
1111 2293 1401 2333 satisfacere.
1423 2293 1520 2333 Nec
1542 2293 1619 2332 illa
1641 2305 1753 2332 sane

110 2359 483 2403 fructuosissima
504 2363 714 2403 eiusdem
735 2364 1008 2415 occupatio,
1032 2376 1174 2416 quam
1195 2364 1356 2405 habuit
1384 2364 1615 2416 superiori
1646 2376 1754 2415 qua·

112 2431 394 2484 dragesima,
418 2434 597 2474 silenda
620 2441 702 2474 est.
728 2435 938 2475 Alternis
961 2436 1085 2476 enim
1102 2436 1264 2476 diebus
1282 2437 1378 2476 ibat
1396 2436 1454 2476 ad
1476 2435 1567 2475 duo
1590 2448 1753 2476 coeno-

111 2502 186 2543 bia
208 2505 499 2555 monialium,
524 2517 725 2557 quorum
747 2507 946 2547 alterum
973 2507 1127 2547 Divae
1153 2507 1342 2558 Annae,
1374 2508 1572 2547 alterum
1602 2506 1755 2547 Divae

111 2573 277 2616 Clarae
311 2576 517 2617 dicatum
552 2584 642 2628 est,
679 2578 818 2629 idque
846 2579 1105 2619 maximum
1133 2586 1177 2619 et
1204 2579 1251 2618 in
1278 2578 1522 2619 Lusitania
1550 2579 1755 2619 maxime

113 2646 291 2687 celebre
318 2655 509 2700 propter
537 2650 883 2690 multitudinem
918 2650 1143 2690 nobilium
1171 2651 1425 2701 virginum,
1459 2661 1577 2702 quae
1613 2650 1661 2690 in
1696 2662 1752 2690 eo

111 2724 231 2758 sunt.
255 2718 356 2770 Quo
378 2720 539 2760 labore
561 2727 657 2761 tam
680 2721 869 2762 assiduo
890 2723 1086 2762 multum
1107 2721 1370 2773 profectum
1402 2731 1484 2761 est.
1516 2720 1637 2761 Nam
1660 2733 1752 2761 mo-

112 2787 258 2829 niales
277 2789 373 2831 fere
397 2803 557 2832 omnes
578 2804 627 2832 se
655 2792 702 2832 in
730 2793 1050 2844 spiritualibus
1079 2793 1316 2833 exercitiis
1347 2792 1594 2843 diligenter
1625 2804 1754 2833 exer-

111 2867 306 2901 cuerunt
335 2868 381 2902 et
407 2863 453 2902 in
481 2863 692 2903 oratione
723 2871 1051 2915 perseverant,
1086 2876 1192 2904 cum
1227 2874 1400 2915 magno
1436 2863 1501 2914 (ut
1534 2864 1754 2904 credibile

114 2931 197 2979 est)
220 2933 443 2982 profectu.
468 2933 512 2974 A
533 2945 622 2985 quo
645 2935 798 2975 studio
819 2947 877 2975 ne
898 2935 1142 2986 recedant,
1173 2935 1244 2975 bis
1276 2935 1323 2975 in
1350 2935 1647 2975 hebdomada
1678 2935 1755 2975 do-

113 3008 278 3043 centur
300 3015 326 3044 a
348 3004 552 3046 Domino
575 3005 854 3056 Goncalvio.
