2080 3392
297 171 369 210 512
809 168 1036 205 LITTERAE
1062 178 1418 211 QUADRIMESTRES

380 267 439 306 In
462 265 556 305 ima
577 276 662 304 ora
677 263 867 315 primae
881 263 1097 316 paginae
1130 264 1302 315 ignota
1337 275 1510 305 manus
1542 264 1721 305 calamo
1756 265 1926 307 ludens

300 338 412 377 lzaec
430 335 648 387 scripsit:
670 335 841 375 Comus
864 341 943 374 aut
964 340 1176 375 metetus.

379 406 611 447 Nandand
631 405 929 457 tantoprz’ma
950 417 1095 457 semp.
1119 405 1368 446 ottenendo
1391 409 1526 446 tanto
1549 407 1767 458 semplice

380 477 581 529 Naplum
601 477 664 516 tel

380 548 577 588 Multum
597 548 779 588 auferat
801 552 926 587 aium

339 616 357 638 ’
381 618 493 658 Alia
513 618 623 659 item
645 622 817 669 agnota
837 629 1010 658 manus
1030 618 1142 658 haec
1161 617 1357 669 scrz’pSzt
1376 617 1427 657 z'n
1448 618 1685 670 superz‘orz
1705 630 1929 671 margme

300 693 499 741 quartae
514 689 741 741 pagellae
761 689 1022 729 temerandi
1041 689 1172 729 locus
1194 694 1238 729 et
1259 694 1442 740 tempus
1823 701 1927 731 con-

301 759 515 800 cludendi
535 759 660 800 modi
681 760 856 811 primas
878 759 1180 811 conjungitur
1201 759 1368 799 modus
1388 759 1447 799 ad
1468 760 1572 800 aliis

381 832 445 871 Et
465 830 585 882 alia,
605 835 658 871 nt
678 831 869 871 videtur
884 864 896 882 ,
920 842 1093 871 manus
1112 830 1224 870 llaec
1240 830 1449 870 addidit:
1465 830 1724 871 benedicite
1741 831 1929 873 domino

301 903 451 943 omnis
471 903 635 942 uiuens
656 908 700 942 et
722 908 766 942 et
782 908 827 942 et
847 903 949 942 laus
970 902 1017 942 in
1038 901 1243 942 eehlesia
1263 907 1549 943 sanctorum.

943 1326 1301 1381 GOLXVHI

377 1557 423 1594 Ρ.
445 1556 603 1594 Petrus
623 1555 883 1593 Domeneeh

424 1622 546 1659 Patri
563 1621 732 1669 Ignatio
752 1621 805 1657 de
825 1620 1008 1668 Loyola.

475 1686 751 1732 Vallisoleto,
773 1685 790 1722 1
810 1685 1009 1732 Januarii
1029 1684 1121 1722 1554
1138 1685 1164 1721 ¹.

1078 1964 1175 2005 IHS

389 2177 654 2218 Admodum
676 2177 775 2217 R.de
805 2184 871 2229 p.r
893 2178 939 2217 in
960 2177 1079 2229 Xpo.

391 2248 488 2289 Gra
510 2254 554 2288 et
574 2261 668 2300 pax
691 2249 732 2289 d.
757 2261 802 2288 n.
826 2248 940 2301 Jesu
959 2249 1055 2300 xpi.
1087 2249 1147 2288 sit
1168 2259 1353 2299 semper
1373 2247 1629 2287 nobiscum.
1660 2246 1827 2287 Amen.
1857 2246 1939 2286 Be-

309 2319 521 2360 nedictus
542 2319 758 2359 dominus
780 2320 896 2359 deus
916 2325 1089 2370 noster,
1114 2319 1192 2370 qui
1209 2331 1266 2359 ex
1283 2318 1528 2358 ineffabilis
1547 2318 1810 2359 dilectionis
1826 2329 1939 2357 suae

309 2391 478 2441 pelago
500 2390 655 2430 omnia
676 2390 742 2430 ita
763 2390 967 2441 disponit
998 2396 1042 2430 et
1074 2389 1273 2440 ordinat,
1295 2396 1435 2440 prout
1462 2389 1598 2429 nobis
1625 2389 1776 2440 magis
1804 2400 1938 2440 expe-

311 2461 409 2510 dire
431 2461 689 2512 cognoscit:
713 2461 831 2501 faxit
853 2461 952 2512 ipse
968 2466 1016 2500 ut
1033 2472 1088 2500 ea
1109 2460 1212 2511 ipsa
1234 2471 1578 2511 cognoscamus
1599 2465 1643 2499 et
1664 2459 1937 2508 sentiamus,

311 2543 368 2571 ne
389 2531 479 2571 alio
501 2531 655 2571 animo
679 2543 705 2570 a
727 2531 860 2571 nobis
882 2531 1212 2583 suscipiantur,
1237 2542 1376 2583 quam
1396 2531 1453 2571 ab
1481 2531 1580 2570 eius
1608 2530 1835 2570 immensa
1863 2530 1939 2570 bo-

310 2602 455 2642 nitate
476 2602 745 2652 elargiatur.
772 2601 910 2641 Pater
931 2607 1091 2641 noster
1111 2602 1336 2652 goncalez
1362 2600 1376 2619 ²
1403 2601 1476 2641 his
1497 2601 1700 2641 mesibus
1728 2600 1940 2652 proxime

311 2673 483 2723 elapsis
503 2671 590 2712 fuit
611 2673 814 2724 quadam
834 2672 1101 2712 infirmitate
1122 2672 1350 2712 detentus:
1372 2672 1445 2712 his
1465 2671 1627 2712 diebus
1646 2671 1827 2712 medico
1849 2671 1940 2711 cui—

313 2743 419 2783 dam
440 2754 489 2783 se
510 2743 707 2795 comisit,
732 2743 824 2795 qui,
848 2749 897 2783 ut
919 2755 1162 2795 speramus
1185 2743 1246 2793 (et
1268 2743 1500 2783 coniicere
1522 2742 1630 2783 licet
1652 2754 1711 2782 ex
1731 2753 1786 2782 eo
1816 2741 1941 2794 quod

367 2927 377 2946 ¹
416 2927 664 2961 Autographae
686 2931 779 2954 totae
800 2934 901 2954 manu
923 2926 1037 2954 Patris
1058 2927 1263 2961 Domenech,
1284 2925 1410 2961 duplici
1434 2926 1514 2954 folio
1529 2927 1590 2954 sub
1605 2933 1693 2954 num.
1710 2925 1772 2953 270.

367 2975 380 2992 2'
417 2974 452 3001 P.
469 2974 615 3007 Joannes
631 2974 809 3008 Gonzalez‚
827 2973 1099 3002 Vallisoletanae
1115 2975 1226 3002 domui
1241 2974 1467 3009 praepositus.
