2080 3392
287 168 354 204 140
798 166 1024 203 LITTERAE
1051 175 1408 206 QUADRIMESTRES

287 277 376 316 que
398 270 699 304 externorum
722 268 853 302 actus
875 261 1303 311 observationibuS,
1327 272 1493 312 parum
1514 266 1669 300 tamen
1689 260 1763 300 vel
1785 261 1919 312 quasi

288 335 400 375 nihil
440 346 489 374 se
528 334 820 385 promovisse
859 332 1045 383 videns,
1083 332 1221 372 alium
1259 330 1509 371 accersivit
1543 331 1794 381 medicum,
1836 331 1922 371 sub

290 418 379 458 quo
403 417 508 445 cum
528 405 630 456 plus
651 403 892 454 languoris
913 415 1052 455 quam
1073 401 1359 443 fortitudinis
1388 402 1434 441 in
1463 401 1683 441 membris
1703 401 1921 452 generari

290 477 506 525 sentiret,
548 475 681 526 quasi
721 475 776 514 de
815 474 1009 514 medicis
1045 474 1319 525 desperans,
1363 472 1576 512 omnibus
1615 472 1824 522 semotis,
1864 471 1923 512 ad

290 547 499 587 divinum
516 545 790 596 confugiens
807 545 1134 596 patrocinium,
1153 544 1242 584 iter
1265 543 1533 583 Lovanium
1554 554 1727 582 versus
1747 542 1923 593 arripit

290 623 331 658 et
350 618 516 658 mirum
541 616 667 657 dictu
689 622 865 668 quanta
887 616 1130 656 alacritate
1162 615 1219 654 ad
1249 626 1334 654 nos
1363 614 1512 654 rediit.
1542 613 1637 653 Nec
1668 614 1760 653 ullo
1782 613 1924 653 totius

289 691 414 730 vitae
435 701 547 730 suae
568 689 719 740 spatio
741 688 806 738 (ut
827 687 1008 736 asserit)
1031 687 1120 726 hac
1149 697 1259 725 usus
1287 691 1355 725 est
1383 684 1596 724 sanitatis
1627 684 1913 734 fortitudine,

290 773 381 812 qua
415 761 471 800 ab
500 761 576 800 illo
609 760 696 809 die,
730 771 835 799 cum
864 758 1155 808 chiruigum,
1190 756 1396 796 medicos
1426 766 1702 805 omnemque
1735 755 1921 794 illorum

290 843 482 883 operam
502 830 708 882 reliquit,
732 830 778 869 in
800 834 1095 880 praesentem
1125 839 1268 878 usque
1300 827 1421 866 diem
1447 826 1632 865 fruitur.
1662 825 1856 876 Insuper
1880 830 1925 864 et

291 903 539 951 circulum,
582 913 719 953 quern
753 901 810 940 ab
846 899 957 950 ipsis
992 898 1234 938 cunabulis
1269 898 1445 937 circum
1478 897 1659 936 lumbos
1698 895 1920 947 portavit,

292 980 479 1025 praeter
514 973 720 1012 omnium
755 971 1128 1022 expectationem
1163 969 1399 1020 deposuit,
1437 968 1493 1008 de
1528 979 1619 1019 quo
1653 979 1766 1007 sane
1798 967 1926 1006 multi

291 1051 397 1085 ante
415 1045 738 1094 desperantes,
757 1042 909 1082 Patris
931 1041 1172 1092 proposito
1191 1041 1382 1080 multum
1406 1040 1690 1088 restiterunt,
1715 1045 1761 1078 at
1784 1050 1928 1089 quan-

292 1121 389 1155 tum
424 1115 470 1155 in
504 1114 704 1154 Domino
740 1125 799 1152 ex
833 1112 1069 1152 contrario
1105 1123 1216 1151 suae
1251 1111 1455 1162 opinioni
1488 1115 1658 1150 eventu
1693 1108 1925 1149 aedificati

292 1192 398 1226 sunt
418 1197 513 1225 non
534 1185 670 1224 facile
692 1184 868 1223 dixero.

371 1257 553 1297 Interea
580 1262 736 1295 tamen
767 1255 883 1294 duos
919 1254 1004 1293 hos
1031 1264 1235 1302 menses,
1267 1252 1352 1293 etsi
1386 1253 1523 1292 domo
1555 1251 1715 1302 egredi
1742 1251 1927 1302 penitus

294 1327 553 1379 prohibitus
588 1332 733 1376 esset,
771 1337 864 1365 non
892 1332 1049 1364 tamen
1080 1324 1172 1364 otio
1201 1324 1481 1363 contrivisse
1508 1324 1581 1363 vel
1609 1323 1716 1362 hinc
1743 1322 1926 1361 abunde

293 1404 453 1450 patere
474 1404 626 1449 potest
647 1396 773 1449 quod
794 1407 926 1436 soror
948 1394 1154 1435 eiusdem
1170 1395 1339 1446 patriS,
1363 1394 1506 1434 vidua
1528 1395 1603 1444 pia
1627 1400 1766 1444 atque
1788 1392 1929 1432 devo-

295 1476 362 1519 ta,
384 1469 570 1520 saepius
593 1468 651 1508 ad
679 1467 902 1507 salutaria
929 1467 983 1505 de
1001 1466 1144 1516 fonte
1164 1459 1373 1516 pectoris
1399 1465 1498 1504 eius
1526 1463 1832 1504 hauriendum
1853 1463 1929 1503 do-

296 1546 535 1588 cumenta,
560 1539 618 1579 ad
639 1539 739 1578 eius
758 1538 907 1578 latera
941 1538 1186 1586 assistens,
1217 1548 1358 1587 quum
1386 1537 1506 1575 inter
1535 1542 1722 1575 caetera
1755 1535 1930 1574 contin-

297 1617 429 1662 geret
450 1610 638 1650 Patrem
659 1609 919 1649 studiorum
941 1608 1133 1648 laudare
1154 1608 1395 1658 pietatem,
1423 1614 1722 1657 veterumque
1740 1606 1930 1646 Patrum

297 1682 586 1733 frequentem
609 1681 854 1720 lectionem
876 1683 1105 1730 quantum
1125 1679 1342 1719 ecclesiae
1362 1678 1587 1718 utilitatis
1615 1681 1932 1728 qttautumque

305 1753 488 1792 animae
508 1751 700 1801 salutis,
723 1762 900 1790 necnon
921 1754 1150 1802 quantum
1160 1749 1356 1801 pietatis
1364 1749 1567 1799 fructus
1587 1748 1804 1788 studiosa
1826 1747 1933 1786 lu'uc

298 1824 524 1863 iuventus
545 1834 666 1862 exsu
671 1826 806 1873 geret
820 1855 831 1872 ,
853 1822 899 1861 si
916 1833 1076 1861 omues
1096 1825 1139 1861 et
1159 1821 1234 1860 siu
1239 1820 1370 1871 guli,
1391 1819 1545 1859 sacris
1566 1829 1814 1859 musarum
1835 1822 1930 1858 stu-

298 1894 391 1934 diis
408 1893 577 1944 decuti,
595 1893 820 1933 universa
839 1892 1076 1932 Ecclesiae
1097 1892 1358 1931 Doctorum
1374 1896 1516 1942 opera
1533 1890 1582 1929 iu
1594 1890 1695 1930 suis
1711 1889 1934 1929 cubiculis

297 1968 536 2013 semmua·
559 1965 725 2015 quibus
748 1963 928 2003 auditis
945 1963 1046 2014 ipsa
1063 1974 1187 2012 mox,
1207 1961 1465 2012 provolutis
1483 1967 1589 2000 ante
1606 1960 1791 2000 Patrem
1808 1959 1934 2011 geni—

300 2037 404 2083 bus,
429 2036 599 2075 obnixe
621 2047 756 2074 orare
779 2035 954 2085 coepit,
979 2034 1065 2074 sibi
1087 2034 1144 2073 ab
1166 2033 1265 2082 illo,
1296 2045 1322 2072 a
1353 2032 1484 2072 cuius
1516 2031 1707 2071 consilio
1736 2037 1833 2071 tota
1860 2031 1933 2070 de-

300 2107 491 2157 pendet,
516 2106 710 2146 concedi
736 2112 784 2145 ut
812 2105 967 2145 omnia
994 2104 1293 2155 antiquorum
1324 2103 1605 2154 scriptorum
1636 2108 1933 2142 monumenta

301 2177 523 2217 fratribus
544 2175 789 2217 Societatis
811 2186 1087 2226 comparare
1113 2180 1285 2226 posset.
1316 2173 1453 2213 Patre
1486 2180 1641 2212 autem
1670 2178 1932 2222 recusante,

304 2248 404 2299 ipsa
434 2247 734 2303 nihilominus
763 2246 809 2286 in
839 2246 1003 2286 eodem
1033 2244 1183 2285 haesit
1210 2244 1449 2295 proposito
1478 2256 1563 2283 nec
1592 2255 1618 2282 a
1648 2243 1725 2294 pio
1753 2248 1936 2294 poterat

304 2319 473 2358 abduci
494 2318 745 2367 desiderio,
777 2328 1015 2368 quousque
1042 2316 1168 2356 facta
1194 2315 1293 2355 voti
1322 2326 1510 2366 compos
1538 2315 1653 2354 haec
1682 2314 1837 2353 omnia
1857 2325 1935 2353 no-

300 2390 371 2428 bis
401 2394 723 2439 comparasset
759 2399 922 2438 opera,
955 2398 1073 2438 quae
1103 2386 1227 2426 haud
1257 2386 1394 2425 dubio
1425 2385 1677 2424 liberaliter
1708 2384 1931 2434 implevit,

302 2458 674 2510 quandoquidem
712 2458 960 2508 sexaginta
995 2457 1277 2497 florenorum
1312 2462 1390 2495 aut
1424 2457 1544 2495 ultra
1580 2455 1638 2495 ad
1673 2467 1757 2494 nos
1791 2455 1936 2494 libros

300 2530 442 2569 misit.
462 2528 519 2569 D.
542 2529 795 2579 Augustini
813 2540 955 2580 opera
973 2528 1065 2568 iam
1082 2533 1151 2567 ter
1167 2527 1407 2577 habemus,
1426 2526 1708 2577 reliquorum
1728 2526 1934 2565 omnium

300 2601 392 2649 bis,
418 2611 537 2651 quae
559 2599 744 2651 quidem
782 2605 826 2638 et
865 2599 983 2638 alius
1019 2597 1266 2638 Societatis
1299 2602 1489 2636 nostrae
1511 2596 1745 2636 studiosus
1777 2596 1929 2635 adhuc

301 2672 441 2710 semel
464 2681 617 2710 emere
650 2670 859 2709 intendit.
892 2669 996 2709 Non
1027 2668 1254 2708 minorem
1284 2678 1468 2719 quoque
1498 2667 1684 2718 pietatis
1715 2666 1932 2706 affectum

302 2747 345 2780 et
367 2747 515 2780 mater
536 2741 742 2780 eiusdem
762 2740 915 2780 Patris
937 2750 1049 2790 erga
1071 2737 1352 2779 Societatem
1380 2750 1430 2778 re
1457 2744 1501 2777 et
1529 2737 1693 2777 effectu
1715 2737 1931 2786 ostendit,

302 2823 434 2863 quae,
459 2817 643 2861 praeter
669 2822 853 2851 omnem
879 2809 1147 2862 patrimonii
1178 2809 1509 2858 substantiam,
1533 2820 1671 2859 quam
1694 2807 1845 2847 adhuc
1868 2808 1932 2847 vi-

302 2893 417 2921 vens
459 2881 718 2931 annuatim,
762 2881 821 2920 ad
868 2880 1224 2920 sustentandum
1262 2879 1500 2919 societatis
1539 2878 1797 2927 studentes,
1841 2877 1935 2917 filio

303 2957 564 3002 enumerat,
587 2958 917 3002 praeterquam
937 2950 1251 3001 pulcherrima
1281 2961 1367 2989 nec
1396 2950 1549 2988 minus
1576 2955 1848 2999 sumptuosa
1870 2947 1933 2987 di-
