2080 3392
257 162 328 200 488
766 159 992 196 LlTTERAE
1018 170 1376 201 QUADRIMESTRES

255 258 502 298 manifesto
525 262 720 307 possunt
742 267 843 295 esse
866 263 1144 306 argumento
1166 255 1372 306 codices,
1404 267 1520 306 quos
1547 255 1722 307 passim
1751 256 1883 307 pueri

256 327 601 368 circumferunt.
630 326 749 366 Nam
777 331 821 366 et
842 326 1049 375 illorum,
1080 337 1195 377 quos
1215 326 1363 365 nostri
1393 326 1701 365 instituendos
1728 337 1882 366 susce-

254 410 377 449 pere,
403 397 480 437 alii
502 396 829 446 catechismos,
854 396 932 436 alii
953 396 1191 446 precarios
1212 396 1406 446 libellos,
1430 397 1666 447 eleganter
1696 395 1883 447 quidem

255 473 547 518 compactos,
572 467 653 507 sed
674 468 814 518 impia
837 473 880 506 et
902 466 1138 507 haeretica
1167 467 1379 506 doctrina
1409 467 1620 518 vitiatos,
1650 467 1697 506 in
1724 465 1883 507 ludum

255 538 630 589 comportabant3
669 549 812 589 quare
841 549 1135 578 communem
1167 537 1289 577 hanc
1312 537 1536 588 juvenum
1569 537 1883 588 corruptelam

253 621 347 649 non
368 615 618 660 potuerunt
638 620 732 648 non
752 609 945 648 moleste
965 608 1087 648 ferre
1107 609 1275 656 nostri,
1300 613 1344 648 et
1365 608 1473 648 hinc
1493 607 1636 648 libros
1658 607 1882 648 detestari

253 686 526 731 coeperunt,
552 692 607 720 ac
628 680 692 719 ita
714 680 1038 719 deterruerunt
1060 690 1227 730 pueros
1254 690 1311 718 ne
1341 679 1459 719 tales
1487 684 1643 730 pestes
1676 679 1722 718 in
1750 679 1882 718 scho-

254 752 345 791 lam
367 756 728 802 comportarent.
762 750 811 791 Id
841 749 984 802 quod,
1015 750 1122 789 licet
1150 761 1292 800 aegre
1322 750 1454 789 initio
1482 749 1540 789 sit
1567 750 1881 800 impetratum,

254 829 424 871 tamen,
450 821 702 872 adjuvante
723 821 925 871 Christo,
950 820 1175 860 successit
1194 820 1390 860 feliciter
1413 821 1543 871 adeo,
1567 825 1617 860 ut
1638 820 1696 860 ad
1717 832 1881 871 pauco-

254 905 357 932 rum
389 893 652 944 exemplum
685 893 948 944 complures
979 903 1063 931 sua
1091 896 1254 942 sponte
1290 898 1534 942 corruptos
1569 892 1670 931 illos
1706 891 1881 931 libellos

256 964 505 1003 obtulerint
527 964 755 1015 planeque
777 963 1099 1013 consignarint
1119 962 1514 1013 praeceptoribus.
1540 961 1642 1012 Qua
1663 962 1709 1001 in
1730 973 1780 1001 re
1804 973 1880 1001 no-

259 1035 330 1074 bis
351 1035 579 1086 voluptati
599 1034 684 1074 fuit
706 1046 897 1074 cernere
919 1034 1041 1085 quod
1063 1039 1254 1073 ornatos
1275 1033 1465 1084 egregie
1487 1033 1671 1073 codices
1698 1039 1742 1072 et
1771 1044 1884 1073 auro

254 1106 452 1146 vestitos
486 1112 643 1146 tamen
676 1106 772 1156 igni
799 1105 1052 1145 tradendos
1083 1104 1319 1144 adferrent
1351 1105 1461 1144 laeti
1495 1105 1712 1155 illamque
1739 1103 1882 1155 jactu-

255 1188 357 1216 ram
377 1188 569 1216 suarum
588 1188 744 1216 rerum
764 1176 897 1216 nihili
917 1176 1152 1216 ducerent.
1177 1175 1395 1216 Nonnulli
1415 1186 1529 1215 vero
1558 1175 1624 1214 sic
1654 1175 1880 1215 acclama-

255 1248 367 1287 bant
389 1259 494 1287 cum
514 1247 709 1298 gaudio:
733 1247 924 1297 Luther‚
947 1247 1137 1297 Luther‚
1166 1247 1292 1286 velut
1322 1245 1580 1286 vindictam
1611 1251 1883 1297 expetentes

255 1317 311 1358 de
344 1318 544 1369 pessimo
580 1319 891 1358 haeresiarca.
932 1317 1059 1368 Quos
1089 1317 1323 1357 tradidere
1356 1317 1496 1357 libelli
1522 1328 1617 1356 non
1645 1317 1798 1356 minus
1828 1316 1883 1356 50

255 1389 439 1429 fuerunt
473 1396 610 1441 atque
646 1389 710 1429 ita
744 1389 968 1440 paulatim
1003 1390 1122 1429 male
1157 1389 1280 1439 apud
1320 1400 1489 1440 pueros
1528 1388 1689 1428 audire
1729 1388 1883 1439 coepit

255 1460 447 1500 Lutheri
470 1461 706 1512 ipsiusque
735 1467 1021 1500 sectatorum
1050 1471 1242 1510 nomen,
1274 1471 1414 1511 quam
1444 1471 1542 1499 rem
1571 1471 1663 1499 non
1696 1459 1884 1499 omnino

255 1532 524 1582 parentibus
546 1531 791 1582 displicere
814 1531 927 1571 satis
948 1531 1264 1581 intelligimus.
1298 1530 1354 1570 Et
1374 1530 1582 1581 plerique
1604 1542 1715 1570 sane
1737 1531 1880 1578 cives,

256 1614 452 1653 quorum
474 1603 606 1653 pueri
627 1602 703 1642 hic
724 1602 1040 1652 instituuntur,
1075 1613 1181 1641 cum
1207 1601 1366 1640 vident
1395 1612 1479 1640 nos
1506 1600 1620 1640 nihil
1654 1600 1882 1640 mercedis

256 1673 477 1724 recipere,
503 1685 552 1712 se
572 1679 695 1712 totos
716 1673 1048 1712 humanissime
1070 1671 1287 1721 offerunt,
1311 1672 1350 1711 si
1371 1684 1462 1723 qua
1482 1672 1530 1711 in
1550 1683 1599 1711 re
1620 1672 1755 1711 nobis
1778 1683 1882 1724 pro-

257 1744 389 1784 desse
412 1745 615 1784 valeant.
640 1744 814 1784 Eorum
835 1756 953 1783 unus
974 1750 1023 1783 ut
1045 1743 1188 1783 animi
1209 1743 1280 1782 sui
1310 1742 1683 1782 benevolentiam
1716 1742 1888 1782 certius

259 1815 541 1865 declararet,
567 1815 625 1855 ad
648 1815 850 1866 aliquem
871 1820 1139 1854 nostrorum
1160 1814 1417 1854 amicorum
1434 1814 1653 1863 accessit,
1679 1813 1885 1853 studiose

257 1886 548 1937 investigans
570 1897 660 1936 qua
682 1891 839 1936 posset
862 1886 938 1925 via
959 1885 1132 1925 nostris
1159 1885 1437 1936 gratificari,
1462 1896 1511 1924 se
1534 1885 1720 1935 quidem
1753 1896 1884 1935 para-

258 1963 370 2004 tum,
395 1957 617 2008 quoniam
638 1957 862 2008 pecunias
883 1968 1229 2007 recusaremus,
1254 1967 1459 2007 pannum
1486 1968 1570 2007 pro
1597 1955 1887 1995 vestimentis

258 2028 557 2079 suppeditare
591 2030 665 2067 vel
695 2028 786 2067 alia
813 2026 1091 2077 hujusmodi.
1126 2027 1243 2067 Tum
1271 2038 1329 2066 ex
1357 2027 1655 2077 optimatibus
1680 2026 1813 2077 juxta
1843 2031 1888 2065 et

258 2100 389 2150 plebe
424 2099 611 2139 minime
646 2099 833 2147 desunt,
870 2098 946 2149 qui
980 2099 1151 2150 optime
1188 2098 1244 2138 de
1278 2098 1411 2137 nobis
1446 2098 1636 2148 mereri,
1677 2103 1887 2137 nostram

259 2170 432 2210 famam
454 2170 573 2210 tueri
594 2176 732 2221 atque
754 2181 943 2209 movere
968 2168 977 2187 ¹
1000 2168 1237 2219 studeant,
1263 2176 1306 2209 et
1334 2169 1452 2208 inter
1475 2169 1560 2208 hos
1586 2169 1747 2218 etiam,
1772 2179 1888 2219 quos

258 2241 393 2280 nobis
414 2241 616 2280 maxime
637 2241 916 2292 putabamus
938 2240 1165 2289 offensos,
1196 2252 1289 2280 non
1316 2240 1454 2291 pauci
1481 2239 1752 2280 amicissimi
1775 2239 1887 2278 fiunt

262 2324 537 2363 omnemque
559 2324 692 2352 suam
714 2323 905 2363 operam
926 2312 972 2351 in
994 2311 1158 2351 studiis
1179 2311 1352 2350 nostris
1373 2311 1704 2362 promovendis
1729 2310 1886 2350 huma-

261 2384 380 2423 niter
410 2383 644 2423 exhibent.
682 2382 752 2422 De
781 2382 938 2433 pueris
965 2388 1120 2421 autem
1151 2382 1238 2421 hoc
1268 2382 1455 2432 insuper
1484 2381 1633 2421 habeo
1669 2380 1886 2432 adjicere:

262 2466 484 2505 magnum
515 2454 617 2493 illos
639 2453 898 2504 profectum
920 2453 966 2492 in
988 2464 1169 2492 morum
1196 2453 1519 2492 emendatione
1550 2451 1719 2492 facere.
1752 2451 1884 2491 Prae-

262 2532 390 2565 terea
408 2536 511 2564 cum
529 2530 663 2564 extra
685 2535 862 2564 morem
884 2534 1067 2563 ornnem
1089 2529 1211 2563 esset
1232 2523 1434 2573 positum
1455 2529 1504 2562 ut
1526 2523 1585 2562 ad
1606 2522 1778 2562 Christi
1800 2521 1887 2561 Na-

262 2597 403 2636 talem
423 2602 618 2646 peccata
641 2594 985 2644 confiterentur,
1005 2605 1127 2633 nunc
1150 2594 1352 2644 plurimi,
1376 2605 1469 2633 non
1494 2593 1704 2633 confiteri
1732 2592 1886 2642 modo,

263 2667 344 2707 sed
366 2667 505 2706 etiam
527 2677 712 2706 sacram
734 2665 950 2716 synaxim
972 2676 1156 2704 sumere
1177 2664 1470 2715 inceperunt;
1494 2664 1631 2715 idque
1652 2675 1747 2703 non
1774 2663 1888 2703 invi-

264 2737 324 2777 tis
345 2738 551 2788 ipsorum
572 2736 862 2787 parentibus;
887 2746 1004 2786 quae
1026 2746 1100 2774 res
1122 2735 1311 2786 reliquis
1332 2735 1520 2774 tandem
1550 2734 1791 2784 studiosis,
1823 2734 1890 2773 uti

267 2820 528 2858 speramus,
567 2818 788 2858 magnam
815 2812 884 2846 est
911 2805 1121 2857 paritura
1148 2811 1191 2845 et
1222 2805 1542 2845 confusionem
1572 2811 1616 2844 et
1649 2804 1888 2856 pudorem3

322 2968 332 2987 ¹
372 2967 437 3001 Sic3
454 2968 541 2995 forte
558 2975 597 2995 ac
609 2971 828 3002 promovere.
