2080 3392
310 188 382 224 524
825 187 1054 224 LITTERAE
1081 197 1435 229 QUADRIMESTRES

1001 636 1255 690 OOLXX

383 864 425 900 Ρ.
449 862 677 901 Arnoldus
696 863 872 900 Hezeus

428 929 549 966 Patri
567 928 736 976 Ignatio
757 929 809 965 de
829 928 1017 976 Loyola.

474 994 686 1040 Lovanio,
708 993 752 1030 10
769 994 968 1040 Januarii
986 993 1077 1031 1554
1098 994 1122 1029 ¹.

388 1203 458 1243 Ex
478 1184 625 1242 literis
646 1202 749 1242 aliis
770 1201 1001 1252 eiusdem,
1031 1201 1078 1241 lO
1097 1201 1310 1254 Januarii
1335 1201 1449 1241 1554.

387 1274 437 1314 In
459 1274 829 1314 confessionibus
851 1273 1115 1323 audiendis,
1141 1273 1445 1313 concionibus
1467 1278 1511 1313 et
1538 1279 1939 1314 sacramentorum

307 1344 791 1384 administrationibus
812 1344 1025 1383 eumdem
1047 1343 1230 1394 ordine,
1255 1355 1392 1394 quem
1414 1344 1729 1394 superioribus
1752 1344 1936 1395 quadri-

311 1416 559 1455 mestribus
580 1415 727 1455 literis
749 1414 1138 1465 significauimus,
1169 1415 1409 1466 hucusque
1444 1414 1771 1465 obseruamus;
1809 1421 1852 1455 et
1880 1416 1935 1455 si-

309 1487 495 1538 quando
531 1486 610 1526 uni
647 1486 706 1526 ad
741 1486 839 1525 dies
876 1485 1052 1537 aliquot
1088 1485 1543 1525 imm-mittendarum
1579 1486 1937 1536 confessionum,

307 1569 388 1609 per
410 1558 600 1597 alterius
621 1568 911 1607 successum,
937 1557 1223 1596 concedatur
1244 1556 1464 1607 facultaS,
1484 1562 1533 1596 ut
1552 1557 1938 1598 circumiacentes

310 1629 550 1667 visitemus
572 1627 810 1677 ciuitates,
836 1638 986 1678 pagos
1013 1638 1067 1667 ac
1095 1627 1253 1677 villas,
1284 1627 1384 1667 sive
1421 1627 1478 1667 ob
1508 1628 1836 1668 necessitatem
1864 1640 1939 1668 ne-

307 1699 568 1749 gotiorum,
592 1710 710 1749 quae
732 1699 779 1738 in
801 1698 1135 1749 temporalibus
1156 1697 1430 1748 exequenda
1452 1704 1726 1748 occurrunt,
1751 1711 1863 1738 sane
1886 1705 1935 1739 ut

308 1770 622 1821 expetentium
644 1768 863 1809 studiosis
881 1768 1160 1820 quandoque
1182 1768 1528 1808 satisfaciamus
1546 1769 1801 1819 desideriis,
1823 1782 1937 1810 nun-

307 1852 447 1892 quam
462 1840 615 1880 fructu
632 1840 796 1891 spuali.
819 1840 1005 1879 domum
1022 1851 1200 1879 vacuos
1216 1840 1387 1879 reuerti
1405 1840 1653 1891 contingit,
1675 1841 1796 1891 quod
1808 1839 1936 1893 [non]

308 1912 532 1962 exiguum
555 1912 810 1951 immensae
832 1911 1076 1950 charitatis
1098 1910 1223 1951 Chri.
1248 1922 1362 1961 erga
1379 1911 1499 1950 hanc
1519 1923 1651 1951 suam
1668 1913 1938 1952 societatem

306 1989 375 2022 est
396 1983 639 2032 indicium,
664 1994 804 2033 quam
825 1981 947 2021 haud
970 1993 1105 2021 secus
1127 1993 1182 2021 ac
1203 1987 1400 2021 matrem
1422 1993 1544 2021 nouo
1561 1981 1686 2022 foetu
1704 1983 1933 2022 uberioris

306 2054 487 2093 fructus
515 2054 687 2104 ubique
721 2053 930 2104 gentium
960 2053 1133 2104 gaudio
1170 2064 1418 2101 coronare,
1458 2053 1542 2092 sub
1578 2064 1753 2104 suoque
1788 2060 1937 2105 prote·

305 2124 471 2164 ctionis
492 2123 726 2175 praesidio
748 2123 907 2163 fouere
930 2123 1162 2173 dignetur.

383 2194 651 2246 Requisitus
687 2207 711 2234 a
751 2194 951 2234 diversis
980 2206 1038 2234 ex
1070 2194 1271 2245 quodam
1298 2205 1470 2245 magno
1506 2206 1651 2246 pago,
1687 2195 1762 2235 ubi
1793 2195 1936 2235 indul-

304 2266 490 2316 gentiae
513 2266 749 2317 plenariae
771 2265 958 2305 iubilaei
986 2265 1078 2304 iam
1107 2276 1358 2304 concessae
1389 2265 1534 2317 fuere,
1568 2267 1627 2306 ad
1657 2265 1937 2306 audiendum

304 2337 473 2377 ibidem
488 2336 805 2376 confessiones
823 2369 830 2386 ‚
849 2336 1037 2376 tandem
1056 2342 1099 2375 et
1117 2336 1216 2386 ipso
1238 2336 1439 2376 instante
1467 2343 1654 2387 pastore
1682 2337 1792 2388 pagi
1820 2338 1934 2377 eius—

305 2408 360 2448 de
405 2408 603 2456 accessi,
645 2419 827 2447 necnon
868 2407 1015 2446 tribus
1055 2407 1284 2447 continuis
1330 2407 1490 2447 diebus
1536 2408 1597 2447 ibi
1638 2408 1934 2448 confessioni-

303 2479 389 2518 bus
423 2479 666 2518 audiendis
705 2479 889 2518 vacaui.
927 2478 1109 2517 Interea
1139 2479 1307 2517 multos
1341 2478 1532 2518 varioru
1566 2479 1739 2518 vitioru
1776 2479 1822 2518 in
1859 2491 1935 2530 po-

303 2550 409 2600 pulo
443 2549 648 2600 comperi
678 2559 879 2599 regnare
911 2548 1106 2597 abusUS,
1140 2554 1183 2587 et
1214 2548 1437 2599 plurimos
1469 2560 1561 2588 non
1593 2554 1770 2589 tantum
1802 2549 1933 2589 aesti-

303 2602 482 2660 mantes
527 2619 840 2670 indulgentias
880 2624 929 2658 ut
967 2630 1051 2669 pro
1092 2619 1182 2657 illis
1220 2618 1557 2670 consequendis
1604 2619 1811 2659 ieiunare
1857 2626 1937 2659 aut

304 2690 512 2730 confiteri
550 2690 827 2740 voluissent,
865 2689 1073 2728 dicentes
1108 2701 1156 2728 se
1186 2689 1405 2739 ignorare
1434 2690 1542 2740 quid
1571 2691 1662 2730 sint
1698 2691 1935 2742 indulgen-

304 2761 416 2810 tiae,
441 2762 592 2800 solum
613 2761 659 2800 in
677 2765 922 2811 quaestum
945 2760 1207 2799 redundare
1228 2760 1545 2810 sacerdotum,
1569 2766 1617 2800 ut
1639 2760 1724 2800 sibi
1745 2773 1802 2800 ex
1831 2772 1935 2801 con-

303 2830 604 2881 fessionibus,
656 2842 771 2882 quas
817 2830 1033 2879 audiunt,
1082 2830 1384 2881 pecuniarum
1433 2837 1636 2881 augeant
1684 2832 1931 2871 cumulum·

357 2990 366 3010 ¹
411 2991 656 3025 Apographum
670 3013 674 3019 .
687 2991 719 3018 in
735 2991 814 3017 folio
829 2991 881 3017 329
895 2990 948 3016 v.⁰
963 2993 995 3016 et
1010 2989 1072 3016 330.
