2080 3392
301 198 371 234 404
812 197 1037 234 LITTERAE
1064 209 1419 240 QUADRIMESTRES

302 306 408 334 curn
429 305 588 333 omnes
615 293 738 332 intus
766 292 813 332 in
842 293 1012 343 animo,
1044 294 1121 344 qui
1152 293 1326 334 doloris
1353 294 1672 345 magnitudine
1702 306 1818 345 pene
1841 296 1927 335 dis-

301 365 546 415 rumpitur,
569 363 702 414 quasi
729 363 942 403 transfixi
963 364 1252 405 inhaereant.
1274 365 1369 405 Nec
1392 366 1534 405 multo
1568 371 1694 416 post,
1729 376 1809 405 eos
1832 365 1928 416 jam

303 441 543 474 turcarum
563 435 712 474 sacris
732 434 962 484 initiatos,
998 433 1149 475 Deum
1176 436 1223 475 in
1246 434 1425 486 justitia
1453 441 1642 475 orantes
1675 436 1926 487 conspicio,

300 507 366 546 uti
397 507 454 546 ab
481 506 559 556 iis,
590 506 668 557 qui
694 518 743 546 se
772 506 818 545 in
852 518 956 546 eum
983 507 1135 546 locum
1165 507 1411 558 pervenire
1439 507 1618 557 sinunt,
1650 507 1816 557 dignas
1842 519 1927 559 pro

298 577 474 617 meritis
497 588 674 628 poenas
699 583 908 627 expetat3
942 577 1065 628 quod
1091 578 1227 628 plane
1253 577 1364 617 facit
1392 584 1441 617 ut
1469 577 1670 617 maxime
1700 578 1811 618 illud
1841 577 1928 618 Dei

294 647 537 698 judicium,
562 647 838 698 praesertim
859 648 982 698 quod
1004 648 1059 687 de
1081 647 1301 687 divitibus
1329 649 1650 698 constituetur,
1682 648 1925 688 vehemen-

298 725 369 758 ter
403 719 592 758 timeam
619 724 662 757 et
692 718 1040 766 exhorrescam.
1078 717 1192 758 Illud
1227 718 1415 769 insuper
1441 718 1715 758 beneficium
1749 718 1924 758 inaudi—

296 795 413 839 tum,
451 789 574 840 quod
601 789 648 828 in
675 801 746 828 me
777 789 851 828 ille
881 790 1015 840 larga
1053 800 1192 828 manu
1228 789 1440 838 contulit,
1479 794 1637 840 aperte
1673 800 1923 840 cognosco,

294 860 417 911 quod
451 866 495 899 et
522 860 744 899 mundum
770 866 814 899 et
842 859 939 911 ejus
966 860 1087 899 bona
1116 860 1271 899 omnia
1299 871 1371 899 me
1398 865 1443 899 et
1470 859 1709 911 despicere
1738 860 1925 900 omnino

295 938 339 972 et
361 931 575 971 deserere
597 930 768 970 docuit.
793 931 1008 970 Praestat
1030 931 1152 970 enim
1173 931 1317 970 multo
1339 930 1453 970 nihil
1474 931 1666 981 habere,
1697 930 1827 981 qu'us
1856 943 1923 970 ra-

294 1003 359 1042 tio
382 1003 614 1052 exigatur,
638 1013 777 1053 quam
799 1013 982 1051 eorum,
1014 1013 1132 1052 quae
1153 1001 1342 1050 habeas,
1366 1002 1537 1041 malam
1565 1001 1772 1042 reddere.
1807 1001 1925 1052 Quid

293 1085 465 1113 causae
499 1072 654 1112 dicent
680 1073 731 1121 ii,
763 1073 969 1112 maximo
1005 1073 1081 1112 illo
1118 1078 1257 1123 atque
1291 1072 1501 1112 horribili
1527 1072 1688 1123 judicii
1722 1072 1815 1123 die,
1849 1072 1925 1123 qui

293 1155 575 1195 magnarum
595 1155 735 1194 opum
757 1143 932 1183 domini
953 1144 999 1182 in
1020 1144 1206 1183 excelso
1235 1148 1438 1182 aetatem
1466 1149 1631 1194 agunt,
1662 1154 1768 1183 cum
1795 1143 1923 1183 Chri-

292 1222 391 1254 stus
422 1215 638 1264 detectis,
660 1214 1017 1265 patentibusque
1038 1214 1322 1263 vulneribus,
1349 1214 1605 1265 apparebit,
1631 1225 1736 1254 cum
1757 1214 1924 1264 quibus

291 1286 338 1325 in
378 1285 515 1325 rebus
554 1296 664 1325 suas
703 1285 896 1336 quisque
935 1284 1123 1324 divitias
1163 1285 1504 1336 consumpserit
1542 1285 1775 1336 exquiret,
1818 1296 1923 1324 cum

295 1369 412 1397 voce
447 1356 639 1396 terribili
674 1356 957 1407 increpabit:
982 1356 1155 1396 esurivi
1181 1361 1226 1395 et
1253 1368 1347 1396 non
1377 1356 1569 1396 dedistis
1598 1356 1711 1396 mihi
1732 1356 1921 1396 mandu-

290 1439 419 1477 care,
444 1434 530 1467 etc.
546 1428 561 1467 ?
580 1427 638 1467 Et
660 1427 769 1478 quid
788 1427 1001 1478 responsi
1021 1426 1195 1467 dabunt
1217 1427 1262 1474 ii,
1287 1427 1378 1478 qui,
1403 1427 1512 1467 dum
1530 1438 1639 1478 opes
1656 1427 1901 1467 thesauros

289 1510 377 1549 que
399 1509 507 1538 suos
529 1498 574 1537 in
596 1497 847 1548 magnifica
870 1504 1007 1549 atque
1031 1505 1304 1549 sumptuosa
1326 1497 1553 1549 aedificia,
1578 1499 1624 1538 in
1644 1498 1918 1538 lautissimo-

287 1581 390 1609 rum
417 1569 744 1609 conviviorum
775 1569 1125 1620 apparationes,
1159 1569 1206 1608 in
1236 1569 1597 1609 innumerabiles
1627 1569 1839 1619 clientes,
1872 1569 1918 1608 in

286 1646 441 1680 vestes
464 1640 693 1689 attalicas,
718 1639 764 1678 in
785 1639 1113 1690 peristromata
1142 1639 1449 1690 profundunt:
1474 1640 1676 1689 animas,
1710 1651 1794 1690 pro
1824 1640 1916 1691 qui-

286 1712 370 1750 bus
405 1718 603 1751 mortem
638 1710 850 1751 Christus
884 1710 1114 1750 Dominus
1148 1716 1306 1751 noster
1341 1711 1494 1750 subire
1530 1722 1626 1750 non
1658 1711 1911 1761 recusavit,

284 1793 483 1832 quarum
516 1781 727 1832 singulae
762 1781 906 1832 pluris
939 1788 1046 1821 sunt
1082 1793 1220 1833 quarn
1255 1782 1411 1821 omnia
1442 1781 1538 1832 jam
1565 1781 1671 1821 inde
1700 1781 1756 1821 ab
1786 1781 1914 1820 initio

282 1859 456 1900 creata,
472 1852 680 1903 pecuniis
697 1859 925 1901 carentes,
945 1863 1215 1892 maurorum
1239 1851 1644 1904 superstitionibus
1670 1852 1911 1899 devinciri,

283 1923 496 1964 Creatori
516 1934 614 1973 suo,
638 1929 733 1962 tam
756 1922 1047 1962 misericordi
1068 1929 1113 1963 et
1133 1923 1334 1974 benigno
1357 1923 1550 1963 infestas
1581 1922 1680 1962 fieri
1710 1923 1914 1973 quotidie

284 1995 524 2045 patiuntur
547 2001 590 2033 et
612 1994 826 2033 interire?

362 2065 547 2105 Nullum
574 2070 669 2104 tam
695 2064 894 2104 ferreum
925 2076 1062 2115 posse
1092 2076 1193 2104 esse
1220 2070 1403 2116 pectus,
1442 2064 1612 2105 nedum
1641 2064 1908 2114 humanum,

282 2136 438 2186 credo,
472 2135 613 2187 quod,
645 2136 726 2175 tali
753 2147 802 2175 re
833 2142 1020 2186 tamque
1050 2136 1220 2175 misera
1249 2147 1521 2187 percussus,
1551 2147 1644 2175 non
1666 2142 1912 2175 moveatur

281 2207 687 2246 vehementissime
711 2213 755 2246 et
777 2206 1060 2256 sanguineas
1088 2206 1342 2246 lachrimas
1372 2218 1431 2246 ex
1460 2207 1621 2246 intimo
1653 2206 1809 2246 cordis
1839 2206 1911 2246 de-

282 2284 523 2329 promptas
563 2277 765 2317 distillet.
808 2276 1035 2327 Equidem
1070 2288 1142 2316 me
1183 2277 1421 2317 continere
1455 2288 1635 2328 nequeo
1675 2277 1785 2328 quin
1821 2288 1912 2316 una

282 2360 387 2388 cum
415 2348 598 2388 Davide
626 2348 857 2399 propheta
887 2349 1166 2388 exclamem:
1197 2348 1429 2399 Exurge,
1451 2348 1676 2398 Domine,
1702 2358 1914 2398 exurge,·

281 2430 427 2470 quare
450 2419 723 2459 obdormis?
746 2430 800 2458 ne
821 2418 1026 2469 repellas
1049 2429 1136 2458 nos
1157 2418 1381 2470 infinem.
1416 2418 1690 2470 Complures
1711 2418 1912 2459 infantes

282 2502 364 2541 per
399 2490 781 2541 imprudentiam,
822 2489 1052 2529 foeminae
1094 2490 1205 2529 item
1244 2490 1416 2529 multae
1455 2496 1500 2529 et
1539 2489 1912 2530 adolescentulae

280 2567 473 2601 coactae
508 2561 565 2600 ab
600 2560 859 2600 infidelibus
901 2560 1045 2611 (quod
1080 2566 1324 2611 peccatum
1357 2572 1451 2600 non
1485 2572 1586 2601 esse
1626 2560 1909 2609 existimant)

279 2644 550 2672 maurorum
588 2631 966 2683 superstitionem
1003 2639 1280 2682 sequuntur,
1322 2643 1463 2683 seque
1509 2632 1698 2672 tandem
1736 2642 1909 2682 magna

277 2704 555 2753 liberorum,
581 2703 659 2754 qui
680 2713 827 2753 aeque
858 2713 913 2742 ac
940 2702 1069 2753 ipsae
1098 2709 1204 2742 sunt
1224 2702 1413 2754 perditi,
1438 2708 1630 2743 caterva
1653 2702 1908 2743 circumda-

278 2781 350 2813 tas
371 2774 697 2825 respicientes,
723 2773 932 2813 divinam
951 2772 1176 2824 justitiam
1199 2774 1246 2813 in
1274 2785 1353 2814 eos
1380 2774 1649 2825 implorant,
1676 2774 1755 2825 qui
1784 2785 1832 2813 se
1862 2774 1908 2813 in

278 2851 457 2884 tantam
492 2844 729 2884 miseriam
764 2844 984 2884 devenire
1017 2844 1144 2895 passi
1174 2850 1300 2896 sunt,
1338 2850 1387 2884 ut
1421 2856 1561 2896 saepe
1597 2856 1676 2884 eas
1710 2844 1907 2884 acerbis-

277 2916 394 2955 simo
425 2927 531 2955 cum
562 2915 719 2955 dolore
751 2915 905 2955 dicere
937 2914 1074 2954 audio
1107 2927 1191 2955 nec
1222 2916 1400 2956 minore
1430 2915 1616 2966 quidem
1643 2927 1782 2966 quam
1804 2915 1907 2955 illae

276 2986 405 3037 ipsae
428 2985 601 3026 dicunt.
