2080 3392
823 194 908 232 AN.
939 194 1030 232 1554
1672 191 1743 230 507

97 295 296 349 pertatis
318 294 551 335 desideria
572 293 788 334 omittam
809 292 944 345 (quae
964 291 1177 332 fecerunt
1204 296 1254 330 ut
1284 291 1483 331 annulos
1514 295 1559 330 et
1587 290 1740 330 armil-

98 369 170 408 las
190 377 361 407 aureas
382 366 441 406 ad
463 364 606 417 pedes
633 364 918 406 Abbatissae
945 363 1270 415 proficerent),
1300 367 1458 402 tantus
1484 367 1554 402 est
1583 360 1741 401 feruor

100 438 328 479 orationis
349 444 399 478 ut
426 437 556 477 Patri
582 436 784 476 relatum
810 434 869 474 sit
896 435 1089 485 multaS,
1123 445 1214 485 quo
1246 439 1429 485 tempus
1458 438 1742 473 nocturnum

99 509 301 551 orationi
341 508 549 549 dandum
585 507 760 547 certius
798 511 942 555 esset,
985 505 1164 545 diurnis
1199 504 1409 545 vestibus
1450 504 1639 544 indutas
1670 515 1740 544 so-

98 593 260 622 mnum
276 591 445 632 capere
462 580 614 619 solere
629 589 636 628 ;
656 577 937 618 adueniente
955 582 1112 616 autem
1128 576 1259 626 hora,
1281 576 1339 616 ad
1358 576 1555 616 chorum
1573 587 1739 616 conue-

101 653 296 693 niebant
334 651 658 692 meditaturae.
703 647 1057 689 Confessionem
1096 647 1239 687 etiam
1277 648 1546 698 generalem
1585 647 1743 687 facere

99 724 368 776 cupiebant.

180 795 283 835 Hoc
314 795 466 846 ipsum
495 799 540 833 et
572 793 630 833 ab
663 792 767 832 aliis
796 791 1098 831 monasteriis
1127 790 1416 842 postulatum
1444 796 1536 841 est;
1574 787 1743 829 v‘erum

100 867 422 919 operariorum
441 864 600 916 inopia
615 864 728 904 facit
745 870 793 904 ut
807 863 1022 903 omnibus
1040 861 1259 902 satisfieri
1275 867 1491 913 nequeat3
1510 873 1620 901 nam
1636 861 1744 900 licet

100 939 274 988 singuli
296 944 494 990 quatuor
517 936 842 988 operariorum
863 935 993 975 vices
1014 934 1202 985 explere
1225 939 1437 984 possent,
1461 945 1555 973 non
1582 933 1743 973 dubito

101 1011 213 1062 quin
237 1022 331 1050 non
362 1009 514 1049 solum
542 1008 704 1058 vinea,
736 1006 782 1046 in
812 1006 1224 1062 quaflaborarent,
1255 1005 1337 1044 sed
1365 1011 1408 1044 et
1435 1004 1637 1054 fructus,
1668 1004 1746 1055 qui

102 1082 489 1133 decerperemus,
529 1078 643 1119 satis
679 1078 848 1118 uberes
881 1088 976 1117 non
1009 1075 1207 1116 fuissent
1242 1075 1491 1125 defecturi3
1529 1075 1745 1127 quamuis

102 1153 227 1193 enim
248 1152 380 1193 multi
401 1151 517 1201 sint,
542 1150 622 1202 qui
643 1154 807 1189 sancta
830 1153 1130 1188 sacramenta
1162 1146 1469 1187 confessionis
1500 1152 1544 1186 et
1564 1146 1744 1186 Eucha—

104 1225 265 1265 ristiae
286 1223 609 1275 frequentant,
632 1222 779 1262 multo
800 1221 958 1272 plures
987 1219 1295 1271 proculdubio
1317 1218 1363 1258 id
1391 1224 1547 1258 essent
1576 1217 1747 1257 facturi

104 1296 176 1346 (ut
210 1295 394 1335 animus
429 1305 546 1345 erga
581 1292 770 1333 Patrem
807 1298 852 1332 et
886 1290 1171 1332 Societatem
1205 1289 1344 1330 huius
1377 1289 1537 1341 populi
1576 1291 1669 1337 est)
1708 1289 1746 1328 si

105 1373 263 1407 essent
285 1378 343 1406 ex
364 1366 477 1406 nris.
501 1364 579 1417 qui
600 1363 810 1404 infirmos
830 1374 992 1403 eorum
1017 1367 1215 1402 conatus
1236 1361 1529 1401 adiuuarent.

187 1437 366 1478 Diebus
401 1437 576 1488 elapsis
600 1435 734 1475 multi
761 1434 819 1474 ab
850 1433 1204 1485 inquisitoribus
1234 1444 1317 1484 per
1350 1444 1433 1473 ora
1464 1432 1624 1484 populi
1658 1438 1747 1472 tra-

106 1509 233 1550 ducti
255 1514 388 1559 sunt,
418 1514 463 1548 et
493 1508 617 1547 latae
645 1507 693 1547 in
720 1518 799 1546 eos
826 1505 1086 1545 sententiae
1113 1505 1462 1556 promulgatae;
1494 1509 1747 1552 antequam

104 1593 220 1622 vero
241 1581 288 1621 in
304 1580 544 1633 publicum
560 1578 951 1630 producerentur,
972 1577 1051 1628 qui
1068 1576 1334 1616 huiusmodi
1350 1575 1595 1616 sententiis
1613 1580 1747 1615 erant

105 1652 317 1702 obnoxii,
342 1651 608 1703 postulante
631 1649 927 1701 inquisitore,
951 1648 1041 1689 duo
1063 1648 1234 1688 fratres
1265 1658 1506 1688 carcerem
1534 1647 1749 1687 adierunt

106 1736 186 1764 eos
207 1723 528 1773 exhortaturi,
554 1721 633 1773 qui
649 1720 1005 1772 magistratibus
1022 1719 1348 1759 saecularibus
1364 1718 1580 1758 tradendi
1597 1724 1746 1768 erant,

106 1795 181 1836 cui
201 1795 269 1835 rei
289 1806 371 1846 per
391 1794 509 1834 duos
528 1792 626 1833 dies
644 1803 837 1844 operam
856 1791 1099 1832 dederunt.
1119 1790 1476 1831 Confessionem
1493 1790 1650 1839 unius,
1672 1789 1750 1841 qui

104 1867 204 1918 igni
238 1865 517 1906 commissus
546 1871 635 1914 est,
675 1863 815 1904 Pater
844 1862 1121 1903 Emmanuel
1155 1861 1434 1902 Fernandus
1473 1861 1520 1901 in
1556 1872 1748 1901 carcere

105 1938 304 1988 audiuit,
347 1948 487 1989 quem
523 1936 582 1976 ad
617 1946 785 1987 rogum
820 1934 1170 1984 reconciliauit,
1211 1939 1348 1985 atque
1386 1933 1451 1983 (ut
1485 1932 1747 1984 speramus)

103 2009 304 2060 benigne
327 2021 353 2049 a
374 2008 496 2048 Dno.
521 2012 768 2058 susceptus
790 2012 884 2056 est;
908 2017 995 2045 nec
1028 2005 1187 2045 dubito
1216 2004 1327 2056 quin
1354 2004 1555 2044 fratrum
1582 2003 1743 2054 depre-

108 2080 372 2121 cationibus
399 2079 650 2131 plurimum
678 2077 823 2117 adiuti
853 2077 967 2126 sint;
1001 2087 1055 2116 eo
1084 2076 1208 2116 enim
1235 2075 1329 2127 die,
1361 2087 1452 2127 quo
1481 2081 1615 2115 erant
1642 2086 1744 2126 pro-

105 2151 327 2201 ducendi,
351 2151 521 2201 longas
541 2160 707 2201 preces
729 2155 869 2200 atque
886 2147 1216 2188 meditationes
1232 2146 1511 2186 habuerunt.
1542 2135 1759 2196 Congress

106 2223 233 2274 gatis
263 2222 405 2262 etiam
433 2221 546 2272 ipsis
577 2219 609 2268 ¹,
639 2231 834 2260 numero
867 2219 1056 2259 circiter
1089 2217 1161 2269 30,
1199 2218 1492 2269 Inquisitoris
1525 2217 1750 2269 petitione

105 2294 155 2335 P.
197 2293 473 2334 Emmanuel
512 2291 791 2332 Fernandus
830 2290 977 2331 verba
1019 2289 1129 2330 fecit
1176 2301 1270 2329 non
1315 2289 1415 2329 sine
1462 2288 1750 2328 audientium

106 2365 379 2417 lachrymis.

185 2436 364 2476 Eodem
381 2435 520 2475 Patre
542 2435 879 2484 instrumento,
909 2433 1142 2474 Dominus
1170 2444 1356 2485 quoque
1381 2431 1493 2472 illud
1525 2436 1749 2483 operatus

106 2514 199 2558 est,
224 2506 347 2558 quod
368 2519 461 2547 non
483 2505 782 2546 mediocriter
802 2505 1130 2556 proximorum
1152 2504 1334 2544 animos
1363 2503 1422 2543 ad
1449 2502 1622 2542 Diuina
1653 2513 1749 2542 ere-

107 2580 195 2630 xit,
220 2578 344 2631 quod
366 2589 473 2618 cum
492 2577 633 2617 Pater
654 2576 962 2626 comperisset
985 2588 1042 2615 ex
1064 2575 1354 2627 principibus
1383 2573 1588 2614 ciuitatis
1617 2573 1665 2613 in
1691 2584 1746 2612 ea

109 2651 359 2701 societate,
385 2661 526 2701 quam
543 2647 896 2688 misericordiae
917 2653 1092 2688 vocant
1113 2645 1151 2697 ⁶³,
1181 2646 1374 2686 nomina
1402 2645 1606 2685 dedisset
1633 2643 1672 2694 ³,
1703 2645 1751 2684 in

160 2837 171 2856 ¹
212 2834 384 2870 Supplicio
399 2835 471 2862 sive
487 2833 617 2866 mortis,
631 2833 704 2860 sive
719 2832 976 2867 flagellationis,
993 2833 1066 2859 sive
1081 2832 1238 2866 publicae
1253 2831 1460 2866 ignominiae
1477 2831 1660 2859 damnatis.

161 2885 175 2904 2
212 2884 300 2911 Vide
316 2891 431 2917 supra,
444 2889 523 2916 pag.
538 2881 592 2908 444
606 2885 640 2908 et
655 2888 733 2915 pag.
745 2880 808 2914 470,
824 2884 940 2907 annot.
954 2880 981 2907 3.

161 2932 176 2951 5
212 2930 279 2965 Sic;
294 2930 451 2966 syntaxis
467 2933 582 2956 tamen
597 2932 630 2955 et
645 2935 764 2955 sensus
780 2927 921 2962 exigere
936 2927 1097 2955 videntur
1112 2933 1149 2955 ut
1166 2927 1339 2955 scribatur
1357 2927 1422 2954 hoc
1438 2927 1555 2954 modo:
1572 2927 1586 2940 “
1598 2935 1674 2954 cum
1690 2927 1753 2954 Pa-

108 2983 162 3006 ter
175 2978 397 3013 comperisset
413 2986 454 3004 ex
474 2976 683 3010 principibus
704 2975 858 3003 civitatis
879 2976 1017 3009 [plures]
1039 2976 1073 3002 in
1095 2983 1135 3002 ea
1157 2975 1343 3009 Societate,
1369 2982 1472 3009 quam
1492 2974 1751 3002 Misericordiae

108 3030 244 3059 vocant,
258 3026 394 3054 nomina
409 3025 573 3052 dedisse...
589 3045 603 3058 „
