2080 3392
846 181 930 218 AN.
961 180 1054 219 1553
1702 178 1773 215 495

129 293 236 323 cum
258 281 435 333 aliquot
456 292 515 320 ex
537 279 827 331 adjutoribus
849 278 908 319 ad
929 279 1106 319 Divum
1128 277 1342 318 Rochum
1369 277 1645 328 transirent,
1670 287 1771 317 cae-

129 353 217 393 teri
237 364 351 393 vero
372 352 420 392 in
442 351 651 402 Collegio
674 356 1019 403 permanerent.

209 424 311 463 Hoc
332 424 433 475 ipso
454 430 665 475 tempore
686 422 735 463 P.
760 422 1032 463 Gonzalvus
1055 421 1172 470 Vaz,
1196 421 1254 461 D.
1280 421 1519 462 Gonzalus
1540 427 1584 461 et
1606 419 1774 460 Petrus

129 495 186 535 de
208 494 384 535 Sancta
405 495 555 536 Cruce
578 496 625 535 in
646 494 847 535 diversis
868 494 1052 545 templis
1074 500 1139 543 et,
1163 500 1212 533 ut
1237 492 1456 533 credibile
1485 498 1576 543 est,
1600 502 1774 543 magno

130 578 237 607 cum
260 566 415 607 fructu
438 566 769 617 audiebantur,
789 572 1017 618 quantum
1033 576 1093 604 ex
1110 564 1460 604 confessionum
1480 563 1775 603 multitudine

130 638 289 689 colligi
310 644 477 689 potest.
502 637 577 678 Ad
598 637 860 677 doctrinam
888 641 1039 686 certe,
1073 647 1214 687 quam
1235 634 1284 676 P.
1311 634 1550 675 Gonzalus
1575 635 1674 675 Vaz
1696 635 1773 674 ha-

132 709 286 760 bebat,
325 715 486 749 tantus
515 708 656 748 fiebat
693 718 966 757 concursus,
998 712 1048 746 ut
1082 718 1197 758 prae
1229 707 1524 746 multitudine
1554 707 1777 758 templum

133 786 257 820 esset
284 781 423 820 valde
454 780 692 830 exiguum.
718 778 893 819 Multae
921 778 1063 818 etiarn
1092 777 1323 818 honestae
1353 778 1400 817 in
1429 778 1602 829 primis·
1620 777 1775 817 foemi-

135 863 223 891 nae
253 858 303 892 ut
335 853 491 891 locum
521 850 771 901 haberent,
796 861 854 889 ne
888 848 946 888 ad
974 849 1227 900 prandium
1256 849 1444 900 quidem
1471 849 1779 889 discedebant

135 923 341 963 domum.

214 994 384 1034 Postea
414 993 629 1034 discessit
660 992 709 1033 P.
742 993 1029 1033 Franciscus
1058 991 1350 1041 Cordubam,
1383 991 1461 1042 qui
1489 1002 1715 1042 magnum
1736 997 1781 1031 et

135 1067 271 1106 aulae
293 1072 337 1106 et
358 1066 492 1106 nobis
515 1065 587 1105 sui
603 1064 789 1116 reliquit
810 1063 1108 1104 desiderium.

215 1137 354 1178 Pater
376 1138 518 1177 etiam
538 1136 857 1188 Hieronymus
873 1135 1053 1176 Natalis
1071 1134 1393 1175 Conimbriam
1410 1145 1517 1174 cum
1534 1133 1583 1174 Ρ.
1602 1135 1781 1175 Mirone

136 1209 374 1261 profectus
396 1216 480 1259 est,
506 1208 564 1248 ad
588 1207 786 1258 Collegii
808 1219 882 1248 res
905 1206 1278 1247 constituendas.

218 1281 372 1331 Atque
393 1292 452 1320 ex
473 1292 527 1320 eo
549 1286 760 1332 tempore
782 1285 940 1331 patres
962 1278 1096 1319 nobis
1128 1277 1395 1318 charissimi
1425 1277 1472 1317 in
1502 1288 1586 1317 suo
1608 1277 1782 1328 templo

136 1358 182 1392 et
220 1352 448 1391 habendis
488 1351 792 1391 concionibus
831 1357 875 1391 et
915 1349 1160 1390 audiendis
1200 1348 1576 1389 confessionibus
1609 1360 1784 1388 vacare

139 1430 416 1474 coeperunt,
441 1430 490 1463 ut
512 1435 570 1463 ex
591 1423 801 1474 ipsorum
822 1422 970 1462 literis
991 1427 1072 1461 tua
1094 1420 1144 1461 P.
1169 1431 1461 1472 cognoscere
1484 1419 1673 1472 poterit.

216 1493 312 1535 Nos
334 1495 391 1535 ab
423 1495 511 1545 eis,
542 1506 649 1535 cum
675 1494 844 1545 quibus
871 1504 1032 1533 sumus
1062 1493 1219 1532 animo
1255 1497 1300 1532 et
1331 1491 1562 1532 charitate
1596 1490 1785 1542 conjun-

136 1567 353 1617 ctissimi,
385 1567 489 1606 loco
518 1565 751 1616 distracti,
781 1565 1002 1616 Spartam
1035 1563 1061 1615 ¹,
1088 1575 1231 1616 quarn
1257 1563 1393 1603 nobis
1420 1563 1549 1603 Deus
1581 1562 1786 1614 optimus

136 1638 370 1678 maximus
406 1637 653 1678 colendam
688 1637 836 1687 dedit,
875 1648 1046 1677 ornare
1084 1635 1341 1687 coepimus.
1378 1634 1498 1675 Nam
1537 1634 1789 1686 gymnasia

136 1721 330 1749 numero
348 1716 456 1749 sunt
477 1716 637 1760 aucta,
660 1721 754 1749 non
776 1708 914 1748 modo
943 1713 1132 1759 sumptu
1165 1719 1191 1747 a
1218 1707 1405 1759 publico
1429 1706 1636 1747 civitatis
1660 1717 1788 1745 aera-

137 1781 206 1821 rio
228 1781 546 1833 suppeditato,
572 1779 653 1821 sed
674 1780 944 1820 hominibus
973 1779 1137 1830 etiam,
1173 1779 1255 1830 qui
1284 1784 1506 1818 curarent
1528 1778 1707 1829 omnia,
1733 1777 1790 1817 ab

137 1852 250 1904 ipsis
272 1853 628 1904 magistratibus
657 1851 894 1892 adhibitis.
920 1851 978 1891 D.
1010 1850 1297 1891 Franciscus
1329 1850 1526 1899 Correa,
1561 1850 1640 1901 qui
1667 1860 1790 1889 sum-

138 1935 264 1964 mum
292 1924 339 1963 in
366 1924 479 1964 urbe
507 1923 837 1974 magistratum
867 1922 1012 1974 gerit,
1045 1922 1231 1973 magnis
1264 1921 1428 1961 officiis
1459 1921 1550 1961 hoc
1581 1926 1792 1972 tempore

138 2001 350 2035 nostram
371 1995 561 2035 domum
582 2000 861 2046 prosecutus
884 2000 972 2045 est,
1007 1993 1204 2033 veniens
1227 1993 1351 2033 enirn
1380 1991 1576 2032 subinde
1607 1992 1667 2032 ad
1688 2003 1789 2040 nos,

138 2067 291 2117 ipsam
312 2067 510 2117 urgebat
527 2066 923 2117 aedificationem,
944 2076 1002 2105 ne
1015 2064 1246 2116 juvenum
1264 2064 1418 2104 studia
1436 2063 1791 2115 impedirentur3

141 2149 260 2190 quae
282 2145 390 2178 ante
412 2137 585 2178 festum
611 2137 670 2177 D.
694 2138 851 2178 Lucae
879 2137 970 2177 hoc
999 2148 1122 2176 anno
1151 2136 1368 2176 inchoari
1398 2147 1492 2176 non
1521 2140 1791 2187 potuerunt.

140 2209 302 2250 Voluit
324 2209 448 2249 enim
470 2210 518 2250 P.
543 2208 723 2249 Natalis
745 2214 795 2248 ut
816 2207 1090 2249 scholastici
1108 2208 1181 2248 sui
1197 2207 1440 2259 profectus
1458 2207 1695 2258 specimen
1715 2205 1792 2245 ali-

142 2280 267 2332 quod
295 2280 484 2330 darent,
518 2292 609 2332 qua
638 2279 694 2320 de
721 2291 866 2320 causa
895 2280 1068 2319 multas
1100 2279 1339 2319 orationes
1371 2284 1415 2318 et
1451 2277 1662 2318 carmina
1684 2277 1794 2317 scri-

143 2357 358 2403 pserunt,
390 2352 558 2402 quibus
578 2352 805 2403 parietes,
841 2351 919 2403 qui
950 2357 1058 2391 sunt
1087 2351 1135 2391 in
1163 2349 1395 2402 quadrato
1430 2348 1566 2400 hujus
1597 2348 1796 2399 Collegii

144 2423 288 2471 atriO,
313 2423 579 2462 convestiti:
605 2423 756 2462 oratio
778 2434 915 2462 mane
938 2422 1099 2462 habita
1123 2427 1193 2461 est
1215 2421 1270 2461 de
1294 2421 1525 2472 dignitate
1548 2419 1690 2459 trium
1710 2419 1795 2459 lin-

145 2505 345 2545 guarum
380 2494 730 2545 christianaque
758 2493 930 2544 pietate
958 2504 1066 2533 cum
1091 2493 1256 2544 primis
1292 2492 1434 2532 etiam
1470 2491 1638 2531 studiis
1665 2490 1795 2530 imbi-

144 2565 316 2617 benda,
341 2566 419 2606 ubi
441 2565 692 2606 Societatis
715 2565 963 2605 consilium
992 2565 1040 2605 in
1064 2564 1310 2616 juventute
1340 2563 1630 2603 instituenda
1657 2562 1799 2614 expli-

146 2644 304 2678 catum
325 2644 410 2677 est.
439 2637 753 2677 interfuerunt
783 2636 1091 2688 magistratus
1121 2636 1346 2687 multique
1376 2635 1465 2674 viri
1494 2634 1689 2685 literati,
1721 2633 1800 2685 qui

145 2715 308 2761 postea
344 2708 645 2760 inspiciendis
680 2708 1077 2748 scholasticorum
1109 2707 1398 2747 carminibus
1428 2712 1472 2746 et
1504 2705 1800 2746 orationibus

196 2858 206 2878 ¹
247 2859 405 2905 Σπάρτην
431 2856 574 2906 ἔλαχες,
603 2858 728 2892 τάυταν
748 2857 888 2903 κόσμει,
911 2862 1074 2897 Spartam
1100 2862 1244 2889 sortitus
1269 2869 1322 2895 es,
1347 2861 1436 2888 hanc
1457 2868 1559 2894 orna;
1580 2860 1803 2895 proverbium

150 2919 312 2946 graecum
328 2916 361 2939 et
376 2919 500 2946 graece
517 2916 719 2945 usurpatum
734 2918 753 2938 a
771 2910 935 2938 Cicerone
946 2932 954 2943 ,
970 2910 992 2937 l.
1008 2910 1039 2937 4.
1056 2910 1099 2937 ad
1115 2909 1218 2937 Attic.
1241 2917 1292 2944 ep.
1308 2909 1336 2943 6,
1360 2917 1424 2943 quo
1445 2908 1660 2943 significatur
1674 2909 1707 2936 in
1728 2917 1802 2936 eam

148 2967 221 2987 rem
235 2965 371 2987 strenue
387 2967 461 2986 esse
481 2959 758 2992 incumbendum,
775 2966 860 2992 quae
876 2958 973 2985 nobis
989 2958 1113 2992 obtigit
1129 2961 1163 2984 et
1179 2957 1286 2984 officio
1307 2964 1367 2984 suo
1389 2956 1572 2991 diligenter
1587 2957 1706 2991 cuique
1724 2964 1801 2984 esse

149 3009 357 3043 fungendum
372 3009 606 3041 (FACCIoLAn,
623 3007 854 3038 Foacmmm).
