2080 3392
802 219 885 254 AN.
917 216 1008 253 1552
1679 213 1728 250 85

735 669 1090 725 CLXXXIX

160 907 422 946 Theodorus
443 907 666 951 Peltanus,

209 972 279 1010 Ex
298 972 620 1010 commissione
640 971 784 1008 Patris
804 969 1013 1007 Andreae
1033 968 1087 1006 de
1111 967 1294 1013 Oviedo,

257 1038 379 1076 Patri
397 1038 568 1085 Ignatio
589 1037 640 1073 de
662 1036 850 1083 Loyola.

306 1103 505 1150 Neapoli,
526 1102 569 1140 31
590 1101 851 1139 Decembris
872 1100 962 1137 1552
982 1100 1006 1135 ¹.

765 1309 996 1362 Neapolis
1034 1309 1064 1347 ².

172 1525 337 1566 Gratia
367 1535 412 1566 et
443 1537 538 1576 pax
566 1524 757 1565 Domini
785 1524 946 1564 Nostri
979 1524 1084 1563 Iesu
1112 1522 1287 1562 Christi
1320 1522 1380 1561 sit
1416 1532 1600 1572 semper
1631 1532 1738 1560 cum

90 1597 305 1638 omnibus
328 1597 480 1638 nobis.
504 1596 671 1636 Amen.

170 1667 477 1721 Superiorum
515 1668 746 1708 mensium
784 1666 1018 1706 rationem
1052 1664 1300 1715 reddituri,
1334 1664 1435 1704 R.de
1474 1664 1519 1704 in
1557 1663 1649 1704 C.t0
1684 1663 1734 1702 P.

89 1741 201 1781 illud
222 1741 269 1781 in
290 1741 454 1792 primis
473 1739 831 1780 memorandum
857 1739 1007 1787 venit,
1032 1737 1285 1789 quamdam
1315 1737 1578 1785 mulierem,
1615 1747 1734 1787 quae

91 1812 255 1852 salutis
276 1823 388 1852 suae
410 1811 666 1851 diffidentia
687 1822 747 1850 ex
774 1810 897 1850 edito
932 1809 1135 1861 quodam
1163 1809 1265 1848 loco
1297 1807 1601 1859 praecipitem
1634 1818 1737 1846 sese

91 1883 284 1923 dederat
305 1895 360 1923 ac
383 1884 561 1923 vultum
584 1882 680 1922 suis
702 1882 790 1922 sibi
811 1882 1046 1933 unguibus
1068 1880 1363 1929 conciderat,
1394 1879 1594 1930 denique
1616 1890 1737 1930 quae

93 1955 306 1995 omnibus
339 1955 491 1994 modis
526 1965 660 1994 suam
690 1953 776 1993 sibi
809 1953 958 1993 vitam
994 1953 1273 2004 abrumpere
1308 1950 1484 1991 furiose
1521 1950 1732 1997 ardebat,

94 2026 151 2066 ab
172 2026 453 2067 immanibus
474 2026 575 2066 istis
596 2025 730 2065 furiis
752 2036 897 2076 opera
920 2024 1008 2064 Dei
1030 2036 1085 2064 ac
1106 2022 1200 2063 Rdi
1221 2023 1270 2063 Ρ.
1300 2023 1450 2063 nostri
1481 2021 1701 2062 Andreae
1722 2020 1737 2037 ³

92 2097 303 2138 sedatam
325 2110 427 2138 6556
449 2098 658 2149 adeoque
684 2102 935 2147 mutatam,
965 2102 1014 2136 ut
1036 2108 1130 2136 non
1161 2094 1300 2135 modo
1331 2095 1486 2134 cibum
1514 2099 1733 2141 sumeret,

93 2170 174 2209 sed
209 2176 253 2210 et
287 2176 592 2222 peccatorum
627 2180 820 2209 suorum
850 2168 1088 2208 sarcinam
1123 2179 1206 2219 per
1234 2166 1544 2207 confessionis
1572 2164 1737 2205 Sacra-

94 2248 299 2282 mentum
327 2242 560 2293 deponere
597 2240 923 2281 ardentissime
952 2239 1262 2288 desideraret,
1294 2239 1418 2290 quod
1447 2243 1736 2289 consequuta

93 2325 238 2364 usque
260 2313 378 2353 adeo
399 2312 654 2353 efficaciter
676 2312 836 2363 ignitis
866 2312 955 2352 illis
982 2310 1183 2363 Spiritus
1211 2311 1363 2350 sancti
1393 2310 1496 2350 telis
1525 2309 1735 2349 sauciata

92 2384 196 2435 fuit,
237 2391 287 2424 ut
328 2384 374 2424 in
408 2384 619 2435 singulas
662 2383 983 2424 hebdomadas
1019 2383 1232 2423 confiteri
1265 2381 1530 2422 firmissime
1566 2386 1736 2420 statue-

93 2463 177 2497 ret.
201 2455 452 2496 Praeterea
476 2455 532 2495 ab
555 2455 718 2495 eodem
740 2455 789 2495 P.
814 2455 1006 2495 Andrea
1029 2454 1274 2494 cuiusdam
1300 2452 1527 2492 haeretici
1558 2451 1737 2491 confes-

94 2528 224 2568 sione
247 2527 428 2578 audita,
452 2526 682 2567 Dominus
704 2539 810 2567 eum
832 2539 926 2566 non
948 2527 1097 2566 solum
1119 2525 1177 2565 ad
1206 2536 1370 2565 sanam
1400 2530 1624 2573 mentem,
1656 2522 1739 2562 sed

93 2600 234 2639 etiam
256 2598 316 2638 ad
337 2609 569 2638 summam
590 2610 805 2638 errorum
829 2609 1022 2638 suorum
1043 2597 1402 2638 detestationem
1431 2595 1632 2635 reduxit.
1662 2594 1737 2634 Ad

93 2671 210 2711 haec
253 2676 448 2721 uterque
487 2668 502 2687 ⁴
539 2668 678 2709 Pater
724 2669 1036 2721 quorumdam
1082 2669 1372 2709 infirmorum
1419 2666 1739 2706 confessiones

92 2743 206 2782 foris
256 2742 562 2791 audiverunt3
614 2741 805 2781 eosdem
847 2746 1153 2781 sacrosancto
1202 2739 1527 2780 Eucharistiae
1573 2737 1738 2778 Sacra-

153 2904 160 2922 ¹
204 2903 318 2937 Epist.
333 2903 531 2936 qnadrz'm..
547 2901 750 2929 1553-1554.
766 2901 1013 2936 Apographum
1030 2901 1140 2933 unico,
1155 2901 1211 2927 fol.
1231 2900 1294 2927 123.

148 2952 161 2969 ‘-’
201 2951 355 2978 Verbum
371 2951 433 2977 hoc
449 2949 692 2984 superscripsit
705 2948 884 2976 Polancus.

147 2997 162 3015 5
201 2997 236 3023 Ρ.
254 2998 414 3024 Andreas
426 2997 466 3023 de
483 2996 622 3023 Oviedo.

149 3045 164 3064 4
204 3044 286 3071 Scil.
302 3044 341 3072 P.
357 3044 518 3071 Nicolaus
534 3043 712 3070 Bobadilla
729 3048 760 3070 et
778 3042 813 3070 P.
827 3043 985 3070 Andreas
1002 3043 1040 3069 de
1055 3042 1194 3069 Oviedo.
