2080 3392
249 208 320 245 628
765 209 987 244 LITTERAE
1014 218 1372 250 QUADRIMESTRES

246 306 417 344 tionem
452 303 738 342 habebamus
773 309 1089 354 quantumque
1117 315 1192 344 res
1226 304 1327 356 ipsa
1365 306 1632 356 opinionem
1665 313 1880 349 nostram

245 375 421 415 vicerit.
447 373 537 414 Sed
558 379 715 413 tamen
736 385 794 414 ex
815 374 1147 424 admiratione,
1172 375 1372 426 laetitia,
1396 387 1486 426 qua
1507 376 1635 416 illum
1662 377 1876 430 Complu-

242 446 386 486 tensis
412 445 528 485 haec
556 444 815 485 Academia
846 446 1050 496 excepit,
1090 446 1227 497 quale
1257 446 1481 497 gaudium
1510 447 1707 488 fratrum
1737 448 1876 489 fuerit

244 516 513 556 existimare
543 522 690 566 potes.
722 515 915 555 Postero
948 516 1070 556 enim
1099 516 1193 566 die,
1228 522 1391 567 postea
1421 528 1560 568 quam
1589 517 1776 558 Patrem
1804 531 1879 559 ve-

240 587 364 626 nisse
386 586 658 626 nunciatum
679 592 763 630 est,
788 586 916 626 venit
936 585 1127 626 domum
1147 592 1360 626 nostram
1382 587 1553 628 Rector
1574 588 1711 639 hujus
1743 589 1873 629 scho-

241 658 312 696 lae
348 668 452 696 cum
486 656 728 708 frequente
766 656 991 696 nobilium
1027 656 1251 696 comitatu
1288 657 1436 708 (quod
1471 658 1561 698 nisi
1592 659 1638 698 in
1675 659 1880 699 adventu

239 738 519 778 magnorum
548 727 812 778 principum
838 738 1076 778 nunquam
1104 728 1221 767 solet
1247 727 1447 778 facere),
1485 728 1533 768 P.
1565 729 1873 770 Franciscum

241 798 442 838 visurus.
466 798 617 838 Tanta
638 798 804 837 deinde
826 798 1112 849 subsequuta
1133 804 1202 838 est
1222 798 1498 849 Doctorum,
1523 800 1767 850 nobilium,
1794 800 1877 840 Pa-

238 874 356 908 trem
376 869 627 908 Visentium
648 868 894 908 multitudo
915 876 964 908 ut
994 870 1220 919 pauculos
1252 869 1353 908 illos
1382 870 1479 909 dies
1517 870 1720 921 (septem
1750 871 1873 911 enim

236 939 402 990 fuere),
428 951 543 990 quos
564 939 808 978 nobiscum
829 939 1003 979 morari
1024 940 1184 979 datum
1205 946 1295 989 est,
1320 952 1559 992 nunquam
1582 941 1760 981 licuerit
1781 942 1873 982 fra-

237 1010 400 1060 tribus,
425 1009 551 1061 quod
571 1016 814 1060 tantopere
836 1010 1136 1061 exoptabant,
1161 1009 1209 1050 P.
1234 1010 1489 1050 Francisco
1512 1011 1622 1062 frui,
1648 1012 1712 1052 illi
1734 1013 1874 1052 collo·

239 1082 339 1132 qui,
378 1081 507 1121 illum
541 1080 720 1130 videre,
752 1081 879 1120 illum
909 1081 1071 1120 audire
1108 1081 1163 1120 de
1198 1080 1299 1121 Deo
1336 1081 1599 1133 divinisque
1635 1089 1867 1134 agentem,

240 1152 384 1204 quod,
418 1152 539 1192 sicut
566 1152 847 1204 frequenter,
879 1153 945 1192 sic
974 1152 1114 1192 etiam
1140 1163 1313 1203 magno
1343 1164 1449 1192 cum
1470 1153 1758 1194 audientium
1785 1154 1875 1195 fru-

240 1229 316 1263 ctu
344 1223 501 1263 facere
532 1223 663 1262 solet.
692 1223 806 1263 Erat
836 1223 952 1262 haec
973 1229 1135 1262 nostra
1156 1223 1321 1263 domus
1341 1224 1479 1274 plena
1508 1224 1691 1264 illorum
1720 1237 1874 1265 nume-

241 1306 306 1345 ro,
344 1294 422 1345 qui
454 1293 641 1334 Patrem
669 1294 816 1333 visuri
851 1294 1123 1344 veniebant,
1161 1306 1246 1334 nec
1274 1294 1468 1334 deerant
1497 1295 1574 1347 qui
1605 1295 1794 1336 foelices
1825 1309 1875 1337 se

241 1365 563 1405 existimarent
584 1365 622 1404 si
643 1365 764 1404 illius
794 1365 974 1404 vultum
1005 1364 1176 1404 diutius
1206 1367 1513 1416 contemplari
1545 1366 1750 1406 daretur.
1781 1367 1873 1419 Ap-

240 1442 373 1488 paret
411 1436 534 1475 enim
571 1436 617 1475 in
652 1436 753 1486 ipso
787 1436 985 1486 simplex
1024 1436 1255 1487 quaedam
1289 1448 1344 1475 ac
1380 1437 1584 1487 genuina
1620 1437 1871 1487 humilitas,

241 1518 359 1558 quae
381 1507 587 1545 omnium
609 1507 789 1545 animos
811 1506 869 1546 ad
899 1518 947 1545 50
979 1507 1162 1546 00011113
1191 1507 1395 1558 quadam
1425 1507 1471 1546 vi
1497 1508 1685 1548 allicere
1713 1514 1756 1548 et
1783 1514 1872 1548 tra-

241 1577 351 1617 here
372 1577 572 1616 videtur.

320 1647 405 1687 His
427 1647 588 1687 diebus
610 1659 715 1687 cum
738 1647 875 1687 Patre
897 1654 1053 1688 actum
1074 1655 1143 1688 est
1165 1655 1213 1688 ut
1236 1649 1468 1688 dominica
1491 1649 1704 1700 proxima
1723 1682 1730 1699 ,
1754 1661 1874 1700 quae

243 1725 343 1758 erat
363 1718 410 1757 in
432 1718 668 1768 Passione,
693 1718 816 1769 quod
836 1718 1007 1758 festum
1029 1719 1218 1769 antiqua
1242 1720 1468 1769 religione
1491 1731 1546 1759 ac
1569 1721 1695 1759 cultu
1716 1732 1742 1759 a
1774 1720 1871 1760 Col-

241 1789 358 1840 legis
393 1789 451 1828 D.
486 1788 734 1840 Illephonsi
769 1789 1054 1839 celebratur,
1093 1789 1368 1829 concionem
1404 1790 1596 1830 haberet
1633 1796 1678 1830 et
1716 1802 1872 1842 quam-

243 1871 381 1910 quam
402 1860 448 1899 in
470 1860 542 1899 his
564 1860 771 1899 laborem
794 1867 871 1900 aut
895 1860 1144 1900 adversam
1166 1860 1482 1900 valetudinem
1513 1872 1740 1901 excusare
1761 1874 1871 1901 nun-

242 1942 381 1982 quam
403 1930 542 1970 Pater
569 1931 737 1980 soleat,
763 1930 866 1980 sed,
891 1930 1014 1982 quod
1041 1930 1116 1970 hic
1146 1931 1321 1970 tamdiu
1345 1932 1519 1971 morari
1553 1932 1743 1981 negotia
1779 1944 1873 1972 non

242 2001 582 2052 permitterent,
606 2001 694 2041 hoc
716 2001 773 2040 ab
795 2001 872 2040 illo
895 2007 1140 2041 exoratum
1160 2013 1253 2041 non
1275 2008 1358 2041 est.
1383 2002 1685 2042 Lectionibus
1715 2008 1872 2042 tamen

242 2073 466 2112 interesse
486 2072 670 2123 publice
690 2072 851 2111 voluit.
878 2071 1033 2122 Quare
1056 2083 1191 2111 mane
1213 2072 1335 2112 illius
1362 2072 1466 2122 diei,
1491 2084 1578 2123 quo
1602 2073 1873 2113 (110055111115

242 2149 354 2193 0131,
379 2143 518 2183 Ρ3101·
538 2142 778 2193 ingressus
799 2150 868 2182 est
890 2143 1139 2194 gymnasia
1167 2142 1385 2194 deditque
1414 2155 1605 2194 operam
1633 2150 1702 2192 ut,
1733 2155 1874 2195 quam

241 2220 411 2265 posset,
436 2213 566 2253 fieret
589 2213 924 2263 occultissime;
951 2214 1031 2253 sed
1052 2214 1196 2253 multo
1219 2214 1353 2253 aliter
1376 2226 1448 2254 res
1471 2214 1640 2254 evenit.
1665 2214 1725 2254 Ut
1748 2215 1871 2254 enim

243 2284 513 2324 nunciatum
534 2291 601 2324 est
628 2283 676 2323 Ρ.
710 2284 1015 2324 Franciscum
1037 2284 1221 2333 adesse,
1246 2284 1373 2323 venit
1403 2284 1572 2324 Rector
1602 2285 1649 2324 in
1677 2296 1869 2336 gymna-

243 2356 361 2395 sium
403 2361 691 2406 sequutaque
726 2360 794 2394 est
830 2355 958 2394 illum
992 2355 1177 2394 insolita
1215 2355 1601 2394 scholasticorum
1639 2356 1774 2395 turba
1808 2355 1871 2395 111-

241 2426 368 2477 genti
390 2437 494 2465 cum
510 2425 681 2475 gaudio
698 2431 741 2464 et
763 2425 954 2464 laetitia.
975 2424 1177 2465 Subinde
1195 2431 1294 2464 erat
1311 2425 1357 2464 in
1375 2426 1580 2465 omnium
1602 2437 1682 2465 ore
1704 2426 1869 2465 crebra

239 2497 315 2536 illa
342 2508 458 2536 Vox:
482 2496 571 2535 Hic
593 2499 663 2535 est
692 2495 785 2535 ille.
825 2495 954 2546 Quae
984 2508 1097 2535 Vero
1126 2502 1366 2535 transacta
1398 2503 1504 2536 sunt
1535 2497 1655 2536 inter
1685 2496 1868 2536 Patrem

241 2573 284 2606 et
318 2566 588 2615 Rectorem,
629 2566 737 2606 dum
772 2566 827 2605 de
866 2565 1121 2605 honorifico
1156 2567 1259 2605 loco
1288 2573 1469 2606 certant
1499 2567 1622 2606 illinc
1651 2567 1868 2617 civilitas,

241 2638 345 2677 111110
367 2637 618 2687 humilitas,
642 2637 814 2677 Rector
835 2643 883 2676 ut
906 2643 1012 2676 ante
1041 2648 1089 2676 se
1117 2637 1276 2676 sedeat
1304 2638 1495 2687 invitat,
1521 2644 1645 2687 orat,
1670 2638 1868 2677 obtesta-

240 2716 328 2758 tur,
361 2709 507 2758 cogit,
538 2714 587 2747 ut
616 2714 771 2747 tamen
799 2720 884 2747 nec
916 2707 1043 2746 vinci
1071 2708 1273 2758 potuerit
1300 2708 1556 2758 humilitas,
1587 2719 1870 2759 quamquam

240 2779 424 2819 insolita
463 2784 569 2818 sunt
609 2779 732 2830 apud
770 2790 877 2828 nos,
921 2789 1039 2829 quae
1078 2790 1227 2829 neque
1264 2790 1368 2818 cum
1396 2779 1693 2829 magnatibus
1720 2790 1869 2830 neque

240 2861 345 2889 cum
372 2849 617 2900 Episcopis
644 2847 743 2888 fieri
770 2849 951 2887 soleant
982 2847 1008 2892 ¹.
1033 2848 1290 2888 omittenda
1319 2855 1475 2888 tamen
1502 2860 1685 2888 censeo.
1726 2849 1868 2899 Coep-

296 2961 302 2979 ¹
345 2959 459 2993 Neque
484 2961 703 2993 magnatibus
728 2967 834 2993 neque
858 2957 1037 2992 Episcopis
1063 2959 1177 2985 sedem
1200 2966 1295 2986 suam
1319 2959 1446 2986 Rector
1471 2959 1718 2987 Universitatis
1742 2960 1866 2987 offerre

240 3009 361 3034 soleat.
