2080 3392
284 169 353 205 offio
792 166 1019 202 LITTERAE
1046 176 1405 208 QUADRIMESTRES

284 264 484 314 occasio,
515 263 742 314 siquidem
776 263 982 302 vicinam
1014 263 1151 303 valde
1187 262 1419 303 Castellae
1454 265 1697 316 regionem
1729 267 1914 317 habent,

284 334 559 385 corporibus
589 333 821 384 refugium
851 340 895 374 et
920 334 1084 373 salutis
1102 334 1377 384 remedium,
1404 347 1543 386 quam
1564 341 1673 376 tunc
1695 339 1917 389 temporis

283 406 432 444 solum
454 411 703 456 quaerunt,
727 410 791 454 et,
816 416 870 444 ea
891 416 984 443 una
1005 405 1232 455 contenti,
1256 405 1373 445 aiae.
1398 407 1596 446 salutem
1617 419 1810 457 prorsus
1840 420 1915 448 ne-

283 475 478 526 gligunt.
503 474 638 515 Nunc
660 475 987 526 (omnipotenti
1008 474 1109 514 Deo
1131 476 1304 526 gloria)
1333 477 1483 516 omnis
1516 488 1590 517 res
1621 484 1689 517 est
1719 477 1767 517 in
1797 483 1913 529 tuto,

282 558 375 586 non
401 553 470 586 est
496 545 621 585 aliud
648 557 788 597 quam
809 545 897 585 Dei
918 557 1072 596 amor,
1096 547 1359 597 proposita,
1391 547 1730 599 desyderiaque
1752 556 1916 589 sancta

282 622 489 656 veterem
524 616 759 656 hominem
792 617 993 656 exuendi
1028 623 1072 656 et
1105 628 1282 656 novum
1313 617 1472 657 divina
1500 619 1654 669 gratia
1678 618 1913 660 induendi.

282 687 357 727 Pr.
388 687 446 727 ad
471 687 595 727 hunc
622 699 769 738 usque
798 687 920 727 diem
948 687 1191 728 dominicis
1221 699 1275 727 ac
1302 688 1433 728 festis
1466 688 1627 728 diebus
1665 689 1712 729 in
1746 691 1916 741 templo

281 770 462 798 summo
485 755 790 798 concionatus
811 765 880 798 est
902 770 1007 798 cum
1033 769 1206 809 magno
1229 759 1495 799 auditorum
1521 771 1715 800 numero
1748 766 1792 800 et
1821 761 1916 800 avi-

281 830 423 869 ditate
459 829 517 868 ad
552 829 672 869 illius
706 829 968 869 doctrinam
1004 830 1361 880 capessendam,
1397 842 1679 882 quamquam
1716 843 1809 870 non
1843 831 1916 870 de-

280 906 427 949 erant,
452 900 529 951 qui
551 900 856 951 opinarentur
877 900 1026 951 ipsum
1049 911 1138 940 non
1155 900 1219 940 ita
1240 901 1356 940 bene
1377 907 1482 952 post
1504 902 1916 953 quadragesimam

278 983 328 1011 se
362 971 650 1019 habiturum,
689 972 909 1023 quoniam
940 971 1069 1010 illum
1104 971 1290 1011 aiebant
1324 971 1575 1011 conciones
1612 971 1913 1023 quadragesi-

278 1054 382 1082 mae
416 1042 693 1093 iampridem
724 1041 963 1082 confectas
994 1042 1039 1081 in
1074 1042 1340 1082 chartaceis
1372 1042 1650 1093 observare3
1683 1049 1912 1083 verumta-

279 1125 385 1153 men
417 1114 493 1154 ille
528 1125 613 1153 sua
647 1113 887 1164 diligentia
922 1121 966 1153 et
999 1112 1159 1153 divino
1195 1114 1369 1153 auxilio
1397 1113 1548 1154 effecit
1583 1120 1631 1154 ut
1668 1121 1916 1166 sequentes

281 1185 534 1224 conciones
554 1185 695 1235 longo
718 1185 965 1224 intervallo
988 1185 1254 1236 superiores
1276 1185 1572 1235 excellerent,
1599 1185 1658 1225 ad
1679 1186 1802 1237 quod
1823 1198 1916 1226 non

279 1267 445 1307 parum
469 1257 662 1296 contulit
683 1256 833 1295 maior
861 1256 948 1304 rei,
979 1256 1035 1295 de
1063 1267 1153 1306 qua
1180 1256 1227 1295 in
1254 1256 1325 1295 his
1357 1256 1600 1306 agebatur,
1633 1256 1841 1296 suavitas
1872 1263 1916 1297 et

280 1326 462 1366 ardoris
483 1326 628 1366 divini
649 1327 695 1366 in
717 1327 1025 1366 concionante
1046 1327 1399 1377 incrementum,
1423 1327 1700 1378 praesertim
1722 1327 1768 1367 in
1796 1327 1914 1368 festo

279 1398 567 1438 admirabilis
600 1397 928 1447 Ascensionis,
967 1397 1042 1437 ubi
1077 1398 1290 1437 omnibus
1326 1404 1394 1437 est
1433 1397 1700 1449 plenissime
1736 1398 1916 1438 satisfa-

278 1476 426 1520 ctum;
466 1469 693 1521 siquidem
719 1481 813 1508 non
839 1468 894 1508 de
921 1469 1012 1508 alio
1042 1480 1124 1519 per
1151 1474 1298 1509 totam
1324 1469 1487 1508 urbem
1521 1481 1674 1508 sermo
1710 1475 1831 1517 erat,
1871 1475 1914 1508 et

277 1541 465 1592 quidam
499 1541 564 1580 ita
599 1540 840 1580 dicebant:
877 1551 1119 1590 nunquam
1153 1539 1221 1579 sic
1254 1539 1483 1590 loquutus
1518 1543 1588 1579 est
1622 1539 1774 1579 homo.
1817 1539 1912 1579 Nec

276 1611 442 1650 iniuria
466 1611 535 1661 (ut
557 1611 781 1660 arbitror)
805 1622 897 1650 oes.
928 1611 991 1650 ita
1014 1610 1328 1661 mirabantur3
1362 1611 1585 1661 quoniam
1614 1621 1815 1661 magnus
1845 1623 1912 1650 re-

276 1694 389 1722 vera
424 1682 511 1721 sibi
543 1694 569 1721 a
599 1681 700 1721 Deo
730 1687 839 1721 tunc
875 1682 1015 1721 ardor
1051 1681 1224 1720 amoris
1254 1687 1297 1720 et
1325 1681 1516 1732 spualis.
1554 1681 1804 1721 commotio
1844 1688 1912 1721 est

276 1764 523 1803 concessa,
556 1759 600 1792 et
629 1753 763 1792 nobis
789 1764 872 1803 per
901 1752 1066 1803 ipsum.
1098 1751 1413 1792 Concionatur
1442 1752 1694 1803 aliquando
1723 1763 1805 1803 per
1834 1752 1911 1791 ho-

275 1835 353 1863 ras
375 1824 513 1871 duas,
538 1823 786 1874 aliquando
807 1835 890 1874 per
911 1823 1072 1862 horam
1097 1834 1201 1862 cum
1225 1821 1430 1873 dimidio,
1460 1822 1596 1874 idque
1619 1833 1778 1871 mane3
1804 1835 1912 1862 nam

276 1906 471 1946 vespere
501 1894 600 1934 fieri
628 1906 722 1934 non
753 1900 937 1944 poterat
964 1900 1153 1945 propter
1187 1894 1453 1933 auditorum
1489 1893 1833 1933 multitudinem
1869 1901 1913 1933 et

277 1972 434 2005 aestus
461 1965 698 2005 ardorem:
736 1971 1021 2016 quapropter
1050 1976 1186 2004 mane
1208 1964 1543 2015 compensabat
1570 1964 1693 2015 quod
1715 1976 1912 2015 vespere

275 2036 553 2076 diminutum
591 2042 714 2087 erat;
756 2035 801 2076 id
842 2036 964 2087 quod
1002 2047 1299 2086 nequaquam
1339 2035 1628 2082 auditoribus
1666 2036 1912 2075 molestum

275 2116 398 2157 erat,
436 2119 521 2147 nec
556 2119 737 2147 moram
764 2108 954 2157 longam
988 2106 1078 2146 imo
1113 2107 1305 2145 brevem
1342 2117 1446 2145 eum
1482 2106 1639 2145 facere
1676 2106 1910 2146 existima-

274 2179 399 2218 bant.
442 2178 819 2218 Concionabatur
859 2178 998 2217 etiam
1039 2177 1200 2216 diebus
1239 2176 1426 2216 Veneris
1468 2177 1523 2216 de
1564 2177 1823 2216 humilitate
1865 2178 1911 2216 in

275 2251 459 2300 templo,
485 2249 562 2289 ubi
583 2250 786 2288 solemus
808 2248 969 2288 audire
991 2247 1323 2297 confessiones,
1349 2254 1454 2287 ante
1477 2247 1650 2287 ostium
1673 2247 1730 2286 ob
1753 2247 1909 2298 ingen-

274 2327 367 2360 tem
388 2319 728 2360 multitudinem
750 2319 1034 2367 auditorum,
1060 2330 1256 2369 quorum
1286 2319 1441 2368 plures
1470 2317 1585 2357 foris
1623 2318 1819 2357 aderant
1851 2318 1909 2357 ad

275 2391 443 2431 ostium
483 2402 622 2442 quam
654 2391 777 2430 intus
806 2390 1072 2439 manebant,
1103 2401 1189 2428 nec
1220 2396 1402 2440 tempus
1438 2389 1589 2428 labori
1628 2388 1908 2428 destinatum

275 2462 604 2513 impedimento
628 2468 740 2501 erat.
767 2461 816 2500 In
837 2460 1110 2501 iuramentis
1132 2459 1337 2499 vitandis
1371 2459 1494 2509 (laus
1516 2458 1641 2508 Deo)
1671 2459 1822 2508 magis
1853 2470 1908 2498 ac

274 2533 425 2583 magis
447 2533 493 2572 in
515 2533 614 2572 dies
636 2532 949 2583 corriguntur,
975 2531 1091 2570 adeo
1110 2537 1159 2570 ut
1179 2530 1374 2581 pueruli,
1399 2529 1481 2568 4.οῑ
1503 2541 1650 2569 annos
1671 2530 1790 2578 nati,
1815 2541 1906 2568 ma-

273 2604 420 2642 tribus
459 2603 635 2651 dicant,
679 2614 784 2642 cum
822 2602 1029 2641 iurantes
1061 2612 1142 2640 eas
1177 2601 1395 2640 audiunt:
1439 2607 1588 2639 mater
1624 2606 1667 2640 et
1703 2599 1903 2648 domina,

274 2675 485 2713 osculare
507 2674 718 2722 humum,
744 2673 853 2724 quia
883 2671 1204 2711 iusiurandum
1230 2670 1407 2720 fecisti;
1438 2682 1547 2710 nam
1577 2671 1643 2710 sic
1672 2683 1698 2709 a
1719 2682 1904 2721 praece-

274 2751 403 2795 ptore
432 2751 592 2785 nostro
624 2744 885 2784 didicimus.
918 2743 1014 2782 Iam
1045 2742 1237 2793 quisque
1259 2742 1464 2792 seipsum
1494 2741 1812 2792 reprehendit,
1844 2747 1903 2790 et,

273 2822 522 2867 antequam
544 2822 802 2865 moneatur,
827 2825 959 2854 suam
979 2824 1221 2864 magnam,
1247 2824 1361 2863 erga
1382 2812 1471 2852 Dei
1492 2813 1666 2852 cultum
1699 2817 1743 2851 et
1774 2822 1902 2851 reve-

273 2887 490 2938 rentiam,
525 2887 752 2926 incuriam
782 2891 1066 2936 agnoscunt;
1096 2895 1292 2934 cumque
1321 2883 1369 2922 fit
1398 2888 1446 2922 ut
1475 2883 1522 2922 in
1550 2882 1736 2933 aliquod
1768 2882 1904 2922 iusiu-

274 2957 471 2996 randum
505 2957 607 3008 quis
643 2957 895 3006 dilabatur,
925 2956 1013 2995 hoc
1042 2954 1251 3005 profecto
1283 2954 1394 2993 facit
1422 2953 1706 3005 imprudens.
1737 2951 1903 3002 Quam-
