2080 3392
288 168 337 205 28
797 165 1024 202 LITTERAE
1051 173 1408 206 QUADRIMESTRES

287 264 411 315 ptiae
433 263 792 311 celebrarentur,
818 259 999 300 abunde
1022 259 1234 298 omnibus
1261 258 1542 310 pauperibus
1574 258 1733 300 datum
1759 258 1913 308 fuerit,

286 345 449 374 verum
472 333 609 372 etiarn
630 343 713 383 per
734 330 1000 383 quindecim
1021 329 1117 369 sere
1139 329 1238 369 dies
1264 329 1346 368 vix
1376 329 1593 380 cuiquam
1623 329 1766 370 defuit
1795 329 1917 380 quod

286 403 603 444 necessarium
625 407 760 442 esset.

366 473 618 513 Plurimum
654 472 743 512 hac
782 477 959 511 aestate
995 470 1311 511 dubitavimus
1352 470 1649 521 (praesertim
1684 482 1788 510 cum
1825 471 1915 510 huc

287 551 525 584 turcarum
554 543 717 582 classis
749 554 802 582 eo
831 542 986 581 animo
1019 541 1321 581 adventasset
1348 546 1397 580 ut
1421 541 1577 580 omnia
1603 540 1727 580 ferro
1756 541 1915 592 perde-

286 622 381 665 ret,
405 621 447 654 et
470 615 576 664 igne
598 615 908 661 consumeret>
931 624 989 652 ne
1010 612 1129 652 bello
1153 612 1462 652 turbaremur.
1486 610 1578 651 Sed
1598 611 1662 650 ita
1683 611 1810 651 Deus
1831 623 1916 651 sua

284 686 492 725 bonitate
514 684 621 723 huic
649 694 795 734 regno
827 683 1088 734 prospexit,
1118 683 1182 723 ita
1214 683 1471 732 orationes,
1502 693 1621 733 quae
1651 682 1750 721 sine
1780 682 1916 722 inter-

285 756 506 796 missione
531 755 717 805 fiebant,
740 754 939 805 audivit,
963 759 1012 793 ut
1033 765 1090 793 ne
1112 754 1158 793 in
1179 764 1271 793 una
1293 752 1478 804 quidem
1498 763 1591 791 una
1614 751 1624 770 ¹
1646 751 1782 803 hujus
1802 754 1917 793 clas-

286 827 351 866 sis
372 827 637 865 molestiam
658 826 870 865 senserit.
908 824 1042 876 Quod
1072 825 1251 865 Prorex
1286 825 1349 864 ita
1376 822 1725 863 misericordiae
1751 824 1916 864 tribue-

285 898 387 947 bat,
417 904 465 937 ut
495 897 859 948 supplicationes
886 896 985 937 fieri
1012 902 1057 936 et
1086 897 1408 947 eleemosynas
1439 894 1543 935 dari
1576 895 1623 934 in
1657 895 1919 945 gratiarum

287 969 519 1008 actionem
539 968 766 1008 statuerit.
791 967 1090 1019 Quapropter
1111 967 1304 1017 triginta
1324 966 1606 1018 pauperibus
1627 972 1783 1005 vestes
1810 976 1919 1005 con-

283 1039 516 1079 fecerunt:
553 1038 671 1097 duae
707 1050 822 1078 vero
860 1039 1185 1090 processiones
1217 1038 1430 1089 publicae
1465 1037 1682 1077 decretae
1715 1036 1918 1087 fuerunt,

283 1122 482 1161 quarum
504 1111 656 1150 altera
678 1121 783 1150 cum
804 1121 941 1149 mane
962 1110 1106 1158 fieret,
1132 1110 1179 1150 in
1198 1108 1364 1160 majori
1385 1108 1584 1148 ecclesia
1605 1108 1884 1148 Benedictus
1905 1107 1919 1125 ‘²

283 1182 592 1221 concionatus
613 1181 696 1221 fuit
721 1181 833 1232 (quo
855 1181 1061 1221 maxima
1075 1181 1234 1232 populi
1254 1191 1364 1231 pars
1382 1180 1705 1229 convenerat),
1728 1179 1793 1218 ita
1809 1177 1918 1218 Pro-

283 1262 396 1302 rege
430 1253 715 1302 postulante,
754 1258 803 1291 ut
839 1251 1053 1291 omnibus
1091 1251 1368 1291 beneficium
1401 1250 1554 1300 magis
1588 1250 1917 1303 innotesceret.

284 1321 449 1361 Altera
478 1328 631 1362 autem
662 1334 880 1374 vespere,
912 1323 959 1362 in
987 1334 1040 1362 ea
1068 1328 1247 1373 partem
1278 1321 1430 1361 crucis
1457 1320 1666 1371 Domini,
1696 1331 1814 1372 quae
1844 1320 1920 1360 hic

286 1393 505 1442 habetur,
541 1405 621 1444 per
658 1393 898 1434 civitatem
923 1394 1147 1444 tulerunt,
1180 1404 1320 1444 quam
1354 1391 1532 1431 Prorex
1559 1397 1721 1443 aperto
1752 1391 1918 1442 capite,

287 1474 472 1502 cereum
493 1464 649 1503 album
671 1464 718 1503 in
739 1475 880 1504 manu
900 1463 1078 1513 ferens,
1103 1475 1208 1504 curn
1228 1473 1402 1513 magna
1424 1462 1673 1502 devotione
1700 1462 1921 1512 sequeba-

284 1539 375 1573 tur.
400 1534 539 1584 ldque
561 1534 618 1574 ab
641 1535 853 1574 omnibus
874 1534 1110 1586 primariis
1131 1534 1433 1574 observatum
1455 1538 1544 1583 est,
1576 1538 1625 1573 ut
1652 1532 1922 1583 huJ'usmodi

284 1605 434 1643 cereis
456 1605 666 1644 accensis
689 1616 877 1645 crucem
898 1605 1087 1645 Domini
1106 1611 1452 1645 revererentur.

368 1675 561 1715 Curavit
583 1682 737 1716 autern
759 1676 881 1716 idem
901 1676 957 1716 R.
980 1677 1027 1716 in
1048 1676 1233 1716 Christo
1255 1674 1304 1715 Ρ.
1333 1675 1650 1726 Hieronymus
1672 1674 1685 1693 ⁵
1706 1680 1757 1715 ut
1786 1686 1921 1714 mons

284 1746 472 1796 pietatis
494 1746 579 1796 (ita
600 1747 722 1786 enim
744 1746 897 1787 dicere
919 1748 1286 1795 consueverunt)
1311 1747 1585 1796 erigeretur,
1610 1745 1688 1797 qui
1710 1745 1920 1797 alioquin

285 1816 375 1855 sibi
402 1817 648 1867 providere
676 1830 769 1857 non
795 1819 954 1858 valent
980 1816 1015 1870 ⁴,
1043 1824 1092 1858 ut
1123 1818 1228 1858 inde
1260 1828 1421 1858 omnes
1451 1816 1656 1857 civitatis
1685 1828 1917 1868 pauperes

284 1887 533 1927 alerentur.
566 1888 669 1928 Non
695 1900 888 1939 possum
916 1889 1120 1929 scribere
1154 1889 1341 1940 quantis
1371 1888 1614 1940 provisum
1649 1887 1787 1927 fuerit
1823 1887 1918 1927 dili-

281 1958 442 2007 gentia
462 1958 614 1999 Patris
636 1971 693 1999 ex
714 1959 786 1999 his
808 1960 908 2011 qui,
932 1960 1219 2000 verecundia
1241 1958 1470 2011 impediti,
1494 1959 1650 2010 potius
1680 1969 1827 2010 usque
1859 1958 1918 1998 ad

288 2034 485 2068 mortem
505 2030 601 2080 pati
622 2041 759 2081 quam
781 2031 1048 2071 mendicare
1068 2031 1260 2081 eligunt.
1285 2029 1409 2082 Quot
1430 2030 1571 2069 etiam
1592 2040 1766 2080 egenos
1794 2029 1918 2080 apud

288 2097 539 2150 Proregem
574 2100 803 2152 adjuverit
829 2108 1014 2153 praeter
1042 2113 1144 2152 eos,
1174 2101 1251 2152 qui
1272 2101 1397 2141 omni
1417 2100 1678 2152 patrocinio
1709 2100 1919 2140 destituti

283 2171 581 2220 gravissimis
594 2172 898 2213 incommodis
915 2173 1223 2213 afficerentur.
1243 2171 1402 2223 Neque
1415 2171 1576 2211 credat
1592 2170 1645 2210 R.
1667 2170 1714 2210 P.
1735 2171 1785 2210 T.
1806 2183 1919 2222 pau-

289 2251 370 2280 cos
403 2241 544 2281 fuisse
580 2243 634 2282 de
667 2243 832 2294 quibus
867 2245 1048 2294 loquor3
1087 2255 1216 2291 nam,
1255 2242 1293 2282 si
1328 2242 1383 2282 de
1414 2242 1609 2292 singulis
1645 2242 1915 2291 scriberem,

286 2312 474 2361 quando
509 2313 691 2354 litterae
717 2315 1009 2364 legerentur?
1045 2314 1218 2355 Omitto
1254 2325 1435 2365 quoque
1462 2319 1665 2364 quantae
1693 2313 1767 2353 hic
1798 2312 1921 2352 idem

289 2380 336 2420 Ρ.
368 2382 680 2434 Hieronymus
709 2385 834 2435 apud
863 2397 1024 2424 omnes
1052 2385 1346 2424 auctoritatis
1370 2384 1452 2434 sit,
1489 2390 1713 2435 quantam
1741 2384 1783 2423 ei
1811 2383 1917 2423 Pro-

288 2462 370 2491 rex
391 2454 582 2503 tribuat,
615 2461 900 2506 quantopere
931 2466 1090 2495 omnes
1121 2466 1312 2506 operam
1339 2453 1437 2505 ejus
1468 2460 1704 2506 expetant.
1739 2453 1916 2504 Quibus

343 2680 352 2700 ¹
393 2680 456 2714 Sic;
472 2683 529 2709 sed
545 2684 630 2711 forte
647 2693 710 2711 vox
726 2685 809 2712 haec
826 2693 897 2712 una
912 2685 966 2712 hic
980 2693 1041 2720 pro
1057 2693 1139 2712 voce
1156 2686 1240 2712 urbe
1257 2686 1367 2719 posita
1382 2690 1444 2712 est.
1465 2684 1584 2713 Melius
1599 2685 1764 2712 Polanco:
1781 2685 1847 2712 “sic
1869 2685 1916 2712 di-

288 2728 369 2754 vina
390 2729 523 2756 bonitas
544 2739 647 2765 regno
669 2732 804 2759 Siciliae
828 2732 1002 2767 prospexit
1023 2736 1059 2759 ut
1084 2733 1211 2760 nullam
1232 2740 1370 2766 prorsus
1388 2734 1430 2759 ab
1451 2741 1491 2760 ea
1512 2734 1646 2766 (classe)
1668 2733 1859 2760 molestiam
1873 2733 1920 2760 sit

287 2782 420 2808 passa„
434 2777 455 2803 1.
470 2785 509 2809 c..
525 2786 555 2805 n.
571 2779 630 2805 291.

342 2822 355 2840 Ξ
394 2824 594 2852 Benedictus
609 2826 766 2854 Palmius.

343 2871 356 2887 Γ·
393 2870 617 2907 Hieronymus
633 2873 774 2901 Natalis.

342 2919 357 2937 4
394 2918 447 2946 Ita
462 2921 704 2954 apographum.
720 2922 836 2950 Melius
852 2923 1027 2956 Polancus,
1042 2924 1064 2949 l.
1079 2930 1118 2955 c.‚
1136 2929 1166 2949 n.
1182 2922 1244 2950 293:
1260 2923 1480 2956 “erige1·etur.
1497 2922 1551 2956 qui
1567 2922 1774 2956 pauperibus
1791 2922 1913 2949 civita·

287 2965 333 2991 tis
348 2967 561 3001 provideret,
577 2969 631 3001 qui
647 2976 708 2995 non
725 2970 888 2997 haberent
904 2970 1038 2997 aliunde
1055 2970 1268 2997 sustentandi
1283 2977 1318 2997 se
1333 2970 1562 3003 facultatem„.
