2080 3392
284 207 356 244 282
797 206 1023 244 LITTERAE
1049 218 1406 250 QUADRIMESTRES

273 310 380 342 ctus
414 302 559 352 signis
593 301 943 351 demonstratis,
981 314 1154 354 magno
1191 304 1345 345 affecti
1378 306 1553 357 gaudio
1590 313 1903 347 recesserunt.

274 373 383 423 Alii,
407 378 451 412 et
468 372 514 411 hi
530 384 625 412 non
643 373 794 423 pauci,
814 373 1076 424 adfuerunt,
1096 375 1175 426 qui
1191 382 1298 415 ante
1314 377 1485 417 multos
1502 388 1651 417 annos
1667 389 1906 429 nunquam

275 443 527 484 salutiferis
547 444 857 483 sacramentis
877 444 949 484 usi
978 445 1178 497 fuerant,
1203 458 1258 486 ac
1290 447 1415 487 vitiis
1444 447 1694 488 inveterati
1722 460 1778 489 ac
1809 456 1910 489 tan-

274 525 415 565 quam
436 514 644 553 membra
665 513 845 554 inutilia
867 526 921 555 ac
943 515 1075 555 arida
1099 516 1244 556 vitam
1265 516 1480 568 agebant,
1505 519 1623 559 inter
1641 531 1757 570 quos
1775 531 1905 571 prae-

272 585 435 625 sertim
457 591 670 635 repertus
693 584 777 625 fuit
798 597 917 626 unus
940 587 1018 638 qui
1041 593 1180 637 certe,
1204 588 1312 628 licet
1339 589 1506 629 aetatis
1537 596 1769 641 maturae,
1804 597 1911 630 ante

275 662 453 707 septem
483 662 563 695 aut
590 662 695 695 octo
724 668 873 697 annos
907 668 1147 709 nunquam
1183 659 1424 699 confessus
1460 666 1575 711 erat,
1615 666 1658 700 et
1692 662 1835 701 semel
1865 661 1911 701 in

275 727 402 767 omni
424 727 519 766 vita
543 727 602 767 ad
630 739 826 768 coenam
853 728 1042 768 Domini
1073 736 1355 770 accesserat.
1393 731 1646 771 Enimvero
1675 732 1723 772 hi
1752 743 1913 772 omnes

275 804 383 838 sunt
403 798 602 849 impulsi,
627 804 725 838 tum
746 799 805 838 ad
825 807 1129 850 peccatorum
1150 800 1358 841 dolorem
1375 808 1419 841 et
1435 803 1625 853 luctum,
1645 808 1744 843 tum
1760 803 1909 843 conci-

275 869 375 909 liati
398 869 583 909 Christo
605 869 824 921 Domino,
844 882 898 910 ac
917 871 963 910 in
980 871 1103 911 hanc
1121 873 1401 912 sententiam
1419 873 1608 913 adducti
1626 879 1675 914 ut
1692 874 1913 925 deinceps

277 941 426 980 vitam
442 947 568 980 recte
584 940 722 981 factis
740 941 984 992 redimere,
1003 954 1059 982 ac
1077 944 1309 993 tenebras,
1330 944 1375 983 in
1394 944 1558 995 quibus
1570 945 1734 996 perdiu
1747 945 1913 985 misere

277 1012 455 1051 versati
476 1011 681 1062 fuerant,
705 1011 869 1062 fugere
891 1019 1165 1053 statuerent.

356 1082 575 1122 Nonnulli
596 1082 820 1123 haeretici
841 1084 1215 1135 intervenerunt,
1247 1085 1325 1136 qui
1354 1086 1497 1126 nimia
1525 1086 1823 1138 simplicitate
1856 1086 1914 1125 ab

279 1154 504 1206 improbis
521 1154 693 1194 Christi
708 1154 920 1194 hostibus
941 1156 1123 1207 decepti
1144 1156 1343 1197 fuerant:
1368 1169 1532 1197 verum
1550 1170 1693 1209 quum
1708 1158 1777 1198 rei
1793 1158 1910 1197 veri-

276 1231 372 1265 tate
405 1225 578 1274 (divino
612 1225 776 1276 spiritu
812 1225 1115 1276 suffragante)
1152 1234 1307 1267 essent
1345 1229 1561 1268 instructi
1592 1240 1647 1268 ac
1676 1228 1911 1276 illustrati,

274 1295 537 1336 effuderunt
559 1296 852 1336 confessione
874 1309 1009 1337 omne
1039 1309 1273 1338 venenum
1295 1311 1506 1339 errorum
1528 1306 1822 1351 conceptum,
1854 1311 1908 1339 ac

277 1367 342 1406 ita
378 1367 577 1407 absoluti
612 1368 658 1406 in
699 1367 923 1418 Domino,
970 1369 1196 1409 abierunt.
1235 1369 1478 1410 Venerunt
1513 1371 1571 1411 ad
1605 1383 1691 1411 nos
1725 1370 1913 1422 plurimi

226 1439 228 1441 ’
284 1438 361 1478 alii
382 1438 503 1478 varii
524 1438 710 1489 generis
738 1439 957 1478 maximis
986 1452 1040 1479 ac
1072 1440 1420 1481 detestabilibus
1447 1442 1654 1493 peccatis
1679 1442 1839 1482 infecti
1859 1453 1915 1481 ac

279 1510 502 1560 corrupti.

360 1579 665 1620 Elaboratum
695 1586 764 1620 est
795 1588 843 1620 ut
875 1582 1125 1621 nonnullae
1152 1582 1263 1622 item
1290 1584 1559 1640 meretrices
1587 1590 1631 1623 et
1652 1583 1915 1624 huiusmodi

280 1651 398 1691 aliae
434 1664 459 1690 a
494 1651 736 1691 libidinum
771 1651 985 1692 sordibus
1020 1660 1348 1704 avocarentur,
1387 1654 1692 1706 effectumque
1723 1655 1913 1694 tandem

282 1728 350 1762 est
378 1728 428 1762 ut
456 1734 515 1762 ex
543 1723 631 1762 illis
660 1734 800 1762 unam
828 1735 938 1763 vere
966 1736 1021 1763 ac
1053 1731 1179 1764 recte
1206 1725 1488 1776 poenituerit
1522 1737 1713 1765 suorum
1745 1737 1913 1777 pecca—

283 1800 456 1842 torum,
490 1800 586 1833 tum
616 1794 739 1834 vitae
766 1796 1049 1845 praeteritae
1077 1807 1272 1836 morum.
1303 1795 1433 1845 Alia,
1466 1808 1583 1848 quae
1605 1797 1745 1836 etiam
1776 1808 1802 1836 a
1824 1797 1913 1848 pie-

282 1870 378 1904 tate
409 1864 711 1913 abhorrebat,
750 1865 833 1905 fuit
869 1866 1120 1906 constituta
1152 1867 1198 1906 in
1234 1867 1545 1907 foeminarum
1579 1879 1916 1907 conversarum

282 1935 529 1984 coenobio,
567 1936 719 1986 ibique
752 1937 1090 1977 studiosissime
1127 1949 1175 1977 se
1206 1944 1351 1977 totam
1388 1938 1548 1978 divino
1577 1939 1719 1978 cultui
1754 1938 1911 1978 tradit.

282 2005 531 2046 Caeterum
560 2018 702 2057 quum
729 2007 775 2046 in
804 2007 971 2047 harum
1008 2008 1317 2048 foeminarum
1351 2020 1613 2048 sermonem
1648 2009 1911 2059 incidimuS,

280 2087 376 2116 non
394 2077 681 2117 committam
701 2078 811 2128 quin
827 2078 1031 2118 breviter
1049 2090 1211 2118 earum
1227 2079 1448 2130 pietatem
1466 2080 1795 2131 perstringam.
1814 2080 1915 2120 Hae

282 2148 438 2198 itaque
461 2147 606 2187 divini
633 2148 836 2187 numinis
862 2149 1096 2199 praesidio
1125 2150 1237 2189 satis
1266 2150 1458 2190 honeste
1487 2163 1540 2190 ac
1570 2151 1642 2202 pie
1671 2163 1718 2191 se
1745 2159 1914 2202 gerunt

282 2219 330 2258 in
364 2219 590 2269 religione
626 2226 668 2259 et
704 2220 893 2270 spiritus
928 2221 1110 2260 ratione
1147 2233 1200 2260 ac
1235 2222 1337 2271 via,
1372 2234 1426 2261 ac
1454 2222 1681 2273 singulari
1711 2222 1913 2273 flagrant

284 2290 436 2329 studio
460 2290 744 2330 resarciendi
773 2291 994 2330 damnum
1015 2298 1058 2331 et
1081 2293 1280 2342 culpam,
1306 2304 1424 2343 quae
1446 2304 1472 2332 a
1494 2305 1542 2332 se
1572 2294 1618 2332 in
1638 2294 1811 2333 mundo
1847 2301 1916 2333 est

283 2361 558 2409 commissa;
597 2362 858 2401 inserviunt
898 2362 1094 2401 viriliter
1134 2363 1340 2413 spiritui,
1378 2364 1707 2414 cupiditatibus
1742 2376 1914 2415 magno

281 2431 512 2482 imperant
535 2433 711 2481 animo,
741 2444 911 2484 corpus
939 2433 1192 2483 castigant,
1226 2445 1279 2473 ac
1308 2433 1353 2473 id
1379 2434 1575 2474 rationis
1606 2435 1847 2486 obsequio,
1872 2443 1916 2475 et

282 2502 404 2541 hanc
440 2502 527 2542 Dei
561 2503 755 2554 imperio
791 2504 1063 2554 subiiciunt,
1104 2504 1309 2544 animum
1344 2505 1540 2555 vigiliis,
1574 2506 1837 2546 orationum
1871 2514 1915 2546 et

283 2580 687 2613 sacramentorum
722 2573 981 2625 frequentia
1018 2576 1160 2624 alunt,
1201 2582 1338 2627 atque
1373 2577 1559 2627 quidem
1595 2577 1835 2617 declarant
1869 2577 1915 2617 in

283 2643 422 2682 rebus
443 2644 637 2693 agendis
660 2656 832 2695 magna
854 2645 1119 2684 constantia
1148 2657 1281 2685 suam
1302 2647 1614 2686 vocationem.

367 2713 455 2754 Sed
479 2714 614 2754 modo
637 2715 695 2754 ad
719 2715 764 2754 id
785 2715 906 2755 unde
928 2716 1226 2756 discessimus
1246 2717 1507 2757 redeamus.
1537 2717 1755 2757 Nonnulli
1775 2718 1916 2758 etiam

285 2792 590 2825 accurrerunt
603 2786 661 2825 ad
675 2797 774 2837 nos,
790 2787 868 2836 qui
880 2786 987 2825 alibi
999 2793 1194 2837 peccata
1208 2787 1391 2827 fuerant
1405 2788 1621 2838 confessi,
1637 2794 1793 2828 tamen
1810 2800 1914 2829 cum

285 2855 491 2894 animum
513 2856 718 2906 quietum
739 2863 782 2896 et
804 2857 1015 2896 sedatum
1042 2858 1213 2897 habere
1240 2870 1332 2897 non
1363 2865 1576 2909 possent,
1612 2870 1667 2898 ac
1697 2860 1752 2898 de
1780 2860 1916 2900 nobis

287 2925 540 2973 audissent,
564 2938 649 2966 nos
671 2928 847 2977 precati
870 2934 976 2967 sunt
996 2935 1045 2967 ut
1067 2928 1112 2967 in
1130 2928 1217 2967 hoc
1234 2928 1496 2968 animarum
1514 2931 1704 2969 lavacro
1724 2930 1914 2970 adiuva—

286 3002 461 3043 rentur,
485 3008 539 3036 ac
562 3009 694 3036 suam
718 2997 1059 3038 confessionem
1079 2999 1468 3050 redintegrantes,
1502 3001 1656 3040 exacti
1687 3001 1916 3040 examinis
