2080 3392
275 167 345 203 496
786 166 1013 203 LITTERAE
1039 176 1398 208 QUADRIMESTRES

276 265 412 304 valde
434 263 634 303 recreati
655 269 776 302 sunt.
799 262 851 302 In
873 263 991 303 atrio
1019 269 1125 303 sunt
1154 263 1358 303 sedecim
1380 264 1648 314 columnae,
1673 276 1791 315 quae
1812 265 1908 305 fere

276 346 435 374 omnes
457 333 798 384 epigrammata
827 333 1002 385 scripta
1024 346 1050 373 a
1072 333 1121 373 P.
1156 334 1458 374 Emmanuele
1479 333 1487 352 ¹
1510 335 1764 385 habebant,
1789 347 1907 387 quae

275 405 488 446 certatim
519 404 752 456 descripta
779 411 886 445 sunt
915 417 941 444 a
972 404 1231 456 J'uventute.
1255 405 1457 456 Vesperi
1485 405 1640 445 theses
1673 407 1906 447 oratorias

274 476 554 516 sustentavit
589 487 705 527 puer
739 476 947 527 quidam,
988 476 1065 527 qui
1099 476 1182 516 vix
1217 477 1448 516 decimum
1489 477 1701 527 quintum
1737 489 1911 517 annum

274 547 390 598 agit,
429 547 511 586 sed
542 547 640 586 acri
666 547 906 597 praeditus
939 547 1149 597 ingenio;
1180 547 1607 598 condiscipulorum
1636 547 1759 599 ejus,
1794 559 1909 600 quos

274 618 478 670 oportuit
509 618 844 668 argumentari,
874 619 1028 658 locum
1056 624 1407 675 occupaverunt
1438 619 1614 670 aliquot
1646 619 1737 659 viri
1768 619 1907 669 docti,

272 690 349 741 qui
370 689 465 729 suis
487 689 777 739 argumentis
798 688 1161 740 disputationem
1183 689 1543 729 decoraverunt.
1562 689 1673 729 Mox
1688 689 1910 741 juventus

272 761 318 800 in
339 760 540 812 quinque
560 761 812 811 gymnasia
833 759 1077 800 distributa
1105 766 1195 810 est;
1226 760 1304 812 qui
1328 766 1435 800 sunt
1457 761 1504 800 in
1525 761 1686 812 quinto
1709 772 1910 812 gymna-

271 832 362 882 sio,
397 843 502 871 cum
531 840 747 882 graecae·
767 831 1107 882 grammaticae
1141 831 1406 871 rudimenta
1435 832 1786 882 degustassent,
1813 832 1910 872 divi

271 903 429 942 Basilii
469 903 714 954 epistolam
759 903 1011 954 quamdam
1057 902 1218 942 audire
1259 909 1529 953 coeperunt.
1576 903 1712 943 Hunc
1764 903 1909 943 etiam

271 974 423 1024 ipsum
448 973 638 1013 Domini
659 973 874 1013 Natalem
895 973 1016 1013 diem
1035 973 1191 1013 multis
1215 973 1500 1013 carminibus
1523 974 1760 1024 prosecuti
1782 980 1907 1014 sunt.

350 1044 666 1085 Scholasticos
702 1045 928 1084 habemus
962 1044 1051 1084 hoc
1082 1050 1290 1095 ternpore
1326 1044 1694 1095 quadringentos
1725 1051 1911 1096 praeter

272 1127 366 1167 eos,
391 1116 469 1167 qui
490 1115 538 1155 P.
563 1115 806 1156 Francisci
827 1115 1093 1166 Rodriguez
1124 1115 1371 1155 lectionem
1392 1114 1448 1154 de
1480 1116 1717 1167 theologia
1747 1117 1913 1158 morali

272 1186 466 1226 audiunt
500 1185 532 1236 ²,
568 1199 626 1226 ex
654 1198 745 1237 qua
775 1197 975 1236 magnus
1005 1185 1186 1225 fructus
1221 1191 1463 1236 speratur;
1495 1186 1617 1226 idem
1648 1186 1912 1227 doctrinam

271 1259 577 1298 christianam
615 1258 662 1297 in
697 1258 870 1308 templo
906 1257 1048 1297 etiam
1087 1257 1248 1297 diebus
1288 1256 1421 1297 festis
1458 1257 1812 1309 interpretatur,
1852 1258 1910 1298 ad

271 1341 413 1381 quam
432 1329 626 1369 veniunt
655 1329 856 1377 externi3
882 1340 991 1368 nam
1019 1327 1291 1368 scholastici
1319 1328 1623 1368 instituuntur
1652 1328 1813 1368 diebus
1834 1329 1911 1369 do-

271 1400 454 1440 minicis
480 1400 526 1439 in
549 1411 632 1439 suo
654 1399 849 1451 quisque
870 1399 1132 1450 gymnasio,
1159 1398 1269 1450 quin
1291 1398 1455 1438 damus
1483 1399 1623 1439 etiam
1647 1410 1841 1450 operam
1859 1405 1907 1440 ut

271 1483 390 1523 quae
412 1471 536 1511 domi
557 1477 747 1510 nostrae
770 1470 999 1519 ediscunt,
1023 1470 1111 1521 ipsi
1132 1469 1400 1510 domesticis
1422 1471 1780 1511 communicent.

349 1542 540 1582 Fratres
575 1542 821 1592 diligenter
857 1547 996 1592 atque
1031 1541 1177 1581 alacri
1212 1541 1367 1581 animo
1404 1540 1497 1591 hiS‚
1533 1553 1652 1593 quae
1688 1554 1714 1581 a
1745 1548 1909 1582 sancta

272 1613 537 1653 obedientia
569 1612 778 1664 injuncta
805 1619 926 1662 sunt,
956 1618 1144 1652 vacant.
1175 1612 1405 1652 Dominus
1434 1612 1645 1663 Ignatius
1674 1611 1687 1630 ³
1718 1619 1787 1652 est
1809 1612 1908 1653 Col-

270 1684 380 1734 legii
408 1684 593 1733 Rector,
618 1685 695 1736 qui
718 1696 878 1724 omnes
906 1695 990 1723 suo
1013 1684 1225 1735 exemplo
1247 1694 1534 1735 magnopere
1562 1684 1656 1733 alit;
1693 1689 1762 1723 est
1784 1683 1906 1723 enim

271 1767 382 1795 vere
413 1756 619 1795 omnium
654 1755 878 1795 minister.
917 1754 1183 1794 Audiuntur
1219 1755 1359 1794 etiam
1388 1755 1563 1794 multae
1587 1754 1908 1794 confessiones

271 1832 571 1866 externorum
593 1832 637 1866 et
658 1826 717 1866 ad
739 1837 925 1866 sacram
947 1825 1164 1877 synaxim
1187 1825 1416 1865 accedunt
1438 1837 1563 1865 nunc
1586 1826 1759 1876 plures,
1784 1836 1907 1864 nunc

272 1898 538 1948 pauciores,
575 1909 660 1948 pro
695 1897 918 1948 temporis
953 1897 1156 1947 ratione3
1192 1908 1301 1936 nam
1335 1908 1418 1948 per
1454 1896 1540 1936 hos
1577 1896 1698 1946 dies,
1739 1896 1904 1947 quibus

268 1968 442 2009 Christi
471 1968 582 2021 Jesu
608 1968 789 2007 Natalis
816 1968 913 2007 dies
942 1968 1203 2007 celebratus
1235 1974 1318 2017 est,
1343 1967 1539 2007 trecenti
1562 1967 1672 2016 fere,
1697 1967 1907 2018 exceptis

267 2040 575 2090 scholasticis,
607 2039 666 2079 ad
695 2050 907 2079 mensam
939 2051 1049 2078 vere
1078 2039 1351 2088 salutarem,
1385 2044 1700 2078 accesserunt.
1738 2038 1906 2093 Frater

267 2110 584 2151 Bernardinus
605 2109 620 2128 ⁴
640 2109 886 2160 diligenter
908 2115 1041 2149 curat
1064 2121 1139 2159 ea,
1160 2121 1279 2161 quae
1297 2109 1513 2160 captivis,
1533 2121 1639 2149 cum
1657 2109 1822 2160 quibus
1838 2113 1908 2148 est

266 2181 314 2221 Ρ.
337 2182 541 2234 Joannes
571 2181 745 2230 Nune2‚
769 2181 1036 2220 necessaria
1065 2186 1192 2230 sunt3
1216 2192 1413 2231 cumque
1441 2180 1762 2231 superioribus
1784 2191 1906 2219 men-

266 2253 392 2292 sibus
426 2253 549 2292 mille
585 2258 628 2292 et
664 2252 942 2303 quingentos
978 2263 1146 2291 aureos
1178 2251 1236 2291 ad
1267 2263 1373 2291 eum
1403 2251 1596 2300 miserit,
1631 2262 1754 2291 nunc
1789 2251 1906 2290 alios

266 2323 376 2363 item
403 2324 682 2374 quingentos
712 2323 865 2371 mittit,
896 2329 945 2362 ut
972 2322 1147 2373 captivi
1175 2323 1350 2374 aliquot
1377 2322 1680 2362 redimantur.
1708 2321 1905 2372 Quidam

266 2394 405 2433 etiam
426 2394 499 2433 vir
520 2393 687 2433 nobilis
709 2393 923 2445 captivos
953 2404 1123 2432 novem
1145 2393 1201 2433 de
1231 2405 1316 2433 sua
1341 2393 1541 2444 pecunia
1573 2392 1737 2432 redimi
1755 2391 1896 2443 jubet.

346 2464 599 2504 Nobiscum
629 2470 736 2504 sunt
762 2475 885 2503 nunc
921 2463 1092 2503 Paulus
1121 2463 1439 2504 Ormuzius'et
1464 2463 1735 2503 Bernardus
1764 2462 1900 2515 Japo-

266 2534 390 2585 nius,
416 2540 609 2586 uterque
637 2546 810 2585 magna
834 2534 1064 2586 probitate
1091 2540 1228 2585 atque
1257 2534 1445 2585 ingenio
1468 2533 1726 2585 praeditus,
1752 2532 1902 2573 Socie-

265 2605 375 2645 tatis
409 2611 564 2645 autem
597 2616 742 2657 usque
775 2604 891 2645 adeo
923 2611 1148 2656 amantes,
1178 2611 1228 2645 ut
1258 2605 1304 2644 in
1336 2616 1390 2645 ea
1422 2605 1521 2645 nati
1551 2610 1690 2655 atque
1721 2603 1903 2644 educati

322 2739 331 2758 ¹
374 2739 409 2766 Ρ.
426 2740 627 2767 Emmanuel
639 2741 801 2768 Alvarez.

319 2787 333 2806 ‘2
371 2787 416 2814 Iis
428 2788 656 2815 emendandus
671 2788 808 2815 videtur
824 2788 1006 2821 Polancus,
1030 2789 1084 2822 qui
1100 2787 1133 2815 in
1157 2787 1331 2821 Chronico,
1349 2790 1373 2814 t.
1389 2794 1443 2820 111,
1458 2794 1536 2821 pag.
1552 2785 1614 2818 404,
1630 2793 1661 2812 n.
1676 2785 1737 2817 889.
1753 2785 1800 2812 sic
1815 2785 1898 2812 scri·

266 2834 333 2861 bit:
355 2834 409 2861 Ad
427 2835 693 2869 quadringentos
709 2837 855 2863 accessit
877 2843 1036 2863 numerus
1059 2835 1357 2869 scholasticorum,
1376 2834 1429 2868 qui
1446 2834 1582 2861 Patrem
1598 2832 1819 2860 Franciscum
1833 2831 1900 2859 Ro-

266 2881 412 2915 driguez,
428 2882 590 2909 lectorem
605 2890 743 2910 casuum
759 2883 986 2910 conscientiae
1001 2883 1196 2910 audiebant.

318 2928 331 2947 '⁵
369 2928 405 2955 Ρ.
420 2928 575 2963 Ignatius
588 2930 627 2956 de
640 2930 807 2962 Acebedo‚
822 2935 942 2964 postea
958 2930 1085 2957 Christi
1100 2934 1245 2965 martyr.

319 2976 332 2995 ‘¹
369 2975 601 3003 Bernardinus
618 2985 637 3004 a
653 2976 813 3011 Regibus.
