<?xml version="1.0" encoding="UTF-8"?>
<!DOCTYPE html PUBLIC "-//W3C//DTD XHTML 1.0 Transitional//EN"
    "http://www.w3.org/TR/xhtml1/DTD/xhtml1-transitional.dtd">
<html xmlns="http://www.w3.org/1999/xhtml" xml:lang="en" lang="en">
 <head>
  <title>
</title>
<meta http-equiv="Content-Type" content="text/html;charset=utf-8" />
  <meta name='ocr-system' content='tesseract 3.04.00' />
  <meta name='ocr-capabilities' content='ocr_page ocr_carea ocr_par ocr_line ocrx_word'/>
</head>
<body>
  <div class='ocr_page' id='page_1' title='image "./litteraequadrime14lain_0155.png"; bbox 0 0 2080 3392; ppageno 0'>
   <div class='ocr_carea' id='block_1_1' title="bbox 851 161 1774 198">
    <p class='ocr_par' dir='ltr' id='par_1_1' title="bbox 851 161 1774 198">
     <span class='ocr_line' id='line_1_1' title="bbox 851 161 1774 198; baseline -0.001 0"><span class='ocrx_word' id='word_1_1' title='bbox 851 161 934 198; x_wconf 82' lang='lat' dir='ltr'>AN.</span> <span class='ocrx_word' id='word_1_2' title='bbox 965 161 1057 198; x_wconf 75' lang='lat'>1553</span> <span class='ocrx_word' id='word_1_3' title='bbox 1711 161 1774 197; x_wconf 72' lang='lat'>151</span> 
     </span>
    </p>
   </div>
   <div class='ocr_carea' id='block_1_2' title="bbox 139 257 1778 452">
    <p class='ocr_par' dir='ltr' id='par_1_2' title="bbox 139 257 1778 452">
     <span class='ocr_line' id='line_1_2' title="bbox 139 257 1778 312; baseline -0.002 -12"><span class='ocrx_word' id='word_1_4' title='bbox 139 258 518 312; x_wconf 82' lang='lat' dir='ltr'>quandoquidem</span> <span class='ocrx_word' id='word_1_5' title='bbox 540 270 589 298; x_wconf 90' lang='lat' dir='ltr'>se</span> <span class='ocrx_word' id='word_1_6' title='bbox 611 259 739 309; x_wconf 89' lang='lat' dir='ltr'>ipsos</span> <span class='ocrx_word' id='word_1_7' title='bbox 760 259 958 310; x_wconf 75' lang='lat' dir='ltr'>prodere</span> <span class='ocrx_word' id='word_1_8' title='bbox 977 259 1227 298; x_wconf 89' lang='lat' dir='ltr'>voluerunt</span> <span class='ocrx_word' id='word_1_9' title='bbox 1257 269 1311 298; x_wconf 90' lang='lat' dir='ltr'>eo</span> <span class='ocrx_word' id='word_1_10' title='bbox 1341 258 1464 308; x_wconf 84' lang='lat' dir='ltr'>quod</span> <span class='ocrx_word' id='word_1_11' title='bbox 1491 257 1618 297; x_wconf 82' lang='lat' dir='ltr'>Patri</span> <span class='ocrx_word' id='word_1_12' title='bbox 1641 258 1778 298; x_wconf 86' lang='lat' dir='ltr'>confi-</span> 
     </span>
     <span class='ocr_line' id='line_1_3' title="bbox 140 329 1774 380; baseline -0.002 -9"><span class='ocrx_word' id='word_1_13' title='bbox 140 337 316 371; x_wconf 82' lang='lat' dir='ltr'>teretur</span> <span class='ocrx_word' id='word_1_14' title='bbox 348 336 427 369; x_wconf 86' lang='lat' dir='ltr'>aut</span> <span class='ocrx_word' id='word_1_15' title='bbox 454 329 719 379; x_wconf 75' lang='lat' dir='ltr'>theologiae</span> <span class='ocrx_word' id='word_1_16' title='bbox 740 330 927 369; x_wconf 88' lang='lat' dir='ltr'>studere</span> <span class='ocrx_word' id='word_1_17' title='bbox 948 330 1102 369; x_wconf 88' lang='lat' dir='ltr'>vellet.</span> <span class='ocrx_word' id='word_1_18' title='bbox 1127 329 1197 369; x_wconf 88' lang='lat' dir='ltr'>De</span> <span class='ocrx_word' id='word_1_19' title='bbox 1218 329 1307 369; x_wconf 88' lang='lat' dir='ltr'>hoc</span> <span class='ocrx_word' id='word_1_20' title='bbox 1328 329 1376 369; x_wconf 88' lang='lat' dir='ltr'>P.</span> <span class='ocrx_word' id='word_1_21' title='bbox 1402 329 1452 369; x_wconf 89' lang='lat' dir='ltr'>T.</span> <span class='ocrx_word' id='word_1_22' title='bbox 1479 340 1585 368; x_wconf 89' lang='lat' dir='ltr'>cum</span> <span class='ocrx_word' id='word_1_23' title='bbox 1614 329 1774 380; x_wconf 79' lang='lat' dir='ltr'>ipsius,</span> 
     </span>
     <span class='ocr_line' id='line_1_4' title="bbox 140 399 1409 452; baseline -0.002 -10"><span class='ocrx_word' id='word_1_24' title='bbox 140 409 238 442; x_wconf 88' lang='lat' dir='ltr'>tum</span> <span class='ocrx_word' id='word_1_25' title='bbox 261 400 413 441; x_wconf 88' lang='lat' dir='ltr'>Patris</span> <span class='ocrx_word' id='word_1_26' title='bbox 434 399 652 449; x_wconf 88' lang='lat' dir='ltr'>Adriani,</span> <span class='ocrx_word' id='word_1_27' title='bbox 677 400 905 451; x_wconf 77' lang='lat' dir='ltr'>speciales</span> <span class='ocrx_word' id='word_1_28' title='bbox 926 400 1107 440; x_wconf 79' lang='lat' dir='ltr'>litteras</span> <span class='ocrx_word' id='word_1_29' title='bbox 1129 400 1409 452; x_wconf 77' lang='lat' dir='ltr'>expectabit.</span> 
     </span>
    </p>
   </div>
   <div class='ocr_carea' id='block_1_3' title="bbox 138 612 1774 796">
    <p class='ocr_par' dir='ltr' id='par_1_3' title="bbox 138 612 1774 796">
     <span class='ocr_line' id='line_1_5' title="bbox 222 612 1774 665; baseline 0.001 -13"><span class='ocrx_word' id='word_1_30' title='bbox 222 613 590 664; x_wconf 39' lang='lat' dir='ltr'>Szftperscmptz&#39;o.</span> <span class='ocrx_word' id='word_1_31' title='bbox 614 615 640 660; x_wconf 79' lang='lat'>†</span> <span class='ocrx_word' id='word_1_32' title='bbox 662 613 762 653; x_wconf 76' lang='lat' dir='ltr'>R.d0</span> <span class='ocrx_word' id='word_1_33' title='bbox 784 613 830 653; x_wconf 89' lang='lat' dir='ltr'>in</span> <span class='ocrx_word' id='word_1_34' title='bbox 850 612 931 653; x_wconf 86' lang='lat' dir='ltr'>X.0</span> <span class='ocrx_word' id='word_1_35' title='bbox 954 612 1079 653; x_wconf 88' lang='lat' dir='ltr'>Patri</span> <span class='ocrx_word' id='word_1_36' title='bbox 1102 612 1160 652; x_wconf 92' lang='lat' dir='ltr'>D.</span> <span class='ocrx_word' id='word_1_37' title='bbox 1185 613 1367 663; x_wconf 77' lang='lat' dir='ltr'>ignatio</span> <span class='ocrx_word' id='word_1_38' title='bbox 1391 612 1544 653; x_wconf 89' lang='lat' dir='ltr'>Gnali.</span> <span class='ocrx_word' id='word_1_39' title='bbox 1575 613 1774 665; x_wconf 87' lang='lat' dir='ltr'>Praepo-</span> 
     </span>
     <span class='ocr_line' id='line_1_6' title="bbox 138 683 637 724; baseline -0.002 0"><span class='ocrx_word' id='word_1_40' title='bbox 138 685 228 724; x_wconf 86' lang='lat' dir='ltr'>sito</span> <span class='ocrx_word' id='word_1_41' title='bbox 250 683 500 724; x_wconf 82' lang='lat' dir='ltr'>Societatis</span> <span class='ocrx_word' id='word_1_42' title='bbox 520 684 637 724; x_wconf 88' lang='lat' dir='ltr'>Iesu.</span> 
     </span>
     <span class='ocr_line' id='line_1_7' title="bbox 216 754 409 796; baseline 0 -1"><span class='ocrx_word' id='word_1_43' title='bbox 216 754 409 796; x_wconf 87' lang='lat' dir='ltr'>Romae.</span> 
     </span>
    </p>
   </div>
   <div class='ocr_carea' id='block_1_4' title="bbox 218 825 1279 948">
    <p class='ocr_par' dir='ltr' id='par_1_4' title="bbox 218 825 1279 948">
     <span class='ocr_line' id='line_1_8' title="bbox 218 825 1263 877; baseline -0.003 -11"><span class='ocrx_word' id='word_1_44' title='bbox 218 826 282 866; x_wconf 83' lang='lat' dir='ltr'>Et</span> <span class='ocrx_word' id='word_1_45' title='bbox 303 826 364 866; x_wconf 85' lang='lat' dir='ltr'>ad</span> <span class='ocrx_word' id='word_1_46' title='bbox 386 825 637 866; x_wconf 72' lang='lat' dir='ltr'>sinistram</span> <span class='ocrx_word' id='word_1_47' title='bbox 647 826 863 877; x_wconf 75' lang='lat' dir='ltr'>paginae</span> <span class='ocrx_word' id='word_1_48' title='bbox 883 837 1043 866; x_wconf 72' lang='lat' dir='ltr'>oram:</span> <span class='ocrx_word' id='word_1_49' title='bbox 1063 825 1263 866; x_wconf 84' lang='lat' dir='ltr'>Franco.</span> 
     </span>
     <span class='ocr_line' id='line_1_9' title="bbox 219 896 1279 948; baseline -0.003 -11"><span class='ocrx_word' id='word_1_50' title='bbox 219 896 330 937; x_wconf 75' lang='lat' dir='ltr'>Alia</span> <span class='ocrx_word' id='word_1_51' title='bbox 366 908 511 936; x_wconf 78' lang='lat' dir='ltr'>mann</span> <span class='ocrx_word' id='word_1_52' title='bbox 529 909 543 937; x_wconf 95' lang='lat'>.·</span> <span class='ocrx_word' id='word_1_53' title='bbox 568 896 682 937; x_wconf 77' lang='lat'>1553.</span> <span class='ocrx_word' id='word_1_54' title='bbox 706 897 925 948; x_wconf 75' lang='lat' dir='ltr'>Lovanfi,</span> <span class='ocrx_word' id='word_1_55' title='bbox 954 897 1000 937; x_wconf 88' lang='lat'>17</span> <span class='ocrx_word' id='word_1_56' title='bbox 1022 897 1119 937; x_wconf 86' lang='lat' dir='ltr'>Cal.</span> <span class='ocrx_word' id='word_1_57' title='bbox 1142 897 1279 937; x_wconf 82' lang='lat' dir='ltr'>Febr.</span> 
     </span>
    </p>
   </div>
   <div class='ocr_carea' id='block_1_5' title="bbox 833 1326 1071 1380">
    <p class='ocr_par' dir='ltr' id='par_1_5' title="bbox 833 1326 1071 1380">
     <span class='ocr_line' id='line_1_10' title="bbox 833 1326 1071 1380; baseline -0.008 0"><span class='ocrx_word' id='word_1_58' title='bbox 833 1326 1071 1380; x_wconf 81' lang='lat' dir='ltr'>CXCIX</span> 
     </span>
    </p>
   </div>
   <div class='ocr_carea' id='block_1_6' title="bbox 206 1554 979 1733">
    <p class='ocr_par' dir='ltr' id='par_1_6' title="bbox 206 1554 979 1733">
     <span class='ocr_line' id='line_1_11' title="bbox 206 1554 700 1592; baseline 0.002 -1"><span class='ocrx_word' id='word_1_59' title='bbox 206 1554 254 1591; x_wconf 82' lang='lat' dir='ltr'>P.</span> <span class='ocrx_word' id='word_1_60' title='bbox 274 1554 437 1592; x_wconf 86' lang='lat' dir='ltr'>Paulus</span> <span class='ocrx_word' id='word_1_61' title='bbox 459 1555 495 1591; x_wconf 88' lang='lat' dir='ltr'>d&#39;</span> <span class='ocrx_word' id='word_1_62' title='bbox 516 1555 700 1592; x_wconf 75' lang='lat' dir='ltr'>Achillis</span> 
     </span>
     <span class='ocr_line' id='line_1_12' title="bbox 255 1620 841 1668; baseline -0.002 -11"><span class='ocrx_word' id='word_1_63' title='bbox 255 1620 375 1657; x_wconf 88' lang='lat' dir='ltr'>Patri</span> <span class='ocrx_word' id='word_1_64' title='bbox 396 1620 564 1668; x_wconf 80' lang='lat' dir='ltr'>Ignatio</span> <span class='ocrx_word' id='word_1_65' title='bbox 584 1620 637 1658; x_wconf 91' lang='lat' dir='ltr'>de</span> <span class='ocrx_word' id='word_1_66' title='bbox 658 1621 841 1668; x_wconf 88' lang='lat' dir='ltr'>Loyola.</span> 
     </span>
     <span class='ocr_line' id='line_1_13' title="bbox 301 1685 979 1733; baseline 0.001 -11"><span class='ocrx_word' id='word_1_67' title='bbox 301 1685 535 1729; x_wconf 84' lang='lat' dir='ltr'>Panormo,</span> <span class='ocrx_word' id='word_1_68' title='bbox 557 1686 602 1723; x_wconf 75' lang='lat'>27</span> <span class='ocrx_word' id='word_1_69' title='bbox 621 1686 818 1733; x_wconf 83' lang='lat' dir='ltr'>Januarii</span> <span class='ocrx_word' id='word_1_70' title='bbox 840 1687 931 1723; x_wconf 78' lang='lat'>1553</span> <span class='ocrx_word' id='word_1_71' title='bbox 953 1688 979 1723; x_wconf 79' lang='lat'>¹.</span> 
     </span>
    </p>
   </div>
   <div class='ocr_carea' id='block_1_7' title="bbox 729 1932 1186 1980">
    <p class='ocr_par' dir='ltr' id='par_1_7' title="bbox 729 1932 1186 1980">
     <span class='ocr_line' id='line_1_14' title="bbox 729 1932 1186 1980; baseline -0.002 -6"><span class='ocrx_word' id='word_1_72' title='bbox 729 1932 902 1974; x_wconf 81' lang='lat' dir='ltr'>IESUS</span> <span class='ocrx_word' id='word_1_73' title='bbox 930 1935 957 1980; x_wconf 60' lang='grc' dir='ltr'>ἦ·</span> <span class='ocrx_word' id='word_1_74' title='bbox 983 1933 1186 1974; x_wconf 85' lang='lat' dir='ltr'><strong>MARIA</strong></span> 
     </span>
    </p>
   </div>
   <div class='ocr_carea' id='block_1_8' title="bbox 215 2182 938 2225">
    <p class='ocr_par' dir='ltr' id='par_1_8' title="bbox 215 2182 938 2225">
     <span class='ocr_line' id='line_1_15' title="bbox 215 2182 938 2225; baseline 0.003 -2"><span class='ocrx_word' id='word_1_75' title='bbox 215 2182 361 2224; x_wconf 90' lang='lat' dir='ltr'>Molto</span> <span class='ocrx_word' id='word_1_76' title='bbox 382 2183 484 2223; x_wconf 78' lang='lat' dir='ltr'>R.d0</span> <span class='ocrx_word' id='word_1_77' title='bbox 499 2184 543 2224; x_wconf 88' lang='lat' dir='ltr'>in</span> <span class='ocrx_word' id='word_1_78' title='bbox 569 2183 756 2225; x_wconf 89' lang='lat' dir='ltr'>Christo</span> <span class='ocrx_word' id='word_1_79' title='bbox 772 2184 938 2225; x_wconf 85' lang='lat' dir='ltr'>Padre.</span> 
     </span>
    </p>
   </div>
   <div class='ocr_carea' id='block_1_9' title="bbox 133 2254 1775 2368">
    <p class='ocr_par' dir='ltr' id='par_1_9' title="bbox 133 2254 1775 2368">
     <span class='ocr_line' id='line_1_16' title="bbox 215 2254 1775 2309; baseline 0.001 -15"><span class='ocrx_word' id='word_1_80' title='bbox 215 2254 283 2294; x_wconf 89' lang='lat' dir='ltr'>La</span> <span class='ocrx_word' id='word_1_81' title='bbox 310 2255 478 2306; x_wconf 79' lang='lat' dir='ltr'>gracia</span> <span class='ocrx_word' id='word_1_82' title='bbox 505 2267 530 2295; x_wconf 90' lang='lat' dir='ltr'>e</span> <span class='ocrx_word' id='word_1_83' title='bbox 557 2267 674 2307; x_wconf 87' lang='lat' dir='ltr'>pace</span> <span class='ocrx_word' id='word_1_84' title='bbox 709 2255 756 2296; x_wconf 89' lang='lat' dir='ltr'>di</span> <span class='ocrx_word' id='word_1_85' title='bbox 791 2255 937 2297; x_wconf 82' lang='lat' dir='ltr'>Giesu</span> <span class='ocrx_word' id='word_1_86' title='bbox 969 2256 1155 2297; x_wconf 90' lang='lat' dir='ltr'>Christo</span> <span class='ocrx_word' id='word_1_87' title='bbox 1190 2262 1352 2297; x_wconf 89' lang='lat' dir='ltr'>nostro</span> <span class='ocrx_word' id='word_1_88' title='bbox 1386 2255 1557 2308; x_wconf 81' lang='lat' dir='ltr'>Signor</span> <span class='ocrx_word' id='word_1_89' title='bbox 1592 2268 1775 2309; x_wconf 89' lang='lat' dir='ltr'>sempre</span> 
     </span>
     <span class='ocr_line' id='line_1_17' title="bbox 133 2326 940 2368; baseline 0.002 -3"><span class='ocrx_word' id='word_1_90' title='bbox 133 2337 300 2366; x_wconf 83' lang='lat' dir='ltr'>cresca</span> <span class='ocrx_word' id='word_1_91' title='bbox 319 2338 378 2366; x_wconf 90' lang='lat' dir='ltr'>ne</span> <span class='ocrx_word' id='word_1_92' title='bbox 398 2326 413 2366; x_wconf 92' lang='lat' dir='ltr'>i</span> <span class='ocrx_word' id='word_1_93' title='bbox 434 2326 565 2367; x_wconf 85' lang='lat' dir='ltr'>cuori</span> <span class='ocrx_word' id='word_1_94' title='bbox 586 2327 749 2367; x_wconf 86' lang='lat' dir='ltr'>nostri.</span> <span class='ocrx_word' id='word_1_95' title='bbox 773 2326 940 2368; x_wconf 89' lang='lat' dir='ltr'>Amen.</span> 
     </span>
    </p>
   </div>
   <div class='ocr_carea' id='block_1_10' title="bbox 129 2396 1776 2879">
    <p class='ocr_par' dir='ltr' id='par_1_10' title="bbox 130 2396 1776 2652">
     <span class='ocr_line' id='line_1_18' title="bbox 216 2396 1776 2451; baseline 0.002 -15"><span class='ocrx_word' id='word_1_96' title='bbox 216 2396 305 2437; x_wconf 86' lang='lat' dir='ltr'>Per</span> <span class='ocrx_word' id='word_1_97' title='bbox 325 2409 418 2437; x_wconf 89' lang='lat' dir='ltr'>non</span> <span class='ocrx_word' id='word_1_98' title='bbox 439 2400 649 2438; x_wconf 89' lang='lat' dir='ltr'>mancar’</span> <span class='ocrx_word' id='word_1_99' title='bbox 675 2398 731 2439; x_wconf 88' lang='lat' dir='ltr'>de</span> <span class='ocrx_word' id='word_1_100' title='bbox 753 2399 970 2439; x_wconf 86' lang='lat' dir='ltr'>sodisfar’</span> <span class='ocrx_word' id='word_1_101' title='bbox 991 2400 1065 2440; x_wconf 87' lang='lat' dir='ltr'>all’</span> <span class='ocrx_word' id='word_1_102' title='bbox 1082 2400 1271 2451; x_wconf 82' lang='lat' dir='ltr'>obligho</span> <span class='ocrx_word' id='word_1_103' title='bbox 1289 2400 1393 2440; x_wconf 88' lang='lat' dir='ltr'>dell&#39;</span> <span class='ocrx_word' id='word_1_104' title='bbox 1415 2400 1684 2449; x_wconf 86' lang='lat' dir='ltr'>obedienza‚</span> <span class='ocrx_word' id='word_1_105' title='bbox 1705 2399 1776 2439; x_wconf 85' lang='lat' dir='ltr'>cio</span> 
     </span>
     <span class='ocr_line' id='line_1_19' title="bbox 130 2468 1775 2522; baseline 0.002 -15"><span class='ocrx_word' id='word_1_106' title='bbox 130 2468 221 2508; x_wconf 85' lang='lat' dir='ltr'>che</span> <span class='ocrx_word' id='word_1_107' title='bbox 242 2468 287 2508; x_wconf 92' lang='grc'>13</span> <span class='ocrx_word' id='word_1_108' title='bbox 308 2468 469 2509; x_wconf 86' lang='lat' dir='ltr'>divina</span> <span class='ocrx_word' id='word_1_109' title='bbox 486 2468 668 2510; x_wconf 83' lang='lat' dir='ltr'>Maesta</span> <span class='ocrx_word' id='word_1_110' title='bbox 684 2481 767 2521; x_wconf 88' lang='lat' dir='ltr'>per</span> <span class='ocrx_word' id='word_1_111' title='bbox 783 2471 884 2511; x_wconf 90' lang='lat' dir='ltr'>suoi</span> <span class='ocrx_word' id='word_1_112' title='bbox 903 2471 1093 2522; x_wconf 83' lang='lat' dir='ltr'>indegni</span> <span class='ocrx_word' id='word_1_113' title='bbox 1114 2471 1411 2511; x_wconf 88' lang='lat' dir='ltr'>instrumenti</span> <span class='ocrx_word' id='word_1_114' title='bbox 1428 2471 1473 2511; x_wconf 85' lang='lat' dir='ltr'>di</span> <span class='ocrx_word' id='word_1_115' title='bbox 1490 2477 1653 2522; x_wconf 89' lang='lat' dir='ltr'>questo</span> <span class='ocrx_word' id='word_1_116' title='bbox 1673 2470 1775 2511; x_wconf 85' lang='lat' dir='ltr'>Col-</span> 
     </span>
     <span class='ocr_line' id='line_1_20' title="bbox 133 2540 1774 2595; baseline 0.002 -16"><span class='ocrx_word' id='word_1_117' title='bbox 133 2540 289 2591; x_wconf 84' lang='lat' dir='ltr'>leggio</span> <span class='ocrx_word' id='word_1_118' title='bbox 310 2542 347 2580; x_wconf 84' lang='lat' dir='ltr'>s’</span> <span class='ocrx_word' id='word_1_119' title='bbox 371 2544 395 2580; x_wconf 83' lang='lat' dir='ltr'>e</span> <span class='ocrx_word' id='word_1_120' title='bbox 417 2540 620 2592; x_wconf 85' lang='lat' dir='ltr'>degnato</span> <span class='ocrx_word' id='word_1_121' title='bbox 649 2543 831 2593; x_wconf 86' lang='lat' dir='ltr'>operar&#39;</span> <span class='ocrx_word' id='word_1_122' title='bbox 860 2543 907 2583; x_wconf 91' lang='lat' dir='ltr'>in</span> <span class='ocrx_word' id='word_1_123' title='bbox 934 2543 1086 2595; x_wconf 88' lang='lat' dir='ltr'>questi</span> <span class='ocrx_word' id='word_1_124' title='bbox 1114 2549 1281 2595; x_wconf 81' lang='lat' dir='ltr'>quatro</span> <span class='ocrx_word' id='word_1_125' title='bbox 1313 2543 1428 2583; x_wconf 90' lang='lat' dir='ltr'>mesi</span> <span class='ocrx_word' id='word_1_126' title='bbox 1456 2543 1502 2582; x_wconf 91' lang='lat' dir='ltr'>in</span> <span class='ocrx_word' id='word_1_127' title='bbox 1532 2543 1676 2583; x_wconf 84' lang='lat' dir='ltr'>breve</span> <span class='ocrx_word' id='word_1_128' title='bbox 1706 2555 1774 2583; x_wconf 91' lang='lat' dir='ltr'>re-</span> 
     </span>
     <span class='ocr_line' id='line_1_21' title="bbox 130 2611 755 2652; baseline 0.002 0"><span class='ocrx_word' id='word_1_129' title='bbox 130 2611 291 2652; x_wconf 83' lang='lat' dir='ltr'>feriro.</span> <span class='ocrx_word' id='word_1_130' title='bbox 752 2622 755 2625; x_wconf 58' lang='lat'><strong>⁴</strong></span> 
     </span>
    </p>

    <p class='ocr_par' dir='ltr' id='par_1_11' title="bbox 129 2683 1773 2879">
     <span class='ocr_line' id='line_1_22' title="bbox 212 2683 1773 2738; baseline 0.001 -14"><span class='ocrx_word' id='word_1_131' title='bbox 212 2684 248 2724; x_wconf 94' lang='lat' dir='ltr'>Il</span> <span class='ocrx_word' id='word_1_132' title='bbox 272 2683 374 2724; x_wconf 79' lang='lat' dir='ltr'><strong>R.d0</strong></span> <span class='ocrx_word' id='word_1_133' title='bbox 391 2691 556 2725; x_wconf 86' lang='lat' dir='ltr'>nostro</span> <span class='ocrx_word' id='word_1_134' title='bbox 580 2684 629 2725; x_wconf 87' lang='grc' dir='ltr'>Ρ.</span> <span class='ocrx_word' id='word_1_135' title='bbox 654 2685 758 2725; x_wconf 44' lang='grc' dir='ltr'>ΜΕΟ</span> <span class='ocrx_word' id='word_1_136' title='bbox 779 2686 1070 2738; x_wconf 86' lang='lat' dir='ltr'>Hieronymo</span> <span class='ocrx_word' id='word_1_137' title='bbox 1090 2686 1242 2727; x_wconf 89' lang='lat' dir='ltr'>Nadal</span> <span class='ocrx_word' id='word_1_138' title='bbox 1263 2698 1351 2727; x_wconf 89' lang='lat' dir='ltr'>con</span> <span class='ocrx_word' id='word_1_139' title='bbox 1372 2687 1417 2726; x_wconf 92' lang='lat' dir='ltr'>la</span> <span class='ocrx_word' id='word_1_140' title='bbox 1437 2698 1522 2726; x_wconf 91' lang='lat' dir='ltr'>sua</span> <span class='ocrx_word' id='word_1_141' title='bbox 1543 2692 1719 2726; x_wconf 87' lang='lat' dir='ltr'>venuta</span> <span class='ocrx_word' id='word_1_142' title='bbox 1750 2697 1773 2724; x_wconf 95' lang='lat' dir='ltr'>e</span> 
     </span>
     <span class='ocr_line' id='line_1_23' title="bbox 135 2755 1772 2809; baseline 0.001 -15"><span class='ocrx_word' id='word_1_143' title='bbox 135 2755 372 2805; x_wconf 80' lang='lat' dir='ltr'>presentia</span> <span class='ocrx_word' id='word_1_144' title='bbox 406 2756 453 2796; x_wconf 88' lang='lat' dir='ltr'>in</span> <span class='ocrx_word' id='word_1_145' title='bbox 488 2762 652 2808; x_wconf 88' lang='lat' dir='ltr'>questo</span> <span class='ocrx_word' id='word_1_146' title='bbox 683 2756 928 2809; x_wconf 82' lang='lat' dir='ltr'>Colleggio</span> <span class='ocrx_word' id='word_1_147' title='bbox 956 2762 980 2798; x_wconf 84' lang='grc'>6</span> <span class='ocrx_word' id='word_1_148' title='bbox 1009 2764 1132 2798; x_wconf 87' lang='lat' dir='ltr'>stato</span> <span class='ocrx_word' id='word_1_149' title='bbox 1159 2759 1301 2798; x_wconf 91' lang='lat' dir='ltr'>molto</span> <span class='ocrx_word' id='word_1_150' title='bbox 1330 2758 1462 2807; x_wconf 91' lang='lat' dir='ltr'>utile,</span> <span class='ocrx_word' id='word_1_151' title='bbox 1500 2757 1772 2797; x_wconf 84' lang='lat' dir='ltr'>assettando</span> 
     </span>
     <span class='ocr_line' id='line_1_24' title="bbox 129 2826 1772 2879; baseline 0.001 -14"><span class='ocrx_word' id='word_1_152' title='bbox 129 2826 227 2877; x_wconf 84' lang='lat' dir='ltr'>egli</span> <span class='ocrx_word' id='word_1_153' title='bbox 246 2826 288 2866; x_wconf 92' lang='grc'>16</span> <span class='ocrx_word' id='word_1_154' title='bbox 317 2838 425 2867; x_wconf 88' lang='lat' dir='ltr'>cose</span> <span class='ocrx_word' id='word_1_155' title='bbox 453 2827 499 2867; x_wconf 82' lang='lat' dir='ltr'>di</span> <span class='ocrx_word' id='word_1_156' title='bbox 527 2828 678 2879; x_wconf 86' lang='lat' dir='ltr'>quello</span> <span class='ocrx_word' id='word_1_157' title='bbox 707 2840 839 2868; x_wconf 85' lang='lat' dir='ltr'>come</span> <span class='ocrx_word' id='word_1_158' title='bbox 868 2830 908 2869; x_wconf 90' lang='lat' dir='ltr'>si</span> <span class='ocrx_word' id='word_1_159' title='bbox 935 2828 1234 2879; x_wconf 85' lang='lat' dir='ltr'>desiderava,</span> <span class='ocrx_word' id='word_1_160' title='bbox 1266 2828 1470 2869; x_wconf 88' lang='lat' dir='ltr'>etiandio</span> <span class='ocrx_word' id='word_1_161' title='bbox 1498 2827 1772 2868; x_wconf 85' lang='lat' dir='ltr'>servendosi</span> 
     </span>
    </p>
   </div>
   <div class='ocr_carea' id='block_1_11' title="bbox 138 2931 413 2940">
    <p class='ocr_par' dir='ltr' id='par_1_12' title="bbox 138 2931 413 2940">
     <span class='ocr_line' id='line_1_25' title="bbox 138 2931 413 2940; baseline 0 452"><span class='ocrx_word' id='word_1_162' title='bbox 138 2931 413 2940; x_wconf 95' lang='lat' dir='ltr'> </span> 
     </span>
    </p>
   </div>
   <div class='ocr_carea' id='block_1_12' title="bbox 190 2987 1662 3024">
    <p class='ocr_par' dir='ltr' id='par_1_13' title="bbox 190 2987 1662 3024">
     <span class='ocr_line' id='line_1_26' title="bbox 190 2987 1662 3024; baseline 0.001 -9"><span class='ocrx_word' id='word_1_163' title='bbox 190 2987 200 3008; x_wconf 82' lang='lat'>¹</span> <span class='ocrx_word' id='word_1_164' title='bbox 239 2988 468 3023; x_wconf 84' lang='lat' dir='ltr'>Autographa</span> <span class='ocrx_word' id='word_1_165' title='bbox 483 2992 556 3016; x_wconf 84' lang='lat' dir='ltr'>tota</span> <span class='ocrx_word' id='word_1_166' title='bbox 572 2996 673 3016; x_wconf 87' lang='lat' dir='ltr'>manu</span> <span class='ocrx_word' id='word_1_167' title='bbox 688 2989 802 3017; x_wconf 83' lang='lat' dir='ltr'>Patris</span> <span class='ocrx_word' id='word_1_168' title='bbox 816 2989 912 3017; x_wconf 85' lang='lat' dir='ltr'>Pauli</span> <span class='ocrx_word' id='word_1_169' title='bbox 929 2990 959 3018; x_wconf 86' lang='lat' dir='ltr'>d&#39;</span> <span class='ocrx_word' id='word_1_170' title='bbox 974 2990 1119 3018; x_wconf 86' lang='lat' dir='ltr'>Achillis</span> <span class='ocrx_word' id='word_1_171' title='bbox 1135 2991 1167 3018; x_wconf 87' lang='lat' dir='ltr'>in</span> <span class='ocrx_word' id='word_1_172' title='bbox 1182 2990 1306 3024; x_wconf 87' lang='lat' dir='ltr'>duplici</span> <span class='ocrx_word' id='word_1_173' title='bbox 1322 2990 1400 3017; x_wconf 87' lang='lat' dir='ltr'>folio</span> <span class='ocrx_word' id='word_1_174' title='bbox 1415 2998 1459 3017; x_wconf 88' lang='lat' dir='ltr'>nn</span> <span class='ocrx_word' id='word_1_175' title='bbox 1487 2989 1538 3017; x_wconf 85' lang='lat'>170</span> <span class='ocrx_word' id='word_1_176' title='bbox 1552 2993 1585 3017; x_wconf 84' lang='lat' dir='ltr'>et</span> <span class='ocrx_word' id='word_1_177' title='bbox 1602 2990 1662 3017; x_wconf 86' lang='lat'>171.</span> 
     </span>
    </p>
   </div>
  </div>
 </body>
</html>
