<?xml version="1.0" encoding="UTF-8"?>
<!DOCTYPE html PUBLIC "-//W3C//DTD XHTML 1.0 Transitional//EN"
    "http://www.w3.org/TR/xhtml1/DTD/xhtml1-transitional.dtd">
<html xmlns="http://www.w3.org/1999/xhtml" xml:lang="en" lang="en">
 <head>
  <title>
</title>
<meta http-equiv="Content-Type" content="text/html;charset=utf-8" />
  <meta name='ocr-system' content='tesseract 3.04.00' />
  <meta name='ocr-capabilities' content='ocr_page ocr_carea ocr_par ocr_line ocrx_word'/>
</head>
<body>
  <div class='ocr_page' id='page_1' title='image "./litteraequadrime14lain_0663.png"; bbox 0 0 2080 3392; ppageno 0'>
   <div class='ocr_carea' id='block_1_1' title="bbox 809 186 1731 222">
    <p class='ocr_par' dir='ltr' id='par_1_1' title="bbox 809 186 1731 222">
     <span class='ocr_line' id='line_1_1' title="bbox 809 186 1731 222; baseline 0 0"><span class='ocrx_word' id='word_1_1' title='bbox 809 186 892 222; x_wconf 83' lang='lat' dir='ltr'>AN.</span> <span class='ocrx_word' id='word_1_2' title='bbox 925 186 1015 222; x_wconf 70' lang='lat'>1554</span> <span class='ocrx_word' id='word_1_3' title='bbox 1661 186 1731 222; x_wconf 67' lang='lat'>65&gt;</span> 
     </span>
    </p>
   </div>
   <div class='ocr_carea' id='block_1_2' title="bbox 94 283 1754 3042">
    <p class='ocr_par' dir='ltr' id='par_1_2' title="bbox 94 283 1754 3042">
     <span class='ocr_line' id='line_1_2' title="bbox 94 283 1727 334; baseline 0 -12"><span class='ocrx_word' id='word_1_4' title='bbox 94 289 163 322; x_wconf 91' lang='lat' dir='ltr'>ter</span> <span class='ocrx_word' id='word_1_5' title='bbox 185 288 229 322; x_wconf 88' lang='lat' dir='ltr'>et</span> <span class='ocrx_word' id='word_1_6' title='bbox 251 289 416 334; x_wconf 77' lang='lat' dir='ltr'>quater</span> <span class='ocrx_word' id='word_1_7' title='bbox 438 283 561 323; x_wconf 90' lang='lat' dir='ltr'>intra</span> <span class='ocrx_word' id='word_1_8' title='bbox 588 295 763 323; x_wconf 87' lang='lat' dir='ltr'>annum</span> <span class='ocrx_word' id='word_1_9' title='bbox 793 283 943 323; x_wconf 86' lang='lat' dir='ltr'>audiri</span> <span class='ocrx_word' id='word_1_10' title='bbox 970 283 1188 333; x_wconf 80' lang='lat' dir='ltr'>precibus</span> <span class='ocrx_word' id='word_1_11' title='bbox 1219 283 1528 333; x_wconf 77' lang='lat' dir='ltr'>contendant,</span> <span class='ocrx_word' id='word_1_12' title='bbox 1562 291 1605 322; x_wconf 92' lang='lat' dir='ltr'>et</span> <span class='ocrx_word' id='word_1_13' title='bbox 1635 284 1727 333; x_wconf 87' lang='lat' dir='ltr'>qui-</span> 
     </span>
     <span class='ocr_line' id='line_1_3' title="bbox 95 354 1730 405; baseline 0 -11"><span class='ocrx_word' id='word_1_14' title='bbox 95 355 203 394; x_wconf 90' lang='lat' dir='ltr'>dam</span> <span class='ocrx_word' id='word_1_15' title='bbox 224 354 364 394; x_wconf 91' lang='lat' dir='ltr'>etiam</span> <span class='ocrx_word' id='word_1_16' title='bbox 385 355 581 405; x_wconf 88' lang='lat' dir='ltr'>singulis</span> <span class='ocrx_word' id='word_1_17' title='bbox 603 355 838 395; x_wconf 89' lang='lat' dir='ltr'>mensibus</span> <span class='ocrx_word' id='word_1_18' title='bbox 860 355 929 405; x_wconf 79' lang='lat' dir='ltr'>(ut</span> <span class='ocrx_word' id='word_1_19' title='bbox 951 355 1068 404; x_wconf 78' lang='lat' dir='ltr'>dixi)</span> <span class='ocrx_word' id='word_1_20' title='bbox 1091 355 1214 395; x_wconf 89' lang='lat' dir='ltr'>idem</span> <span class='ocrx_word' id='word_1_21' title='bbox 1240 354 1438 403; x_wconf 86' lang='lat' dir='ltr'>faciunt,</span> <span class='ocrx_word' id='word_1_22' title='bbox 1470 361 1514 394; x_wconf 89' lang='lat' dir='ltr'>et</span> <span class='ocrx_word' id='word_1_23' title='bbox 1545 354 1730 394; x_wconf 88' lang='lat' dir='ltr'>demum</span> 
     </span>
     <span class='ocr_line' id='line_1_4' title="bbox 96 424 1731 475; baseline 0.001 -11"><span class='ocrx_word' id='word_1_24' title='bbox 96 424 156 464; x_wconf 86' lang='lat' dir='ltr'>ad</span> <span class='ocrx_word' id='word_1_25' title='bbox 190 425 630 466; x_wconf 87' lang='lat' dir='ltr'>communicandum</span> <span class='ocrx_word' id='word_1_26' title='bbox 666 426 912 466; x_wconf 77' lang='lat' dir='ltr'>dominicis</span> <span class='ocrx_word' id='word_1_27' title='bbox 947 426 1129 475; x_wconf 89' lang='lat' dir='ltr'>diebus,</span> <span class='ocrx_word' id='word_1_28' title='bbox 1163 432 1207 465; x_wconf 90' lang='lat' dir='ltr'>et</span> <span class='ocrx_word' id='word_1_29' title='bbox 1237 426 1359 466; x_wconf 87' lang='lat' dir='ltr'>intra</span> <span class='ocrx_word' id='word_1_30' title='bbox 1390 426 1731 466; x_wconf 77' lang='lat' dir='ltr'>hebdomadam</span> 
     </span>
     <span class='ocr_line' id='line_1_5' title="bbox 97 496 1729 548; baseline 0.001 -12"><span class='ocrx_word' id='word_1_31' title='bbox 97 496 201 536; x_wconf 86' lang='lat' dir='ltr'>aliis</span> <span class='ocrx_word' id='word_1_32' title='bbox 221 497 383 536; x_wconf 89' lang='lat' dir='ltr'>diebus</span> <span class='ocrx_word' id='word_1_33' title='bbox 405 497 465 536; x_wconf 88' lang='lat' dir='ltr'>ad</span> <span class='ocrx_word' id='word_1_34' title='bbox 486 497 820 542; x_wconf 81' lang='lat' dir='ltr'>confitendum.</span> <span class='ocrx_word' id='word_1_35' title='bbox 854 503 987 537; x_wconf 85' lang='lat' dir='ltr'>tanta</span> <span class='ocrx_word' id='word_1_36' title='bbox 1008 497 1201 537; x_wconf 88' lang='lat' dir='ltr'>confluit</span> <span class='ocrx_word' id='word_1_37' title='bbox 1222 497 1467 537; x_wconf 90' lang='lat' dir='ltr'>multitudo</span> <span class='ocrx_word' id='word_1_38' title='bbox 1499 497 1546 537; x_wconf 89' lang='lat' dir='ltr'>in</span> <span class='ocrx_word' id='word_1_39' title='bbox 1576 497 1729 548; x_wconf 86' lang='lat' dir='ltr'>singu-</span> 
     </span>
     <span class='ocr_line' id='line_1_6' title="bbox 97 568 1731 620; baseline -0.001 -14"><span class='ocrx_word' id='word_1_40' title='bbox 97 568 152 607; x_wconf 90' lang='lat' dir='ltr'>lis</span> <span class='ocrx_word' id='word_1_41' title='bbox 186 568 437 618; x_wconf 89' lang='lat' dir='ltr'>paroeciis,</span> <span class='ocrx_word' id='word_1_42' title='bbox 478 574 525 607; x_wconf 91' lang='lat' dir='ltr'>ut</span> <span class='ocrx_word' id='word_1_43' title='bbox 560 574 742 619; x_wconf 88' lang='lat' dir='ltr'>tempus</span> <span class='ocrx_word' id='word_1_44' title='bbox 778 568 1168 620; x_wconf 77' lang='lat' dir='ltr'>quadragesimae</span> <span class='ocrx_word' id='word_1_45' title='bbox 1195 568 1402 608; x_wconf 87' lang='lat' dir='ltr'>nondum</span> <span class='ocrx_word' id='word_1_46' title='bbox 1433 569 1731 619; x_wconf 77' lang='lat' dir='ltr'>praeteriisse</span> 
     </span>
     <span class='ocr_line' id='line_1_7' title="bbox 98 637 1730 691; baseline 0.001 -13"><span class='ocrx_word' id='word_1_47' title='bbox 98 639 329 679; x_wconf 81' lang='lat' dir='ltr'>videatur.</span> <span class='ocrx_word' id='word_1_48' title='bbox 366 637 482 679; x_wconf 84' lang='lat' dir='ltr'>Sunt</span> <span class='ocrx_word' id='word_1_49' title='bbox 514 640 658 679; x_wconf 91' lang='lat' dir='ltr'>etiam</span> <span class='ocrx_word' id='word_1_50' title='bbox 684 651 776 679; x_wconf 90' lang='lat' dir='ltr'>non</span> <span class='ocrx_word' id='word_1_51' title='bbox 805 639 963 691; x_wconf 85' lang='lat' dir='ltr'>pauci,</span> <span class='ocrx_word' id='word_1_52' title='bbox 994 639 1072 690; x_wconf 90' lang='lat' dir='ltr'>qui</span> <span class='ocrx_word' id='word_1_53' title='bbox 1099 639 1222 679; x_wconf 90' lang='lat' dir='ltr'>intra</span> <span class='ocrx_word' id='word_1_54' title='bbox 1251 639 1592 680; x_wconf 86' lang='lat' dir='ltr'>hebdomadam</span> <span class='ocrx_word' id='word_1_55' title='bbox 1621 639 1730 680; x_wconf 88' lang='lat' dir='ltr'>San-</span> 
     </span>
     <span class='ocr_line' id='line_1_8' title="bbox 97 709 1733 762; baseline 0.001 -13"><span class='ocrx_word' id='word_1_56' title='bbox 97 710 357 750; x_wconf 89' lang='lat' dir='ltr'>ctissimum</span> <span class='ocrx_word' id='word_1_57' title='bbox 391 710 573 761; x_wconf 89' lang='lat' dir='ltr'>Corpus</span> <span class='ocrx_word' id='word_1_58' title='bbox 604 709 677 750; x_wconf 81' lang='lat' dir='ltr'>X.¹·</span> <span class='ocrx_word' id='word_1_59' title='bbox 707 710 957 762; x_wconf 80' lang='lat' dir='ltr'>accipiant.</span> <span class='ocrx_word' id='word_1_60' title='bbox 996 710 1315 751; x_wconf 88' lang='lat' dir='ltr'>Concionatus</span> <span class='ocrx_word' id='word_1_61' title='bbox 1350 716 1420 751; x_wconf 89' lang='lat' dir='ltr'>est</span> <span class='ocrx_word' id='word_1_62' title='bbox 1455 710 1529 751; x_wconf 88' lang='lat' dir='ltr'>Pr.</span> <span class='ocrx_word' id='word_1_63' title='bbox 1572 711 1632 751; x_wconf 86' lang='grc' dir='ltr'>1.Ο</span> <span class='ocrx_word' id='word_1_64' title='bbox 1661 711 1733 751; x_wconf 86' lang='lat' dir='ltr'>die</span> 
     </span>
     <span class='ocr_line' id='line_1_9' title="bbox 97 780 1731 832; baseline 0.001 -11"><span class='ocrx_word' id='word_1_65' title='bbox 97 781 203 821; x_wconf 84' lang='lat' dir='ltr'>festi</span> <span class='ocrx_word' id='word_1_66' title='bbox 224 780 424 832; x_wconf 80' lang='lat' dir='ltr'>Spiritus</span> <span class='ocrx_word' id='word_1_67' title='bbox 454 780 615 821; x_wconf 85' lang='lat' dir='ltr'>Sancti</span> <span class='ocrx_word' id='word_1_68' title='bbox 644 793 824 821; x_wconf 90' lang='lat' dir='ltr'>summo</span> <span class='ocrx_word' id='word_1_69' title='bbox 852 793 988 821; x_wconf 90' lang='lat' dir='ltr'>mane</span> <span class='ocrx_word' id='word_1_70' title='bbox 1020 781 1077 821; x_wconf 93' lang='lat' dir='ltr'>ob</span> <span class='ocrx_word' id='word_1_71' title='bbox 1106 782 1483 822; x_wconf 87' lang='lat' dir='ltr'>communionem</span> <span class='ocrx_word' id='word_1_72' title='bbox 1511 781 1731 828; x_wconf 84' lang='lat' dir='ltr'>futuram,</span> 
     </span>
     <span class='ocr_line' id='line_1_10' title="bbox 96 852 1735 904; baseline 0.001 -13"><span class='ocrx_word' id='word_1_73' title='bbox 96 852 317 901; x_wconf 87' lang='lat' dir='ltr'>breviter,</span> <span class='ocrx_word' id='word_1_74' title='bbox 341 852 423 892; x_wconf 91' lang='lat' dir='ltr'>sed</span> <span class='ocrx_word' id='word_1_75' title='bbox 443 852 560 892; x_wconf 89' lang='lat' dir='ltr'>bene</span> <span class='ocrx_word' id='word_1_76' title='bbox 589 858 633 892; x_wconf 91' lang='lat' dir='ltr'>et</span> <span class='ocrx_word' id='word_1_77' title='bbox 665 853 758 904; x_wconf 84' lang='lat' dir='ltr'>pie,</span> <span class='ocrx_word' id='word_1_78' title='bbox 791 853 868 892; x_wconf 90' lang='lat' dir='ltr'>ubi</span> <span class='ocrx_word' id='word_1_79' title='bbox 899 852 1161 892; x_wconf 87' lang='lat' dir='ltr'>declaravit</span> <span class='ocrx_word' id='word_1_80' title='bbox 1191 859 1366 904; x_wconf 90' lang='lat' dir='ltr'>quanta</span> <span class='ocrx_word' id='word_1_81' title='bbox 1396 853 1661 893; x_wconf 89' lang='lat' dir='ltr'>reverentia</span> <span class='ocrx_word' id='word_1_82' title='bbox 1692 861 1735 893; x_wconf 90' lang='lat' dir='ltr'>et</span> 
     </span>
     <span class='ocr_line' id='line_1_11' title="bbox 97 923 1735 974; baseline 0.001 -11"><span class='ocrx_word' id='word_1_83' title='bbox 97 923 401 963; x_wconf 85' lang='lat' dir='ltr'>veneratione</span> <span class='ocrx_word' id='word_1_84' title='bbox 424 935 541 974; x_wconf 93' lang='lat' dir='ltr'>opus</span> <span class='ocrx_word' id='word_1_85' title='bbox 561 930 685 964; x_wconf 88' lang='lat' dir='ltr'>esset</span> <span class='ocrx_word' id='word_1_86' title='bbox 707 924 765 964; x_wconf 91' lang='lat' dir='ltr'>ad</span> <span class='ocrx_word' id='word_1_87' title='bbox 793 924 1138 964; x_wconf 86' lang='lat' dir='ltr'>divinissimum</span> <span class='ocrx_word' id='word_1_88' title='bbox 1164 923 1253 963; x_wconf 93' lang='lat' dir='ltr'>hoc</span> <span class='ocrx_word' id='word_1_89' title='bbox 1284 932 1633 965; x_wconf 88' lang='lat' dir='ltr'>sacramentum</span> <span class='ocrx_word' id='word_1_90' title='bbox 1664 937 1735 964; x_wconf 91' lang='lat' dir='ltr'>ac-</span> 
     </span>
     <span class='ocr_line' id='line_1_12' title="bbox 98 994 1737 1047; baseline 0.001 -13"><span class='ocrx_word' id='word_1_91' title='bbox 98 994 390 1043; x_wconf 83' lang='lat' dir='ltr'>cedentibus,</span> <span class='ocrx_word' id='word_1_92' title='bbox 415 995 475 1034; x_wconf 90' lang='lat' dir='ltr'>ad</span> <span class='ocrx_word' id='word_1_93' title='bbox 495 995 621 1046; x_wconf 90' lang='lat' dir='ltr'>quod</span> <span class='ocrx_word' id='word_1_94' title='bbox 641 995 705 1034; x_wconf 91' lang='lat' dir='ltr'>illi</span> <span class='ocrx_word' id='word_1_95' title='bbox 727 995 913 1046; x_wconf 90' lang='lat' dir='ltr'>quidem</span> <span class='ocrx_word' id='word_1_96' title='bbox 945 1000 1267 1044; x_wconf 88' lang='lat' dir='ltr'>accesserunt,</span> <span class='ocrx_word' id='word_1_97' title='bbox 1301 1006 1474 1046; x_wconf 87' lang='lat' dir='ltr'>magna</span> <span class='ocrx_word' id='word_1_98' title='bbox 1508 1007 1614 1036; x_wconf 90' lang='lat' dir='ltr'>cum</span> <span class='ocrx_word' id='word_1_99' title='bbox 1646 997 1737 1047; x_wconf 90' lang='lat' dir='ltr'>pie-</span> 
     </span>
     <span class='ocr_line' id='line_1_13' title="bbox 97 1065 1736 1117; baseline 0 -11"><span class='ocrx_word' id='word_1_100' title='bbox 97 1073 193 1106; x_wconf 85' lang='lat' dir='ltr'>tate</span> <span class='ocrx_word' id='word_1_101' title='bbox 214 1077 270 1106; x_wconf 90' lang='lat' dir='ltr'>ac</span> <span class='ocrx_word' id='word_1_102' title='bbox 292 1066 547 1106; x_wconf 89' lang='lat' dir='ltr'>immensae</span> <span class='ocrx_word' id='word_1_103' title='bbox 569 1065 770 1106; x_wconf 89' lang='lat' dir='ltr'>Deitatis</span> <span class='ocrx_word' id='word_1_104' title='bbox 792 1066 1074 1117; x_wconf 84' lang='lat' dir='ltr'>cognitione,</span> <span class='ocrx_word' id='word_1_105' title='bbox 1108 1066 1289 1106; x_wconf 91' lang='lat' dir='ltr'>nobiles</span> <span class='ocrx_word' id='word_1_106' title='bbox 1310 1078 1417 1106; x_wconf 90' lang='lat' dir='ltr'>cum</span> <span class='ocrx_word' id='word_1_107' title='bbox 1437 1066 1736 1107; x_wconf 75' lang='lat' dir='ltr'>inferioribus</span> 
     </span>
     <span class='ocr_line' id='line_1_14' title="bbox 98 1136 1736 1189; baseline 0.001 -11"><span class='ocrx_word' id='word_1_108' title='bbox 98 1138 275 1189; x_wconf 87' lang='lat' dir='ltr'>absque</span> <span class='ocrx_word' id='word_1_109' title='bbox 296 1138 389 1177; x_wconf 93' lang='lat' dir='ltr'>ulla</span> <span class='ocrx_word' id='word_1_110' title='bbox 411 1137 692 1186; x_wconf 80' lang='lat' dir='ltr'>differentia,</span> <span class='ocrx_word' id='word_1_111' title='bbox 725 1138 898 1189; x_wconf 91' lang='lat' dir='ltr'>optimo</span> <span class='ocrx_word' id='word_1_112' title='bbox 926 1144 1083 1177; x_wconf 86' lang='lat' dir='ltr'>tamen</span> <span class='ocrx_word' id='word_1_113' title='bbox 1106 1137 1291 1187; x_wconf 74' lang='lat' dir='ltr'>ordine,</span> <span class='ocrx_word' id='word_1_114' title='bbox 1315 1136 1557 1178; x_wconf 86' lang='lat' dir='ltr'>Parochus</span> <span class='ocrx_word' id='word_1_115' title='bbox 1577 1138 1736 1179; x_wconf 89' lang='lat' dir='ltr'>Sacer-</span> 
     </span>
     <span class='ocr_line' id='line_1_15' title="bbox 98 1208 1735 1263; baseline 0.001 -14"><span class='ocrx_word' id='word_1_116' title='bbox 98 1209 200 1258; x_wconf 89' lang='lat' dir='ltr'>dos,</span> <span class='ocrx_word' id='word_1_117' title='bbox 227 1221 414 1249; x_wconf 86' lang='lat' dir='ltr'>sacram</span> <span class='ocrx_word' id='word_1_118' title='bbox 442 1209 1058 1263; x_wconf 16' lang='lat' dir='ltr'>Eucharistiamvpraebere,</span> <span class='ocrx_word' id='word_1_119' title='bbox 1089 1208 1228 1249; x_wconf 86' lang='lat' dir='ltr'>Pater</span> <span class='ocrx_word' id='word_1_120' title='bbox 1258 1209 1533 1249; x_wconf 87' lang='lat' dir='ltr'>Emmanuel</span> <span class='ocrx_word' id='word_1_121' title='bbox 1562 1211 1735 1250; x_wconf 88' lang='lat' dir='ltr'>lavato-</span> 
     </span>
     <span class='ocr_line' id='line_1_16' title="bbox 98 1281 1739 1332; baseline 0 -11"><span class='ocrx_word' id='word_1_122' title='bbox 98 1281 241 1332; x_wconf 89' lang='lat' dir='ltr'>rium,</span> <span class='ocrx_word' id='word_1_123' title='bbox 274 1292 362 1332; x_wconf 91' lang='lat' dir='ltr'>ego</span> <span class='ocrx_word' id='word_1_124' title='bbox 396 1292 502 1320; x_wconf 91' lang='lat' dir='ltr'>cum</span> <span class='ocrx_word' id='word_1_125' title='bbox 536 1281 815 1332; x_wconf 87' lang='lat' dir='ltr'>quibusdam</span> <span class='ocrx_word' id='word_1_126' title='bbox 847 1281 952 1321; x_wconf 91' lang='lat' dir='ltr'>aliis</span> <span class='ocrx_word' id='word_1_127' title='bbox 985 1281 1396 1321; x_wconf 83' lang='lat' dir='ltr'>reconciliationes</span> <span class='ocrx_word' id='word_1_128' title='bbox 1434 1281 1611 1321; x_wconf 83' lang='lat' dir='ltr'>audire.</span> <span class='ocrx_word' id='word_1_129' title='bbox 1650 1281 1739 1322; x_wconf 90' lang='lat' dir='ltr'>Sed</span> 
     </span>
     <span class='ocr_line' id='line_1_17' title="bbox 102 1352 1739 1404; baseline 0.001 -12"><span class='ocrx_word' id='word_1_130' title='bbox 102 1352 324 1404; x_wconf 90' lang='lat' dir='ltr'>quoniam</span> <span class='ocrx_word' id='word_1_131' title='bbox 363 1359 556 1404; x_wconf 90' lang='lat' dir='ltr'>propter</span> <span class='ocrx_word' id='word_1_132' title='bbox 598 1353 1044 1392; x_wconf 89' lang='lat' dir='ltr'>communicantium</span> <span class='ocrx_word' id='word_1_133' title='bbox 1091 1352 1437 1392; x_wconf 84' lang='lat' dir='ltr'>multitudinem</span> <span class='ocrx_word' id='word_1_134' title='bbox 1477 1352 1622 1393; x_wconf 88' lang='lat' dir='ltr'>defuit</span> <span class='ocrx_word' id='word_1_135' title='bbox 1662 1353 1739 1393; x_wconf 93' lang='lat' dir='ltr'>Sa—</span> 
     </span>
     <span class='ocr_line' id='line_1_18' title="bbox 99 1423 1739 1474; baseline 0 -10"><span class='ocrx_word' id='word_1_136' title='bbox 99 1430 412 1473; x_wconf 88' lang='lat' dir='ltr'>cramentum,</span> <span class='ocrx_word' id='word_1_137' title='bbox 437 1435 628 1464; x_wconf 86' lang='lat' dir='ltr'>necesse</span> <span class='ocrx_word' id='word_1_138' title='bbox 656 1423 742 1464; x_wconf 87' lang='lat' dir='ltr'>fuit</span> <span class='ocrx_word' id='word_1_139' title='bbox 764 1424 875 1463; x_wconf 90' lang='lat' dir='ltr'>mihi</span> <span class='ocrx_word' id='word_1_140' title='bbox 902 1435 929 1463; x_wconf 88' lang='lat' dir='ltr'>a</span> <span class='ocrx_word' id='word_1_141' title='bbox 960 1423 1424 1463; x_wconf 85' lang='lat' dir='ltr'>reconciliationibus</span> <span class='ocrx_word' id='word_1_142' title='bbox 1451 1436 1662 1474; x_wconf 87' lang='lat' dir='ltr'>cessare,</span> <span class='ocrx_word' id='word_1_143' title='bbox 1697 1431 1739 1464; x_wconf 91' lang='lat' dir='ltr'>et</span> 
     </span>
     <span class='ocr_line' id='line_1_19' title="bbox 99 1494 1740 1548; baseline 0.001 -13"><span class='ocrx_word' id='word_1_144' title='bbox 99 1507 198 1535; x_wconf 88' lang='lat' dir='ltr'>rem</span> <span class='ocrx_word' id='word_1_145' title='bbox 219 1506 407 1535; x_wconf 88' lang='lat' dir='ltr'>sacram</span> <span class='ocrx_word' id='word_1_146' title='bbox 428 1506 679 1546; x_wconf 82' lang='lat' dir='ltr'>peragere,</span> <span class='ocrx_word' id='word_1_147' title='bbox 702 1502 752 1536; x_wconf 90' lang='lat' dir='ltr'>ut</span> <span class='ocrx_word' id='word_1_148' title='bbox 774 1494 1134 1535; x_wconf 81' lang='lat' dir='ltr'>Sacramentum</span> <span class='ocrx_word' id='word_1_149' title='bbox 1157 1495 1457 1539; x_wconf 83' lang='lat' dir='ltr'>conficerem.</span> <span class='ocrx_word' id='word_1_150' title='bbox 1482 1507 1573 1547; x_wconf 92' lang='lat' dir='ltr'>quo</span> <span class='ocrx_word' id='word_1_151' title='bbox 1594 1496 1740 1548; x_wconf 86' lang='lat' dir='ltr'>perfe-</span> 
     </span>
     <span class='ocr_line' id='line_1_20' title="bbox 99 1566 1741 1619; baseline 0.001 -13"><span class='ocrx_word' id='word_1_152' title='bbox 99 1574 196 1616; x_wconf 90' lang='lat' dir='ltr'>cto,</span> <span class='ocrx_word' id='word_1_153' title='bbox 226 1577 315 1618; x_wconf 91' lang='lat' dir='ltr'>ego</span> <span class='ocrx_word' id='word_1_154' title='bbox 343 1567 442 1618; x_wconf 89' lang='lat' dir='ltr'>ipse</span> <span class='ocrx_word' id='word_1_155' title='bbox 472 1567 663 1619; x_wconf 90' lang='lat' dir='ltr'>reliquis</span> <span class='ocrx_word' id='word_1_156' title='bbox 691 1567 1107 1607; x_wconf 88' lang='lat' dir='ltr'>communicaturis</span> <span class='ocrx_word' id='word_1_157' title='bbox 1138 1567 1353 1606; x_wconf 90' lang='lat' dir='ltr'>omnibus</span> <span class='ocrx_word' id='word_1_158' title='bbox 1383 1566 1741 1608; x_wconf 89' lang='lat' dir='ltr'>Sacramentum</span> 
     </span>
     <span class='ocr_line' id='line_1_21' title="bbox 98 1638 1742 1690; baseline 0 -12"><span class='ocrx_word' id='word_1_159' title='bbox 98 1638 290 1688; x_wconf 81' lang='lat' dir='ltr'>tradidi3</span> <span class='ocrx_word' id='word_1_160' title='bbox 319 1649 493 1688; x_wconf 88' lang='lat' dir='ltr'>magno</span> <span class='ocrx_word' id='word_1_161' title='bbox 524 1644 650 1678; x_wconf 89' lang='lat' dir='ltr'>certe</span> <span class='ocrx_word' id='word_1_162' title='bbox 679 1638 867 1690; x_wconf 90' lang='lat' dir='ltr'>pietatis</span> <span class='ocrx_word' id='word_1_163' title='bbox 897 1644 942 1678; x_wconf 92' lang='lat' dir='ltr'>et</span> <span class='ocrx_word' id='word_1_164' title='bbox 969 1638 1115 1678; x_wconf 85' lang='lat' dir='ltr'>divini</span> <span class='ocrx_word' id='word_1_165' title='bbox 1143 1638 1317 1678; x_wconf 87' lang='lat' dir='ltr'>amoris</span> <span class='ocrx_word' id='word_1_166' title='bbox 1346 1638 1515 1678; x_wconf 86' lang='lat' dir='ltr'>ardore</span> <span class='ocrx_word' id='word_1_167' title='bbox 1547 1639 1638 1678; x_wconf 93' lang='lat' dir='ltr'>hoc</span> <span class='ocrx_word' id='word_1_168' title='bbox 1671 1639 1742 1678; x_wconf 77' lang='lat' dir='ltr'>dic</span> 
     </span>
     <span class='ocr_line' id='line_1_22' title="bbox 99 1709 1736 1750; baseline 0 -1"><span class='ocrx_word' id='word_1_169' title='bbox 99 1710 260 1749; x_wconf 87' lang='lat' dir='ltr'>divina</span> <span class='ocrx_word' id='word_1_170' title='bbox 300 1709 486 1749; x_wconf 91' lang='lat' dir='ltr'>bonitas</span> <span class='ocrx_word' id='word_1_171' title='bbox 533 1709 700 1749; x_wconf 88' lang='lat' dir='ltr'>horum</span> <span class='ocrx_word' id='word_1_172' title='bbox 745 1721 937 1749; x_wconf 90' lang='lat' dir='ltr'>suorum</span> <span class='ocrx_word' id='word_1_173' title='bbox 984 1710 1281 1749; x_wconf 84' lang='lat' dir='ltr'>servulorum</span> <span class='ocrx_word' id='word_1_174' title='bbox 1332 1709 1476 1750; x_wconf 89' lang='lat' dir='ltr'>corda</span> <span class='ocrx_word' id='word_1_175' title='bbox 1517 1710 1736 1750; x_wconf 86' lang='lat' dir='ltr'>incendit.</span> 
     </span>
     <span class='ocr_line' id='line_1_23' title="bbox 99 1780 1741 1832; baseline 0 -12"><span class='ocrx_word' id='word_1_176' title='bbox 99 1781 230 1821; x_wconf 88' lang='lat' dir='ltr'>Haec</span> <span class='ocrx_word' id='word_1_177' title='bbox 258 1787 414 1821; x_wconf 87' lang='lat' dir='ltr'>autem</span> <span class='ocrx_word' id='word_1_178' title='bbox 440 1792 534 1821; x_wconf 89' lang='lat' dir='ltr'>non</span> <span class='ocrx_word' id='word_1_179' title='bbox 554 1781 601 1820; x_wconf 87' lang='lat' dir='ltr'>in</span> <span class='ocrx_word' id='word_1_180' title='bbox 628 1792 811 1821; x_wconf 89' lang='lat' dir='ltr'>summo</span> <span class='ocrx_word' id='word_1_181' title='bbox 840 1781 1014 1832; x_wconf 89' lang='lat' dir='ltr'>templo</span> <span class='ocrx_word' id='word_1_182' title='bbox 1036 1780 1304 1829; x_wconf 82' lang='lat' dir='ltr'>dumtaxat,</span> <span class='ocrx_word' id='word_1_183' title='bbox 1338 1781 1420 1821; x_wconf 90' lang='lat' dir='ltr'>sed</span> <span class='ocrx_word' id='word_1_184' title='bbox 1449 1781 1495 1820; x_wconf 92' lang='lat' dir='ltr'>in</span> <span class='ocrx_word' id='word_1_185' title='bbox 1525 1781 1741 1821; x_wconf 79' lang='lat' dir='ltr'>omnibus</span> 
     </span>
     <span class='ocr_line' id='line_1_24' title="bbox 101 1851 1743 1903; baseline 0 -11"><span class='ocrx_word' id='word_1_186' title='bbox 101 1852 308 1893; x_wconf 85' lang='lat' dir='ltr'>civitatis</span> <span class='ocrx_word' id='word_1_187' title='bbox 327 1852 560 1903; x_wconf 88' lang='lat' dir='ltr'>paroeciis</span> <span class='ocrx_word' id='word_1_188' title='bbox 581 1852 744 1892; x_wconf 89' lang='lat' dir='ltr'>eadem</span> <span class='ocrx_word' id='word_1_189' title='bbox 766 1851 892 1892; x_wconf 88' lang='lat' dir='ltr'>facta</span> <span class='ocrx_word' id='word_1_190' title='bbox 915 1857 1035 1891; x_wconf 85' lang='lat' dir='ltr'>sunt.</span> <span class='ocrx_word' id='word_1_191' title='bbox 1059 1851 1207 1892; x_wconf 87' lang='lat' dir='ltr'>Porro</span> <span class='ocrx_word' id='word_1_192' title='bbox 1229 1858 1278 1891; x_wconf 89' lang='lat' dir='ltr'>ut</span> <span class='ocrx_word' id='word_1_193' title='bbox 1306 1851 1362 1892; x_wconf 92' lang='lat' dir='ltr'>de</span> <span class='ocrx_word' id='word_1_194' title='bbox 1393 1863 1588 1892; x_wconf 91' lang='lat' dir='ltr'>numero</span> <span class='ocrx_word' id='word_1_195' title='bbox 1621 1863 1743 1892; x_wconf 92' lang='lat' dir='ltr'>com-</span> 
     </span>
     <span class='ocr_line' id='line_1_25' title="bbox 102 1923 1746 1975; baseline -0.001 -11"><span class='ocrx_word' id='word_1_196' title='bbox 102 1924 441 1964; x_wconf 90' lang='lat' dir='ltr'>municantium</span> <span class='ocrx_word' id='word_1_197' title='bbox 463 1923 689 1963; x_wconf 89' lang='lat' dir='ltr'>certiores</span> <span class='ocrx_word' id='word_1_198' title='bbox 709 1923 947 1973; x_wconf 85' lang='lat' dir='ltr'>fieremus,</span> <span class='ocrx_word' id='word_1_199' title='bbox 973 1923 1185 1963; x_wconf 88' lang='lat' dir='ltr'>misimus</span> <span class='ocrx_word' id='word_1_200' title='bbox 1213 1935 1272 1963; x_wconf 80' lang='lat' dir='ltr'>ex</span> <span class='ocrx_word' id='word_1_201' title='bbox 1302 1923 1375 1963; x_wconf 92' lang='lat' dir='ltr'>his</span> <span class='ocrx_word' id='word_1_202' title='bbox 1397 1923 1485 1974; x_wconf 86' lang='lat' dir='ltr'>piis</span> <span class='ocrx_word' id='word_1_203' title='bbox 1509 1935 1563 1963; x_wconf 88' lang='lat' dir='ltr'>ac</span> <span class='ocrx_word' id='word_1_204' title='bbox 1588 1924 1746 1975; x_wconf 87' lang='lat' dir='ltr'>probis</span> 
     </span>
     <span class='ocr_line' id='line_1_26' title="bbox 102 1994 1744 2046; baseline -0.001 -11"><span class='ocrx_word' id='word_1_205' title='bbox 102 1995 369 2035; x_wconf 89' lang='lat' dir='ltr'>hominibus</span> <span class='ocrx_word' id='word_1_206' title='bbox 401 1995 613 2046; x_wconf 88' lang='lat' dir='ltr'>singulos</span> <span class='ocrx_word' id='word_1_207' title='bbox 643 1995 690 2034; x_wconf 86' lang='lat' dir='ltr'>in</span> <span class='ocrx_word' id='word_1_208' title='bbox 720 1994 934 2045; x_wconf 89' lang='lat' dir='ltr'>singulas</span> <span class='ocrx_word' id='word_1_209' title='bbox 961 1995 1210 2046; x_wconf 91' lang='lat' dir='ltr'>paroecias</span> <span class='ocrx_word' id='word_1_210' title='bbox 1237 2001 1286 2034; x_wconf 90' lang='lat' dir='ltr'>ut</span> <span class='ocrx_word' id='word_1_211' title='bbox 1317 2006 1479 2034; x_wconf 91' lang='lat' dir='ltr'>omnes</span> <span class='ocrx_word' id='word_1_212' title='bbox 1506 2006 1744 2034; x_wconf 90' lang='lat' dir='ltr'>enumera-</span> 
     </span>
     <span class='ocr_line' id='line_1_27' title="bbox 104 2063 1747 2117; baseline -0.001 -11"><span class='ocrx_word' id='word_1_213' title='bbox 104 2073 221 2106; x_wconf 89' lang='lat' dir='ltr'>rent.</span> <span class='ocrx_word' id='word_1_214' title='bbox 257 2065 345 2106; x_wconf 92' lang='lat' dir='ltr'>Hic</span> <span class='ocrx_word' id='word_1_215' title='bbox 373 2065 585 2117; x_wconf 88' lang='lat' dir='ltr'>profecto</span> <span class='ocrx_word' id='word_1_216' title='bbox 614 2066 829 2116; x_wconf 90' lang='lat' dir='ltr'>ingentes</span> <span class='ocrx_word' id='word_1_217' title='bbox 859 2063 962 2105; x_wconf 88' lang='lat' dir='ltr'>Deo</span> <span class='ocrx_word' id='word_1_218' title='bbox 992 2076 1118 2116; x_wconf 86' lang='lat' dir='ltr'>gras.</span> <span class='ocrx_word' id='word_1_219' title='bbox 1159 2076 1301 2116; x_wconf 91' lang='lat' dir='ltr'>agere</span> <span class='ocrx_word' id='word_1_220' title='bbox 1337 2072 1458 2115; x_wconf 86' lang='lat' dir='ltr'>erat,</span> <span class='ocrx_word' id='word_1_221' title='bbox 1497 2076 1605 2105; x_wconf 89' lang='lat' dir='ltr'>cum</span> <span class='ocrx_word' id='word_1_222' title='bbox 1638 2076 1747 2105; x_wconf 81' lang='lat' dir='ltr'>ecce</span> 
     </span>
     <span class='ocr_line' id='line_1_28' title="bbox 103 2136 1746 2188; baseline -0.001 -11"><span class='ocrx_word' id='word_1_223' title='bbox 103 2150 224 2178; x_wconf 92' lang='lat' dir='ltr'>unus</span> <span class='ocrx_word' id='word_1_224' title='bbox 246 2144 434 2177; x_wconf 86' lang='lat' dir='ltr'>centum</span> <span class='ocrx_word' id='word_1_225' title='bbox 454 2137 726 2187; x_wconf 80' lang='lat' dir='ltr'>sexaginta,</span> <span class='ocrx_word' id='word_1_226' title='bbox 757 2137 877 2176; x_wconf 90' lang='lat' dir='ltr'>alius</span> <span class='ocrx_word' id='word_1_227' title='bbox 908 2143 1096 2176; x_wconf 91' lang='lat' dir='ltr'>centum</span> <span class='ocrx_word' id='word_1_228' title='bbox 1127 2136 1492 2188; x_wconf 88' lang='lat' dir='ltr'>quinquaginta,</span> <span class='ocrx_word' id='word_1_229' title='bbox 1525 2136 1643 2176; x_wconf 90' lang='lat' dir='ltr'>alius</span> <span class='ocrx_word' id='word_1_230' title='bbox 1670 2136 1746 2175; x_wconf 90' lang='lat' dir='ltr'>du-</span> 
     </span>
     <span class='ocr_line' id='line_1_29' title="bbox 104 2207 1745 2259; baseline -0.001 -11"><span class='ocrx_word' id='word_1_231' title='bbox 104 2216 266 2248; x_wconf 90' lang='lat' dir='ltr'>centos</span> <span class='ocrx_word' id='word_1_232' title='bbox 294 2207 554 2258; x_wconf 82' lang='lat' dir='ltr'>octoginta,</span> <span class='ocrx_word' id='word_1_233' title='bbox 586 2208 665 2247; x_wconf 88' lang='lat' dir='ltr'>alii</span> <span class='ocrx_word' id='word_1_234' title='bbox 697 2209 853 2259; x_wconf 87' lang='lat' dir='ltr'>plura,</span> <span class='ocrx_word' id='word_1_235' title='bbox 891 2208 969 2248; x_wconf 87' lang='lat' dir='ltr'>alii</span> <span class='ocrx_word' id='word_1_236' title='bbox 1000 2207 1229 2259; x_wconf 88' lang='lat' dir='ltr'>pauciora</span> <span class='ocrx_word' id='word_1_237' title='bbox 1260 2207 1511 2247; x_wconf 89' lang='lat' dir='ltr'>ostendunt</span> <span class='ocrx_word' id='word_1_238' title='bbox 1541 2207 1745 2253; x_wconf 82' lang='lat' dir='ltr'>nomina,</span> 
     </span>
     <span class='ocr_line' id='line_1_30' title="bbox 105 2278 1746 2330; baseline -0.001 -12"><span class='ocrx_word' id='word_1_239' title='bbox 105 2291 198 2319; x_wconf 89' lang='lat' dir='ltr'>oes.</span> <span class='ocrx_word' id='word_1_240' title='bbox 230 2279 524 2319; x_wconf 87' lang='lat' dir='ltr'>alacritatem</span> <span class='ocrx_word' id='word_1_241' title='bbox 555 2290 778 2330; x_wconf 89' lang='lat' dir='ltr'>magnam</span> <span class='ocrx_word' id='word_1_242' title='bbox 799 2285 844 2318; x_wconf 93' lang='lat' dir='ltr'>et</span> <span class='ocrx_word' id='word_1_243' title='bbox 866 2285 1030 2319; x_wconf 91' lang='lat' dir='ltr'>sctam.</span> <span class='ocrx_word' id='word_1_244' title='bbox 1063 2278 1292 2318; x_wconf 86' lang='lat' dir='ltr'>laetitiam</span> <span class='ocrx_word' id='word_1_245' title='bbox 1318 2290 1433 2329; x_wconf 89' lang='lat' dir='ltr'>prae</span> <span class='ocrx_word' id='word_1_246' title='bbox 1454 2290 1504 2318; x_wconf 93' lang='lat' dir='ltr'>se</span> <span class='ocrx_word' id='word_1_247' title='bbox 1529 2278 1746 2318; x_wconf 87' lang='lat' dir='ltr'>ferentes.</span> 
     </span>
     <span class='ocr_line' id='line_1_31' title="bbox 104 2349 1746 2401; baseline -0.001 -11"><span class='ocrx_word' id='word_1_248' title='bbox 104 2350 213 2391; x_wconf 86' lang='lat' dir='ltr'>Fuit</span> <span class='ocrx_word' id='word_1_249' title='bbox 246 2350 404 2401; x_wconf 90' lang='lat' dir='ltr'>itaque</span> <span class='ocrx_word' id='word_1_250' title='bbox 433 2361 655 2390; x_wconf 87' lang='lat' dir='ltr'>numerus</span> <span class='ocrx_word' id='word_1_251' title='bbox 689 2350 1138 2390; x_wconf 85' lang='lat' dir='ltr'>communicantium</span> <span class='ocrx_word' id='word_1_252' title='bbox 1170 2362 1225 2389; x_wconf 89' lang='lat' dir='ltr'>eo</span> <span class='ocrx_word' id='word_1_253' title='bbox 1253 2349 1326 2390; x_wconf 90' lang='lat' dir='ltr'>die</span> <span class='ocrx_word' id='word_1_254' title='bbox 1362 2350 1551 2390; x_wconf 91' lang='lat' dir='ltr'>circiter</span> <span class='ocrx_word' id='word_1_255' title='bbox 1579 2350 1746 2401; x_wconf 91' lang='lat' dir='ltr'>septin-</span> 
     </span>
     <span class='ocr_line' id='line_1_32' title="bbox 104 2421 1748 2473; baseline -0.001 -12"><span class='ocrx_word' id='word_1_256' title='bbox 104 2422 235 2473; x_wconf 88' lang='lat' dir='ltr'>genti</span> <span class='ocrx_word' id='word_1_257' title='bbox 269 2421 509 2472; x_wconf 90' lang='lat' dir='ltr'>octoginta</span> <span class='ocrx_word' id='word_1_258' title='bbox 551 2428 595 2461; x_wconf 91' lang='lat' dir='ltr'>et</span> <span class='ocrx_word' id='word_1_259' title='bbox 632 2432 686 2460; x_wconf 93' lang='lat' dir='ltr'>eo</span> <span class='ocrx_word' id='word_1_260' title='bbox 722 2421 945 2472; x_wconf 90' lang='lat' dir='ltr'>amplius;</span> <span class='ocrx_word' id='word_1_261' title='bbox 981 2421 1093 2472; x_wconf 88' lang='lat' dir='ltr'>quin</span> <span class='ocrx_word' id='word_1_262' title='bbox 1121 2421 1159 2460; x_wconf 93' lang='lat' dir='ltr'>si</span> <span class='ocrx_word' id='word_1_263' title='bbox 1195 2421 1299 2460; x_wconf 90' lang='lat' dir='ltr'>illos</span> <span class='ocrx_word' id='word_1_264' title='bbox 1336 2421 1479 2460; x_wconf 89' lang='lat' dir='ltr'>etiam</span> <span class='ocrx_word' id='word_1_265' title='bbox 1513 2431 1748 2460; x_wconf 87' lang='lat' dir='ltr'>enumere-</span> 
     </span>
     <span class='ocr_line' id='line_1_33' title="bbox 107 2490 1747 2544; baseline -0.001 -12"><span class='ocrx_word' id='word_1_266' title='bbox 107 2505 231 2543; x_wconf 90' lang='lat' dir='ltr'>mus,</span> <span class='ocrx_word' id='word_1_267' title='bbox 267 2492 346 2544; x_wconf 93' lang='lat' dir='ltr'>qui</span> <span class='ocrx_word' id='word_1_268' title='bbox 379 2492 502 2532; x_wconf 90' lang='lat' dir='ltr'>intra</span> <span class='ocrx_word' id='word_1_269' title='bbox 536 2491 880 2532; x_wconf 86' lang='lat' dir='ltr'>hebdomadam</span> <span class='ocrx_word' id='word_1_270' title='bbox 920 2490 1118 2532; x_wconf 90' lang='lat' dir='ltr'>Sacram</span> <span class='ocrx_word' id='word_1_271' title='bbox 1157 2491 1504 2531; x_wconf 89' lang='lat' dir='ltr'>Eucharistiam</span> <span class='ocrx_word' id='word_1_272' title='bbox 1543 2503 1747 2542; x_wconf 90' lang='lat' dir='ltr'>sumpse-</span> 
     </span>
     <span class='ocr_line' id='line_1_34' title="bbox 101 2562 1748 2614; baseline -0.001 -10"><span class='ocrx_word' id='word_1_273' title='bbox 101 2569 235 2614; x_wconf 85' lang='lat' dir='ltr'>-runt,</span> <span class='ocrx_word' id='word_1_274' title='bbox 259 2563 556 2603; x_wconf 90' lang='lat' dir='ltr'>millesimum</span> <span class='ocrx_word' id='word_1_275' title='bbox 576 2573 821 2603; x_wconf 90' lang='lat' dir='ltr'>numerum</span> <span class='ocrx_word' id='word_1_276' title='bbox 843 2563 1096 2612; x_wconf 83' lang='lat' dir='ltr'>excedent,</span> <span class='ocrx_word' id='word_1_277' title='bbox 1130 2562 1290 2613; x_wconf 90' lang='lat' dir='ltr'>idque,</span> <span class='ocrx_word' id='word_1_278' title='bbox 1324 2562 1534 2613; x_wconf 83' lang='lat' dir='ltr'>exceptis</span> <span class='ocrx_word' id='word_1_279' title='bbox 1567 2562 1748 2613; x_wconf 83' lang='lat' dir='ltr'>quibus-</span> 
     </span>
     <span class='ocr_line' id='line_1_35' title="bbox 107 2633 1747 2685; baseline -0.001 -11"><span class='ocrx_word' id='word_1_280' title='bbox 107 2635 215 2675; x_wconf 88' lang='lat' dir='ltr'>dam</span> <span class='ocrx_word' id='word_1_281' title='bbox 241 2634 365 2684; x_wconf 82' lang='lat' dir='ltr'>aliis,</span> <span class='ocrx_word' id='word_1_282' title='bbox 403 2645 603 2685; x_wconf 90' lang='lat' dir='ltr'>quorum</span> <span class='ocrx_word' id='word_1_283' title='bbox 638 2633 958 2673; x_wconf 86' lang='lat' dir='ltr'>confessiones</span> <span class='ocrx_word' id='word_1_284' title='bbox 995 2634 1147 2674; x_wconf 91' lang='lat' dir='ltr'>coacti</span> <span class='ocrx_word' id='word_1_285' title='bbox 1182 2634 1406 2684; x_wconf 89' lang='lat' dir='ltr'>temporis</span> <span class='ocrx_word' id='word_1_286' title='bbox 1441 2633 1675 2684; x_wconf 90' lang='lat' dir='ltr'>angustiis</span> <span class='ocrx_word' id='word_1_287' title='bbox 1704 2633 1747 2672; x_wconf 88' lang='lat' dir='ltr'>in</span> 
     </span>
     <span class='ocr_line' id='line_1_36' title="bbox 109 2704 1750 2756; baseline -0.001 -11"><span class='ocrx_word' id='word_1_288' title='bbox 109 2707 225 2746; x_wconf 87' lang='lat' dir='ltr'>alias</span> <span class='ocrx_word' id='word_1_289' title='bbox 255 2711 452 2745; x_wconf 85' lang='lat' dir='ltr'>octavas</span> <span class='ocrx_word' id='word_1_290' title='bbox 482 2705 619 2745; x_wconf 90' lang='lat' dir='ltr'>huius</span> <span class='ocrx_word' id='word_1_291' title='bbox 654 2704 759 2744; x_wconf 83' lang='lat' dir='ltr'>festi</span> <span class='ocrx_word' id='word_1_292' title='bbox 789 2704 1075 2756; x_wconf 83' lang='lat' dir='ltr'>reliquimus.</span> <span class='ocrx_word' id='word_1_293' title='bbox 1109 2705 1293 2744; x_wconf 85' lang='lat' dir='ltr'>Etenim</span> <span class='ocrx_word' id='word_1_294' title='bbox 1323 2710 1454 2744; x_wconf 89' lang='lat' dir='ltr'>tanta</span> <span class='ocrx_word' id='word_1_295' title='bbox 1481 2704 1669 2756; x_wconf 90' lang='lat' dir='ltr'>pietatis</span> <span class='ocrx_word' id='word_1_296' title='bbox 1696 2716 1750 2743; x_wconf 88' lang='lat' dir='ltr'>ac</span> 
     </span>
     <span class='ocr_line' id='line_1_37' title="bbox 109 2774 1748 2819; baseline -0.001 -2"><span class='ocrx_word' id='word_1_297' title='bbox 109 2778 297 2818; x_wconf 82' lang='lat' dir='ltr'>divinae</span> <span class='ocrx_word' id='word_1_298' title='bbox 332 2776 578 2816; x_wconf 88' lang='lat' dir='ltr'>charitatis</span> <span class='ocrx_word' id='word_1_299' title='bbox 600 2775 809 2816; x_wconf 88' lang='lat' dir='ltr'>accessio</span> <span class='ocrx_word' id='word_1_300' title='bbox 838 2776 885 2815; x_wconf 88' lang='lat' dir='ltr'>in</span> <span class='ocrx_word' id='word_1_301' title='bbox 914 2776 1003 2815; x_wconf 91' lang='lat' dir='ltr'>hac</span> <span class='ocrx_word' id='word_1_302' title='bbox 1033 2776 1144 2816; x_wconf 91' lang='lat' dir='ltr'>urbe</span> <span class='ocrx_word' id='word_1_303' title='bbox 1165 2782 1235 2816; x_wconf 89' lang='lat' dir='ltr'>est</span> <span class='ocrx_word' id='word_1_304' title='bbox 1264 2774 1351 2815; x_wconf 86' lang='lat' dir='ltr'>Dei</span> <span class='ocrx_word' id='word_1_305' title='bbox 1379 2776 1587 2816; x_wconf 89' lang='lat' dir='ltr'>bonitate</span> <span class='ocrx_word' id='word_1_306' title='bbox 1607 2774 1748 2819; x_wconf 80' lang='lat' dir='ltr'>facta,</span> 
     </span>
     <span class='ocr_line' id='line_1_38' title="bbox 109 2846 1749 2900; baseline -0.001 -12"><span class='ocrx_word' id='word_1_307' title='bbox 109 2856 159 2888; x_wconf 93' lang='lat' dir='ltr'>ut</span> <span class='ocrx_word' id='word_1_308' title='bbox 180 2849 379 2900; x_wconf 88' lang='lat' dir='ltr'>ipsamet</span> <span class='ocrx_word' id='word_1_309' title='bbox 401 2859 535 2887; x_wconf 91' lang='lat' dir='ltr'>suam</span> <span class='ocrx_word' id='word_1_310' title='bbox 558 2846 865 2887; x_wconf 86' lang='lat' dir='ltr'>mutationem</span> <span class='ocrx_word' id='word_1_311' title='bbox 894 2846 1162 2886; x_wconf 87' lang='lat' dir='ltr'>mirandum</span> <span class='ocrx_word' id='word_1_312' title='bbox 1190 2847 1237 2886; x_wconf 91' lang='lat' dir='ltr'>in</span> <span class='ocrx_word' id='word_1_313' title='bbox 1266 2846 1457 2887; x_wconf 89' lang='lat' dir='ltr'>modum</span> <span class='ocrx_word' id='word_1_314' title='bbox 1486 2848 1749 2899; x_wconf 86' lang='lat' dir='ltr'>obstupeat,</span> 
     </span>
     <span class='ocr_line' id='line_1_39' title="bbox 111 2917 1751 2971; baseline -0.001 -12"><span class='ocrx_word' id='word_1_315' title='bbox 111 2932 231 2971; x_wconf 90' lang='lat' dir='ltr'>quae</span> <span class='ocrx_word' id='word_1_316' title='bbox 265 2930 505 2970; x_wconf 90' lang='lat' dir='ltr'>nunquam</span> <span class='ocrx_word' id='word_1_317' title='bbox 539 2917 804 2958; x_wconf 89' lang='lat' dir='ltr'>crediderat</span> <span class='ocrx_word' id='word_1_318' title='bbox 839 2917 899 2957; x_wconf 88' lang='lat' dir='ltr'>ad</span> <span class='ocrx_word' id='word_1_319' title='bbox 934 2929 1054 2967; x_wconf 91' lang='lat' dir='ltr'>eum,</span> <span class='ocrx_word' id='word_1_320' title='bbox 1093 2918 1139 2957; x_wconf 90' lang='lat' dir='ltr'>in</span> <span class='ocrx_word' id='word_1_321' title='bbox 1175 2930 1266 2969; x_wconf 95' lang='lat' dir='ltr'>quo</span> <span class='ocrx_word' id='word_1_322' title='bbox 1292 2929 1415 2958; x_wconf 89' lang='lat' dir='ltr'>nunc</span> <span class='ocrx_word' id='word_1_323' title='bbox 1451 2924 1541 2969; x_wconf 88' lang='lat' dir='ltr'>est,</span> <span class='ocrx_word' id='word_1_324' title='bbox 1579 2924 1751 2959; x_wconf 86' lang='lat' dir='ltr'>statum</span> 
     </span>
     <span class='ocr_line' id='line_1_40' title="bbox 112 2987 1754 3042; baseline -0.001 -12"><span class='ocrx_word' id='word_1_325' title='bbox 112 3002 250 3042; x_wconf 89' lang='lat' dir='ltr'>posse</span> <span class='ocrx_word' id='word_1_326' title='bbox 272 2989 533 3041; x_wconf 86' lang='lat' dir='ltr'>pervenire.</span> <span class='ocrx_word' id='word_1_327' title='bbox 558 2988 655 3029; x_wconf 92' lang='lat' dir='ltr'>Nec</span> <span class='ocrx_word' id='word_1_328' title='bbox 676 2987 721 3028; x_wconf 91' lang='lat' dir='ltr'>id</span> <span class='ocrx_word' id='word_1_329' title='bbox 743 3000 856 3028; x_wconf 90' lang='lat' dir='ltr'>sane</span> <span class='ocrx_word' id='word_1_330' title='bbox 877 2987 1063 3039; x_wconf 91' lang='lat' dir='ltr'>quidem</span> <span class='ocrx_word' id='word_1_331' title='bbox 1085 2988 1255 3028; x_wconf 89' lang='lat' dir='ltr'>mirum</span> <span class='ocrx_word' id='word_1_332' title='bbox 1286 2989 1434 3029; x_wconf 88' lang='lat' dir='ltr'>videri</span> <span class='ocrx_word' id='word_1_333' title='bbox 1463 2988 1621 3041; x_wconf 87' lang='lat' dir='ltr'>debet,</span> <span class='ocrx_word' id='word_1_334' title='bbox 1645 3001 1754 3030; x_wconf 87' lang='lat' dir='ltr'>nam</span> 
     </span>
    </p>
   </div>
  </div>
 </body>
</html>
