2080 3392
819 204 902 242 AN.
934 205 1026 243 1553
1678 205 1746 242 199

103 317 239 347 rarus
274 310 344 344 est
379 302 586 354 quidem3
620 303 703 343 vix
742 309 900 343 tamen
939 303 1038 343 dies
1071 304 1244 344 labitur
1282 304 1409 343 nulla
1449 302 1746 344 confessione

101 376 364 428 insignitus.
398 374 624 414 Raritatis
653 379 813 414 tantae
835 374 1067 414 rationem
1088 380 1308 425 putamus
1329 375 1524 415 nimiam
1542 374 1671 414 urbis
1697 375 1744 414 in

103 449 220 489 bene
242 433 823 497 agendo'erubescentiam
845 445 1130 497 nimiamque
1157 446 1456 498 zelotypiam.
1489 445 1570 486 Illa
1597 446 1742 495 viros,

104 520 218 559 haec
254 517 493 566 mulieres,
531 517 640 556 licet
675 516 820 556 animi
846 516 1159 568 propensione
1187 518 1264 557 vel
1288 517 1519 569 pulsantis
1553 516 1745 557 Domini

101 589 407 642 inspiratione
428 588 667 639 impulsos,
692 594 900 628 revocat.
926 587 1080 627 Tanta
1101 599 1263 628 omnes
1284 589 1510 640 corripuit
1537 588 1744 628 caecitas

104 668 152 702 ut
175 660 299 712 quod
318 659 480 700 vident
510 659 683 699 bonum
710 659 886 698 malum
917 658 1097 706 dicant,
1129 665 1173 699 et
1201 659 1325 711 quod
1352 660 1526 699 malum
1552 659 1740 699 bonum.

102 732 236 774 Unde
263 731 406 772 filium
435 736 591 782 pater,
629 736 778 770 mater
804 729 967 779 filiam,
1000 741 1198 770 uxorem
1223 742 1338 770 vero
1367 737 1497 771 arcet
1523 731 1611 771 vir.
1641 730 1743 771 Hoc

103 810 259 844 tamen
293 802 525 842 Dominus
560 801 780 842 Adventu
809 802 963 853 lapso,
993 802 1333 853 permultarum
1368 802 1613 842 mulierum
1647 813 1739 842 ma-

102 875 248 923 xime,
272 874 431 914 oculos
454 874 656 924 aperuit,
688 878 738 913 ut
765 873 959 913 fallaces
986 872 1145 913 mundi
1175 873 1457 924 praestigias
1488 873 1739 923 deprehen-

103 946 284 995 dentes,
307 945 459 996 posita
483 945 609 985 omni
629 945 930 995 verecundia,
956 945 1172 996 omnique
1195 951 1352 995 spreta
1375 945 1574 984 aliorum
1596 945 1741 995 suspi-

102 1017 255 1067 cione,
280 1017 339 1056 ad
361 1016 680 1056 confessiones
701 1021 831 1056 tanto
854 1027 1088 1056 concursu
1109 1022 1427 1067 moverentur,
1455 1022 1505 1056 ut
1527 1016 1744 1056 canonici

102 1101 152 1129 se
171 1093 352 1128 tantum
373 1100 458 1128 sua
480 1088 525 1127 in
548 1087 748 1127 ecclesia
776 1098 1033 1139 numquam
1060 1087 1235 1127 vidisse
1263 1094 1607 1128 asseverarent.
1641 1086 1742 1128 Plu-

101 1160 228 1211 rimi,
254 1159 365 1200 alibi
386 1159 591 1199 confessi
612 1159 754 1199 etiam
775 1159 939 1199 eodem
961 1158 1034 1199 die
1055 1159 1304 1209 religiosiS‚
1328 1171 1421 1199 non
1443 1159 1532 1199 sibi
1561 1159 1741 1199 satisfa-

101 1237 226 1272 ctum
244 1231 465 1280 dicentes,
489 1237 701 1270 nostram
723 1242 915 1282 operam
935 1231 1264 1282 implorabant,
1289 1242 1380 1282 qua
1403 1231 1607 1282 obtenta,
1631 1230 1742 1270 hila-

103 1314 178 1343 res
205 1303 359 1353 vultu‚
394 1303 550 1342 animo
580 1302 801 1342 laetiores
834 1302 1165 1342 abscedebant.
1196 1302 1431 1354 Plerique,
1467 1303 1605 1342 altius
1636 1314 1740 1342 con-

99 1374 327 1414 fessiones
356 1373 507 1414 factas
534 1379 814 1425 repetentes,
845 1374 987 1414 totius
1015 1373 1112 1413 fere
1139 1374 1267 1414 vitae
1288 1374 1551 1424 insigniora
1573 1374 1742 1414 delicta

100 1445 359 1485 confessori
394 1445 656 1496 prodebant
691 1444 1013 1496 expendenda.
1046 1445 1149 1485 Hoc
1180 1451 1335 1485 autem
1363 1445 1565 1485 maxime
1600 1445 1742 1485 conti-

99 1517 168 1569 git
188 1517 235 1557 in
256 1517 462 1557 castellis
484 1523 528 1556 et
549 1516 699 1568 pagis,
725 1528 844 1568 quae
864 1516 1126 1556 visitamus.
1150 1515 1284 1567 Nam,
1310 1517 1429 1568 proh
1450 1516 1605 1556 dolor!
1631 1522 1742 1568 quot

101 1588 312 1630 homines
333 1588 619 1638 invenimus,
644 1593 742 1628 tum
764 1587 1087 1628 confessorum
1109 1588 1283 1639 ineptia
1305 1588 1380 1627 vel
1407 1588 1610 1638 incuria,
1643 1595 1741 1628 tum

100 1660 438 1711 poenitentium
459 1658 767 1709 verecundia,
793 1659 839 1699 in
860 1659 1069 1710 peccatis
1099 1659 1376 1699 mortalibus
1403 1659 1600 1710 sopitos,
1632 1660 1743 1699 mul-

100 1731 159 1772 tis
180 1732 316 1771 annis
338 1730 763 1771 communicantes!
786 1736 899 1782 quot
919 1742 1033 1771 vero
1055 1730 1374 1771 confessiones
1395 1731 1648 1771 multorum
1665 1743 1740 1771 an-

105 1814 273 1843 norum
295 1803 530 1843 curriculo
552 1802 923 1842 intermiserant!

178 1873 285 1914 Alia
308 1873 462 1914 officia
484 1873 768 1925 spiritualia,
798 1874 886 1913 etsi
915 1885 1010 1913 non
1043 1880 1265 1914 accurate
1296 1873 1433 1923 satis,
1465 1879 1744 1913 exercentur

99 1951 269 1985 tamen.
314 1945 674 1986 Xenodochium
720 1956 860 1996 saepe
904 1945 1150 1985 visitatum
1198 1950 1268 1985 est
1289 1977 1296 1995 ,
1343 1945 1624 1996 praesertim
1661 1957 1744 1997 per

99 2015 153 2056 R.
189 2016 239 2056 P.
275 2016 542 2065 Albertum,
575 2015 633 2055 ad
661 2016 785 2068 quod
811 2022 1005 2067 propter
1034 2017 1226 2066 multas,
1257 2027 1374 2068 quas
1402 2016 1543 2056 habet
1578 2015 1743 2067 orpha-

99 2098 205 2138 nas,
230 2087 415 2128 facilem
437 2099 683 2127 accessum
706 2086 974 2127 damnanda
994 2093 1139 2139 negat
1160 2088 1387 2139 suspicio:
1412 2098 1582 2138 aegros
1609 2099 1744 2128 raros

99 2157 239 2198 habet
272 2170 386 2210 prae
424 2159 569 2198 nimia
605 2170 773 2198 census
807 2159 1060 2209 tenuitate;
1098 2170 1214 2210 quos
1247 2170 1363 2199 vero
1402 2153 1631 2199 hactenus
1666 2159 1743 2198 ha-

99 2229 211 2281 buit,
236 2236 280 2270 et
303 2229 617 2280 visitavimus,
641 2235 685 2270 et
707 2229 1001 2270 confessione
1023 2229 1254 2270 adversus
1275 2231 1460 2270 hostem
1482 2217 1742 2282 praemuni-

99 2300 266 2341 vimus.
291 2301 396 2342 Non
417 2301 664 2342 defuerunt
685 2301 827 2341 etiam
849 2313 1015 2341 sacrae
1037 2302 1405 2342 exhortationes.
1442 2301 1593 2352 Aegri
1622 2302 1743 2353 pari·

98 2378 182 2421 ter,
202 2378 246 2412 et
267 2373 394 2412 cives
416 2380 459 2413 et
482 2373 646 2420 rustici
667 2371 693 2421 ¹,
719 2373 777 2412 ab
802 2372 967 2412 eodem
988 2372 1127 2413 Patre
1149 2373 1480 2413 ardentissima
1510 2373 1743 2413 charitate

101 2443 276 2494 passim
295 2444 564 2484 visitantur.
595 2443 884 2484 Monasteria
911 2444 1053 2484 etiam
1083 2444 1350 2485 invisuntur
1378 2444 1436 2484 ab
1467 2443 1631 2484 eodem
1660 2443 1742 2484 Pa-

100 2519 170 2554 tre
191 2520 235 2555 et
261 2515 408 2556 fratre
439 2516 672 2567 Baptista,
705 2522 748 2555 et
776 2515 873 2555 fere
909 2515 1097 2567 quidem
1131 2515 1262 2556 festis
1293 2516 1551 2567 quibusque
1581 2514 1743 2555 diebus

101 2595 262 2626 eorum
284 2587 460 2638 aliquot
483 2597 617 2626 suam
639 2586 929 2637 spiritualem
950 2585 1124 2627 habent
1146 2598 1172 2626 a
1192 2586 1336 2627 fratre
1353 2593 1514 2626 nostro
1531 2585 1741 2626 resectio-

100 2666 226 2707 nem,
251 2658 438 2708 saepius
460 2668 575 2697 vero
597 2663 642 2696 et
663 2657 959 2708 potissimum
980 2657 1199 2709 profestis
1221 2670 1247 2697 a
1266 2657 1319 2697 R.
1344 2656 1393 2697 Ρ.
1417 2657 1632 2707 Albert03
1655 2669 1742 2697 nec

101 2724 275 2767 frustra
297 2734 438 2777 certe;
463 2728 658 2768 mutatio
681 2728 803 2768 enim
824 2740 1007 2768 morum
1029 2728 1245 2768 omnibus
1267 2735 1336 2768 est
1357 2728 1623 2780 perspicua,
1647 2740 1740 2768 ma-

101 2798 224 2838 xime
262 2799 398 2838 unius
439 2799 496 2839 ab
533 2798 696 2838 eodem
733 2798 872 2839 Patre
911 2799 1091 2839 visitati
1129 2799 1435 2850 frequentius.
1477 2798 1578 2839 Hoc
1617 2799 1742 2839 enim

100 2868 361 2909 inveterata
397 2875 588 2910 exutum
622 2870 957 2910 consuetudine
993 2871 1328 2910 suavissimum
1359 2870 1497 2911 modo
1528 2870 1740 2911 diffundit

155 3028 165 3048 ¹
205 3031 237 3056 et
253 3030 395 3058 cz'vesvt
411 3031 550 3063 rustici,
563 3030 618 3065 qui
633 3030 666 3057 in
678 3029 820 3057 civitate
833 3034 866 3057 et
882 3030 938 3064 qui
954 3029 986 3056 in
1001 3030 1137 3057 ruribus
1153 3030 1333 3058 civitatem
1347 3031 1585 3065 adjacentibus
1600 3031 1739 3066 degunt.
