<?xml version="1.0" encoding="UTF-8"?>
<!DOCTYPE html PUBLIC "-//W3C//DTD XHTML 1.0 Transitional//EN"
    "http://www.w3.org/TR/xhtml1/DTD/xhtml1-transitional.dtd">
<html xmlns="http://www.w3.org/1999/xhtml" xml:lang="en" lang="en">
 <head>
  <title>
</title>
<meta http-equiv="Content-Type" content="text/html;charset=utf-8" />
  <meta name='ocr-system' content='tesseract 3.04.00' />
  <meta name='ocr-capabilities' content='ocr_page ocr_carea ocr_par ocr_line ocrx_word'/>
</head>
<body>
  <div class='ocr_page' id='page_1' title='image "./litteraequadrime14lain_0578.png"; bbox 0 0 2080 3392; ppageno 0'>
   <div class='ocr_carea' id='block_1_1' title="bbox 247 165 1374 207">
    <p class='ocr_par' dir='ltr' id='par_1_1' title="bbox 247 165 1374 207">
     <span class='ocr_line' id='line_1_1' title="bbox 247 165 1374 207; baseline -0.009 0"><span class='ocrx_word' id='word_1_1' title='bbox 247 171 322 207; x_wconf 65' lang='lat'>571</span> <span class='ocrx_word' id='word_1_2' title='bbox 760 165 987 202; x_wconf 79' lang='lat' dir='ltr'>LITTERAE</span> <span class='ocrx_word' id='word_1_3' title='bbox 1014 172 1374 204; x_wconf 76' lang='lat' dir='ltr'><strong>QUADRIMESTRES</strong></span> 
     </span>
    </p>
   </div>
   <div class='ocr_carea' id='block_1_2' title="bbox 333 258 1375 522">
    <p class='ocr_par' dir='ltr' id='par_1_2' title="bbox 333 258 1081 314">
     <span class='ocr_line' id='line_1_2' title="bbox 333 258 1081 314; baseline -0.013 -7"><span class='ocrx_word' id='word_1_4' title='bbox 333 267 394 307; x_wconf 86' lang='lat' dir='ltr'>Di</span> <span class='ocrx_word' id='word_1_5' title='bbox 413 263 648 314; x_wconf 80' lang='lat' dir='ltr'>Peruggia</span> <span class='ocrx_word' id='word_1_6' title='bbox 671 274 697 301; x_wconf 92' lang='lat' dir='ltr'>a</span> <span class='ocrx_word' id='word_1_7' title='bbox 718 261 743 300; x_wconf 76' lang='lat'>4</span> <span class='ocrx_word' id='word_1_8' title='bbox 763 261 809 301; x_wconf 91' lang='lat' dir='ltr'>di</span> <span class='ocrx_word' id='word_1_9' title='bbox 828 260 937 300; x_wconf 88' lang='lat' dir='ltr'>Feb.</span> <span class='ocrx_word' id='word_1_10' title='bbox 966 258 1081 298; x_wconf 74' lang='lat'>1554.</span> 
     </span>
    </p>

    <p class='ocr_par' dir='ltr' id='par_1_3' title="bbox 337 333 549 376">
     <span class='ocr_line' id='line_1_3' title="bbox 337 333 549 376; baseline -0.014 0"><span class='ocrx_word' id='word_1_11' title='bbox 337 336 396 376; x_wconf 84' lang='lat' dir='ltr'>Di</span> <span class='ocrx_word' id='word_1_12' title='bbox 417 335 474 375; x_wconf 82' lang='lat' dir='ltr'>V.</span> <span class='ocrx_word' id='word_1_13' title='bbox 501 333 549 374; x_wconf 89' lang='lat' dir='ltr'>P.</span> 
     </span>
    </p>

    <p class='ocr_par' dir='ltr' id='par_1_4' title="bbox 333 398 1375 522">
     <span class='ocr_line' id='line_1_4' title="bbox 334 398 1375 449; baseline -0.008 -3"><span class='ocrx_word' id='word_1_14' title='bbox 334 407 421 446; x_wconf 85' lang='lat' dir='ltr'>Per</span> <span class='ocrx_word' id='word_1_15' title='bbox 443 403 770 445; x_wconf 79' lang='lat' dir='ltr'>commissione</span> <span class='ocrx_word' id='word_1_16' title='bbox 792 402 865 442; x_wconf 91' lang='lat' dir='ltr'>del</span> <span class='ocrx_word' id='word_1_17' title='bbox 885 401 934 441; x_wconf 85' lang='grc' dir='ltr'>Ρ.</span> <span class='ocrx_word' id='word_1_18' title='bbox 957 400 1094 440; x_wconf 91' lang='lat' dir='ltr'>Mtro.</span> <span class='ocrx_word' id='word_1_19' title='bbox 1119 398 1375 449; x_wconf 88' lang='lat' dir='ltr'>Everardo,</span> 
     </span>
     <span class='ocr_line' id='line_1_5' title="bbox 333 461 956 522; baseline -0.008 -5"><span class='ocrx_word' id='word_1_20' title='bbox 333 461 481 517; x_wconf 77' lang='lat' dir='ltr'>Servo</span> <span class='ocrx_word' id='word_1_21' title='bbox 504 475 663 515; x_wconf 87' lang='lat' dir='ltr'>inutile</span> <span class='ocrx_word' id='word_1_22' title='bbox 684 474 731 514; x_wconf 91' lang='lat' dir='ltr'>in</span> <span class='ocrx_word' id='word_1_23' title='bbox 753 473 956 522; x_wconf 86' lang='lat' dir='ltr'>Christo,</span> 
     </span>
    </p>
   </div>
   <div class='ocr_carea' id='block_1_3' title="bbox 1218 611 1674 652">
    <p class='ocr_par' dir='ltr' id='par_1_5' title="bbox 1218 611 1674 652">
     <span class='ocr_line' id='line_1_6' title="bbox 1218 611 1674 652; baseline -0.009 0"><span class='ocrx_word' id='word_1_24' title='bbox 1218 612 1414 652; x_wconf 83' lang='lat' dir='ltr'>EMoNDo</span> <span class='ocrx_word' id='word_1_25' title='bbox 1444 611 1674 651; x_wconf 83' lang='lat' dir='ltr'><strong>AUGERIO.</strong></span> 
     </span>
    </p>
   </div>
   <div class='ocr_carea' id='block_1_4' title="bbox 264 820 1893 941">
    <p class='ocr_par' dir='ltr' id='par_1_6' title="bbox 264 820 1893 941">
     <span class='ocr_line' id='line_1_7' title="bbox 339 820 1893 880; baseline -0.007 -9"><span class='ocrx_word' id='word_1_26' title='bbox 339 831 450 871; x_wconf 74' lang='lat' dir='ltr'>Alia</span> <span class='ocrx_word' id='word_1_27' title='bbox 484 841 628 870; x_wconf 75' lang='lat' dir='ltr'>mmm</span> <span class='ocrx_word' id='word_1_28' title='bbox 657 829 706 868; x_wconf 73' lang='lat' dir='ltr'>ln</span> <span class='ocrx_word' id='word_1_29' title='bbox 741 831 914 880; x_wconf 71' lang='lat' dir='ltr'>quarta</span> <span class='ocrx_word' id='word_1_30' title='bbox 935 826 1148 878; x_wconf 69' lang='lat' dir='ltr'>pagina:</span> <span class='ocrx_word' id='word_1_31' title='bbox 1187 823 1302 864; x_wconf 75' lang='lat'>1554.</span> <span class='ocrx_word' id='word_1_32' title='bbox 1341 823 1490 875; x_wconf 80' lang='lat' dir='ltr'>Quad.</span> <span class='ocrx_word' id='word_1_33' title='bbox 1523 833 1659 874; x_wconf 85' lang='lat' dir='ltr'>peug.</span> <span class='ocrx_word' id='word_1_34' title='bbox 1691 820 1802 872; x_wconf 71' lang='lat' dir='ltr'>(sic)</span> <span class='ocrx_word' id='word_1_35' title='bbox 1830 820 1893 861; x_wconf 64' lang='lat'>40</span> 
     </span>
     <span class='ocr_line' id='line_1_8' title="bbox 264 901 439 941; baseline 0 0"><span class='ocrx_word' id='word_1_36' title='bbox 264 902 309 941; x_wconf 85' lang='lat' dir='ltr'>di</span> <span class='ocrx_word' id='word_1_37' title='bbox 330 901 439 941; x_wconf 87' lang='lat' dir='ltr'>Feb.</span> 
     </span>
    </p>
   </div>
   <div class='ocr_carea' id='block_1_5' title="bbox 529 1306 1649 1343">
    <p class='ocr_par' dir='ltr' id='par_1_7' title="bbox 529 1306 1649 1343">
     <span class='ocr_line' id='line_1_9' title="bbox 529 1306 1649 1343; baseline -0.005 -4"><span class='ocrx_word' id='word_1_38' title='bbox 529 1310 810 1339; x_wconf 76' lang='lat' dir='ltr'>praecedentium</span> <span class='ocrx_word' id='word_1_39' title='bbox 824 1310 990 1337; x_wconf 87' lang='lat' dir='ltr'>Edmundi</span> <span class='ocrx_word' id='word_1_40' title='bbox 1009 1309 1150 1343; x_wconf 76' lang='lat' dir='ltr'>Augerii</span> <span class='ocrx_word' id='word_1_41' title='bbox 1166 1308 1360 1335; x_wconf 84' lang='lat' dir='ltr'>litterarum</span> <span class='ocrx_word' id='word_1_42' title='bbox 1374 1307 1483 1334; x_wconf 84' lang='lat' dir='ltr'>latina</span> <span class='ocrx_word' id='word_1_43' title='bbox 1497 1307 1610 1334; x_wconf 74' lang='lat' dir='ltr'>versio</span> <span class='ocrx_word' id='word_1_44' title='bbox 1629 1306 1649 1333; x_wconf 86' lang='lat'>¹.</span> 
     </span>
    </p>
   </div>
   <div class='ocr_carea' id='block_1_6' title="bbox 1043 1499 1140 1575">
    <p class='ocr_par' dir='ltr' id='par_1_8' title="bbox 1043 1499 1140 1575">
     <span class='ocr_line' id='line_1_10' title="bbox 1043 1499 1140 1575; baseline 0.01 -1"><span class='ocrx_word' id='word_1_45' title='bbox 1043 1499 1140 1575; x_wconf 59' lang='lat' dir='ltr'>nis</span> 
     </span>
    </p>
   </div>
   <div class='ocr_carea' id='block_1_7' title="bbox 270 1747 1966 2788">
    <p class='ocr_par' dir='ltr' id='par_1_9' title="bbox 355 1747 695 1797">
     <span class='ocr_line' id='line_1_11' title="bbox 355 1747 695 1797; baseline -0.003 -9"><span class='ocrx_word' id='word_1_46' title='bbox 355 1749 455 1788; x_wconf 79' lang='lat' dir='ltr'>Pax</span> <span class='ocrx_word' id='word_1_47' title='bbox 481 1747 576 1797; x_wconf 57' lang='lat' dir='ltr'>Xft,</span> <span class='ocrx_word' id='word_1_48' title='bbox 608 1754 695 1787; x_wconf 91' lang='lat' dir='ltr'>etc.</span> 
     </span>
    </p>

    <p class='ocr_par' dir='ltr' id='par_1_10' title="bbox 270 1816 1966 2213">
     <span class='ocr_line' id='line_1_12' title="bbox 351 1816 1905 1870; baseline -0.003 -12"><span class='ocrx_word' id='word_1_49' title='bbox 351 1818 451 1859; x_wconf 88' lang='lat' dir='ltr'>Etsi</span> <span class='ocrx_word' id='word_1_50' title='bbox 472 1819 519 1858; x_wconf 89' lang='lat' dir='ltr'>in</span> <span class='ocrx_word' id='word_1_51' title='bbox 546 1819 643 1858; x_wconf 88' lang='lat' dir='ltr'>dies</span> <span class='ocrx_word' id='word_1_52' title='bbox 669 1830 794 1858; x_wconf 81' lang='lat' dir='ltr'>nova</span> <span class='ocrx_word' id='word_1_53' title='bbox 823 1818 868 1857; x_wconf 90' lang='lat' dir='ltr'>in</span> <span class='ocrx_word' id='word_1_54' title='bbox 895 1818 1162 1870; x_wconf 74' lang='lat' dir='ltr'>proximum</span> <span class='ocrx_word' id='word_1_55' title='bbox 1190 1816 1340 1857; x_wconf 83' lang='lat' dir='ltr'>officia</span> <span class='ocrx_word' id='word_1_56' title='bbox 1367 1824 1631 1868; x_wconf 85' lang='lat' dir='ltr'>praestare,</span> <span class='ocrx_word' id='word_1_57' title='bbox 1663 1825 1803 1866; x_wconf 87' lang='lat' dir='ltr'>quam</span> <span class='ocrx_word' id='word_1_58' title='bbox 1830 1825 1905 1854; x_wconf 87' lang='lat' dir='ltr'>ve-</span> 
     </span>
     <span class='ocr_line' id='line_1_13' title="bbox 272 1887 1905 1938; baseline -0.003 -9"><span class='ocrx_word' id='word_1_59' title='bbox 272 1896 373 1930; x_wconf 86' lang='lat' dir='ltr'>tera</span> <span class='ocrx_word' id='word_1_60' title='bbox 404 1890 607 1929; x_wconf 81' lang='lat' dir='ltr'>scribere</span> <span class='ocrx_word' id='word_1_61' title='bbox 637 1890 780 1928; x_wconf 90' lang='lat' dir='ltr'>multo</span> <span class='ocrx_word' id='word_1_62' title='bbox 809 1889 866 1928; x_wconf 88' lang='lat' dir='ltr'>sit</span> <span class='ocrx_word' id='word_1_63' title='bbox 902 1894 945 1928; x_wconf 89' lang='lat' dir='ltr'>et</span> <span class='ocrx_word' id='word_1_64' title='bbox 972 1888 1128 1928; x_wconf 86' lang='lat' dir='ltr'>utilius</span> <span class='ocrx_word' id='word_1_65' title='bbox 1163 1893 1206 1927; x_wconf 93' lang='lat' dir='ltr'>et</span> <span class='ocrx_word' id='word_1_66' title='bbox 1235 1887 1497 1938; x_wconf 85' lang='lat' dir='ltr'>acceptius,</span> <span class='ocrx_word' id='word_1_67' title='bbox 1537 1887 1614 1926; x_wconf 81' lang='lat' dir='ltr'>illa</span> <span class='ocrx_word' id='word_1_68' title='bbox 1637 1894 1795 1925; x_wconf 89' lang='lat' dir='ltr'>tamen</span> <span class='ocrx_word' id='word_1_69' title='bbox 1826 1890 1905 1924; x_wconf 93' lang='lat' dir='ltr'>tuo</span> 
     </span>
     <span class='ocr_line' id='line_1_14' title="bbox 270 1955 1909 2012; baseline -0.003 -12"><span class='ocrx_word' id='word_1_70' title='bbox 270 1961 481 2012; x_wconf 84' lang='lat' dir='ltr'>irnperio,</span> <span class='ocrx_word' id='word_1_71' title='bbox 506 1959 798 1999; x_wconf 80' lang='lat' dir='ltr'>observande</span> <span class='ocrx_word' id='word_1_72' title='bbox 820 1959 866 1998; x_wconf 91' lang='lat' dir='ltr'>in</span> <span class='ocrx_word' id='word_1_73' title='bbox 888 1958 1026 1998; x_wconf 88' lang='lat' dir='ltr'>Chro.</span> <span class='ocrx_word' id='word_1_74' title='bbox 1057 1957 1128 1998; x_wconf 83' lang='lat' dir='ltr'>P.¹·</span> <span class='ocrx_word' id='word_1_75' title='bbox 1153 1991 1160 2009; x_wconf 93' lang='lat'>,</span> <span class='ocrx_word' id='word_1_76' title='bbox 1190 1970 1283 1997; x_wconf 87' lang='lat' dir='ltr'>non</span> <span class='ocrx_word' id='word_1_77' title='bbox 1304 1958 1456 1997; x_wconf 87' lang='lat' dir='ltr'>minus</span> <span class='ocrx_word' id='word_1_78' title='bbox 1477 1963 1665 2008; x_wconf 83' lang='lat' dir='ltr'>gratum</span> <span class='ocrx_word' id='word_1_79' title='bbox 1688 1956 1773 1996; x_wconf 86' lang='lat' dir='ltr'>erit</span> <span class='ocrx_word' id='word_1_80' title='bbox 1798 1955 1909 1995; x_wconf 88' lang='lat' dir='ltr'>scri-</span> 
     </span>
     <span class='ocr_line' id='line_1_15' title="bbox 274 2025 1966 2082; baseline -0.004 -11"><span class='ocrx_word' id='word_1_81' title='bbox 274 2032 445 2082; x_wconf 79' lang='lat' dir='ltr'>psisse,</span> <span class='ocrx_word' id='word_1_82' title='bbox 476 2042 615 2082; x_wconf 85' lang='lat' dir='ltr'>quam</span> <span class='ocrx_word' id='word_1_83' title='bbox 640 2041 764 2069; x_wconf 76' lang='lat' dir='ltr'>nova</span> <span class='ocrx_word' id='word_1_84' title='bbox 792 2029 1082 2081; x_wconf 75' lang='lat' dir='ltr'>praestitisse</span> <span class='ocrx_word' id='word_1_85' title='bbox 1110 2028 1383 2078; x_wconf 86' lang='lat' dir='ltr'>iucundum;</span> <span class='ocrx_word' id='word_1_86' title='bbox 1409 2028 1519 2067; x_wconf 75' lang='lat' dir='ltr'>iliud</span> <span class='ocrx_word' id='word_1_87' title='bbox 1547 2028 1692 2075; x_wconf 88' lang='lat' dir='ltr'>enim,</span> <span class='ocrx_word' id='word_1_88' title='bbox 1727 2027 1765 2066; x_wconf 91' lang='lat' dir='ltr'>si</span> <span class='ocrx_word' id='word_1_89' title='bbox 1795 2025 1911 2066; x_wconf 88' lang='lat' dir='ltr'>nihil</span> <span class='ocrx_word' id='word_1_90' title='bbox 1955 2039 1966 2054; x_wconf 70' lang='lat'><em>1</em></span> 
     </span>
     <span class='ocr_line' id='line_1_16' title="bbox 275 2097 1911 2152; baseline -0.003 -11"><span class='ocrx_word' id='word_1_91' title='bbox 275 2102 424 2151; x_wconf 83' lang='lat' dir='ltr'>aliud,</span> <span class='ocrx_word' id='word_1_92' title='bbox 467 2101 688 2152; x_wconf 77' lang='lat' dir='ltr'>ignaviae</span> <span class='ocrx_word' id='word_1_93' title='bbox 728 2101 893 2140; x_wconf 83' lang='lat' dir='ltr'>saltem</span> <span class='ocrx_word' id='word_1_94' title='bbox 932 2105 1120 2140; x_wconf 88' lang='lat' dir='ltr'>nostrae</span> <span class='ocrx_word' id='word_1_95' title='bbox 1159 2099 1292 2139; x_wconf 84' lang='lat' dir='ltr'>nobis</span> <span class='ocrx_word' id='word_1_96' title='bbox 1332 2099 1651 2150; x_wconf 70' lang='lat' dir='ltr'>cognitionem</span> <span class='ocrx_word' id='word_1_97' title='bbox 1691 2103 1760 2137; x_wconf 88' lang='lat' dir='ltr'>est</span> <span class='ocrx_word' id='word_1_98' title='bbox 1803 2097 1911 2136; x_wconf 87' lang='lat' dir='ltr'>alla-</span> 
     </span>
     <span class='ocr_line' id='line_1_17' title="bbox 276 2181 452 2213; baseline -0.017 0"><span class='ocrx_word' id='word_1_99' title='bbox 276 2181 452 2213; x_wconf 88' lang='lat' dir='ltr'>turum.</span> 
     </span>
    </p>

    <p class='ocr_par' dir='ltr' id='par_1_11' title="bbox 278 2238 1921 2788">
     <span class='ocr_line' id='line_1_18' title="bbox 356 2238 1914 2283; baseline -0.003 0"><span class='ocrx_word' id='word_1_100' title='bbox 356 2243 548 2283; x_wconf 87' lang='lat' dir='ltr'>Fratres</span> <span class='ocrx_word' id='word_1_101' title='bbox 568 2242 811 2283; x_wconf 77' lang='lat' dir='ltr'>domestici</span> <span class='ocrx_word' id='word_1_102' title='bbox 832 2247 1039 2282; x_wconf 86' lang='lat' dir='ltr'>veterem</span> <span class='ocrx_word' id='word_1_103' title='bbox 1060 2241 1185 2281; x_wconf 85' lang='lat' dir='ltr'>illam</span> <span class='ocrx_word' id='word_1_104' title='bbox 1207 2241 1253 2280; x_wconf 90' lang='lat' dir='ltr'>in</span> <span class='ocrx_word' id='word_1_105' title='bbox 1275 2239 1488 2279; x_wconf 84' lang='lat' dir='ltr'>adversis</span> <span class='ocrx_word' id='word_1_106' title='bbox 1510 2239 1824 2279; x_wconf 78' lang='lat' dir='ltr'>constantiam</span> <span class='ocrx_word' id='word_1_107' title='bbox 1846 2238 1914 2278; x_wconf 88' lang='lat' dir='ltr'>sic</span> 
     </span>
     <span class='ocr_line' id='line_1_19' title="bbox 278 2309 1914 2363; baseline -0.004 -9"><span class='ocrx_word' id='word_1_108' title='bbox 278 2314 496 2354; x_wconf 79' lang='lat' dir='ltr'>videntur</span> <span class='ocrx_word' id='word_1_109' title='bbox 523 2324 763 2363; x_wconf 77' lang='lat' dir='ltr'>servasse,</span> <span class='ocrx_word' id='word_1_110' title='bbox 795 2318 845 2352; x_wconf 91' lang='lat' dir='ltr'>ut</span> <span class='ocrx_word' id='word_1_111' title='bbox 876 2323 924 2352; x_wconf 89' lang='lat' dir='ltr'>se</span> <span class='ocrx_word' id='word_1_112' title='bbox 952 2312 1136 2352; x_wconf 83' lang='lat' dir='ltr'>interim</span> <span class='ocrx_word' id='word_1_113' title='bbox 1165 2323 1258 2351; x_wconf 92' lang='lat' dir='ltr'>non</span> <span class='ocrx_word' id='word_1_114' title='bbox 1286 2312 1437 2350; x_wconf 84' lang='lat' dir='ltr'>solum</span> <span class='ocrx_word' id='word_1_115' title='bbox 1467 2311 1655 2362; x_wconf 85' lang='lat' dir='ltr'>pietatis</span> <span class='ocrx_word' id='word_1_116' title='bbox 1689 2310 1735 2349; x_wconf 89' lang='lat' dir='ltr'>in</span> <span class='ocrx_word' id='word_1_117' title='bbox 1762 2309 1914 2360; x_wconf 84' lang='lat' dir='ltr'>proxi-</span> 
     </span>
     <span class='ocr_line' id='line_1_20' title="bbox 280 2380 1915 2435; baseline -0.003 -11"><span class='ocrx_word' id='word_1_118' title='bbox 280 2397 405 2424; x_wconf 85' lang='lat' dir='ltr'>mum</span> <span class='ocrx_word' id='word_1_119' title='bbox 444 2385 534 2424; x_wconf 90' lang='lat' dir='ltr'>hoc</span> <span class='ocrx_word' id='word_1_120' title='bbox 574 2384 674 2435; x_wconf 88' lang='lat' dir='ltr'>ipso</span> <span class='ocrx_word' id='word_1_121' title='bbox 708 2383 943 2423; x_wconf 88' lang='lat' dir='ltr'>studiosos</span> <span class='ocrx_word' id='word_1_122' title='bbox 981 2394 1104 2432; x_wconf 90' lang='lat' dir='ltr'>esse,</span> <span class='ocrx_word' id='word_1_123' title='bbox 1142 2393 1306 2421; x_wconf 79' lang='lat' dir='ltr'>verum</span> <span class='ocrx_word' id='word_1_124' title='bbox 1341 2381 1482 2421; x_wconf 86' lang='lat' dir='ltr'>etiam</span> <span class='ocrx_word' id='word_1_125' title='bbox 1520 2381 1622 2421; x_wconf 87' lang='lat' dir='ltr'>aliis</span> <span class='ocrx_word' id='word_1_126' title='bbox 1653 2392 1835 2431; x_wconf 87' lang='lat' dir='ltr'>quoque</span> <span class='ocrx_word' id='word_1_127' title='bbox 1869 2380 1915 2419; x_wconf 90' lang='lat' dir='ltr'>in</span> 
     </span>
     <span class='ocr_line' id='line_1_21' title="bbox 280 2450 1915 2503; baseline -0.003 -8"><span class='ocrx_word' id='word_1_128' title='bbox 280 2455 527 2495; x_wconf 81' lang='lat' dir='ltr'>Societatis</span> <span class='ocrx_word' id='word_1_129' title='bbox 558 2460 743 2494; x_wconf 90' lang='lat' dir='ltr'>coetum</span> <span class='ocrx_word' id='word_1_130' title='bbox 773 2453 1080 2503; x_wconf 75' lang='lat' dir='ltr'>adducendis,</span> <span class='ocrx_word' id='word_1_131' title='bbox 1112 2453 1255 2492; x_wconf 89' lang='lat' dir='ltr'>multo</span> <span class='ocrx_word' id='word_1_132' title='bbox 1291 2452 1498 2503; x_wconf 81' lang='lat' dir='ltr'>apertius</span> <span class='ocrx_word' id='word_1_133' title='bbox 1534 2450 1915 2491; x_wconf 85' lang='lat' dir='ltr'>demonstrarint.</span> 
     </span>
     <span class='ocr_line' id='line_1_22' title="bbox 282 2522 1918 2573; baseline -0.003 -7"><span class='ocrx_word' id='word_1_134' title='bbox 282 2526 485 2566; x_wconf 84' lang='lat' dir='ltr'>Numero</span> <span class='ocrx_word' id='word_1_135' title='bbox 519 2525 641 2565; x_wconf 89' lang='lat' dir='ltr'>enim</span> <span class='ocrx_word' id='word_1_136' title='bbox 667 2524 925 2564; x_wconf 83' lang='lat' dir='ltr'>undenario</span> <span class='ocrx_word' id='word_1_137' title='bbox 960 2524 1052 2563; x_wconf 86' lang='lat' dir='ltr'>iam</span> <span class='ocrx_word' id='word_1_138' title='bbox 1083 2524 1173 2563; x_wconf 88' lang='lat' dir='ltr'>duo</span> <span class='ocrx_word' id='word_1_139' title='bbox 1206 2523 1378 2563; x_wconf 86' lang='lat' dir='ltr'>vellent</span> <span class='ocrx_word' id='word_1_140' title='bbox 1408 2522 1688 2572; x_wconf 88' lang='lat' dir='ltr'>accessisse,</span> <span class='ocrx_word' id='word_1_141' title='bbox 1723 2533 1918 2573; x_wconf 86' lang='lat' dir='ltr'>quorum</span> 
     </span>
     <span class='ocr_line' id='line_1_23' title="bbox 284 2593 1918 2647; baseline -0.003 -11"><span class='ocrx_word' id='word_1_142' title='bbox 284 2598 415 2647; x_wconf 82' lang='lat' dir='ltr'>alter,</span> <span class='ocrx_word' id='word_1_143' title='bbox 439 2596 516 2647; x_wconf 86' lang='lat' dir='ltr'>qui</span> <span class='ocrx_word' id='word_1_144' title='bbox 537 2602 696 2636; x_wconf 87' lang='lat' dir='ltr'>scotus</span> <span class='ocrx_word' id='word_1_145' title='bbox 717 2602 787 2635; x_wconf 89' lang='lat' dir='ltr'>est</span> <span class='ocrx_word' id='word_1_146' title='bbox 808 2607 1001 2646; x_wconf 82' lang='lat' dir='ltr'>genere,</span> <span class='ocrx_word' id='word_1_147' title='bbox 1026 2595 1072 2634; x_wconf 91' lang='lat' dir='ltr'>in</span> <span class='ocrx_word' id='word_1_148' title='bbox 1094 2594 1243 2645; x_wconf 88' lang='lat' dir='ltr'>primo</span> <span class='ocrx_word' id='word_1_149' title='bbox 1276 2595 1353 2633; x_wconf 90' lang='grc'>1110</span> <span class='ocrx_word' id='word_1_150' title='bbox 1384 2593 1529 2633; x_wconf 87' lang='lat' dir='ltr'>veluti</span> <span class='ocrx_word' id='word_1_151' title='bbox 1558 2593 1754 2644; x_wconf 86' lang='lat' dir='ltr'>pistrino</span> <span class='ocrx_word' id='word_1_152' title='bbox 1790 2604 1918 2632; x_wconf 83' lang='lat' dir='ltr'>exer-</span> 
     </span>
     <span class='ocr_line' id='line_1_24' title="bbox 288 2661 1921 2717; baseline -0.003 -10"><span class='ocrx_word' id='word_1_153' title='bbox 288 2674 438 2717; x_wconf 85' lang='lat' dir='ltr'>cetur;</span> <span class='ocrx_word' id='word_1_154' title='bbox 463 2667 500 2706; x_wconf 84' lang='lat' dir='ltr'>is</span> <span class='ocrx_word' id='word_1_155' title='bbox 531 2673 599 2706; x_wconf 89' lang='lat' dir='ltr'>est</span> <span class='ocrx_word' id='word_1_156' title='bbox 630 2672 674 2706; x_wconf 90' lang='lat' dir='ltr'>et</span> <span class='ocrx_word' id='word_1_157' title='bbox 705 2666 917 2706; x_wconf 88' lang='lat' dir='ltr'>doctrina</span> <span class='ocrx_word' id='word_1_158' title='bbox 952 2671 995 2705; x_wconf 91' lang='lat' dir='ltr'>et</span> <span class='ocrx_word' id='word_1_159' title='bbox 1031 2676 1214 2705; x_wconf 89' lang='lat' dir='ltr'>morum</span> <span class='ocrx_word' id='word_1_160' title='bbox 1247 2664 1536 2715; x_wconf 82' lang='lat' dir='ltr'>experientia</span> <span class='ocrx_word' id='word_1_161' title='bbox 1575 2664 1751 2703; x_wconf 89' lang='lat' dir='ltr'>clarus.</span> <span class='ocrx_word' id='word_1_162' title='bbox 1787 2661 1921 2703; x_wconf 84' lang='lat' dir='ltr'>Alter</span> 
     </span>
     <span class='ocr_line' id='line_1_25' title="bbox 284 2733 1920 2788; baseline -0.004 -10"><span class='ocrx_word' id='word_1_163' title='bbox 284 2751 399 2778; x_wconf 83' lang='lat' dir='ltr'>vero</span> <span class='ocrx_word' id='word_1_164' title='bbox 434 2739 527 2778; x_wconf 85' lang='lat' dir='ltr'>iam</span> <span class='ocrx_word' id='word_1_165' title='bbox 552 2737 658 2777; x_wconf 89' lang='lat' dir='ltr'>inde</span> <span class='ocrx_word' id='word_1_166' title='bbox 686 2743 951 2788; x_wconf 79' lang='lat' dir='ltr'>exemptus,</span> <span class='ocrx_word' id='word_1_167' title='bbox 988 2736 1181 2776; x_wconf 89' lang='lat' dir='ltr'>maioris</span> <span class='ocrx_word' id='word_1_168' title='bbox 1214 2741 1283 2775; x_wconf 90' lang='lat' dir='ltr'>est</span> <span class='ocrx_word' id='word_1_169' title='bbox 1309 2735 1442 2775; x_wconf 90' lang='lat' dir='ltr'>nobis</span> <span class='ocrx_word' id='word_1_170' title='bbox 1474 2735 1521 2774; x_wconf 88' lang='lat' dir='ltr'>in</span> <span class='ocrx_word' id='word_1_171' title='bbox 1557 2734 1655 2774; x_wconf 90' lang='lat' dir='ltr'>dies</span> <span class='ocrx_word' id='word_1_172' title='bbox 1685 2733 1810 2785; x_wconf 90' lang='lat' dir='ltr'>spei,</span> <span class='ocrx_word' id='word_1_173' title='bbox 1843 2733 1920 2784; x_wconf 86' lang='lat' dir='ltr'>qui</span> 
     </span>
    </p>
   </div>
   <div class='ocr_carea' id='block_1_8' title="bbox 361 2850 575 2854">
    <p class='ocr_par' dir='ltr' id='par_1_12' title="bbox 361 2850 575 2854">
     <span class='ocr_line' id='line_1_26' title="bbox 361 2850 575 2854; baseline 0 0"><span class='ocrx_word' id='word_1_174' title='bbox 361 2850 575 2854; x_wconf 95' lang='lat' dir='ltr'> </span> 
     </span>
    </p>
   </div>
   <div class='ocr_carea' id='block_1_9' title="bbox 293 2918 1924 3003">
    <p class='ocr_par' dir='ltr' id='par_1_13' title="bbox 293 2918 1924 3003">
     <span class='ocr_line' id='line_1_27' title="bbox 343 2918 1924 2956; baseline -0.001 -8"><span class='ocrx_word' id='word_1_175' title='bbox 343 2922 352 2941; x_wconf 90' lang='lat'>¹</span> <span class='ocrx_word' id='word_1_176' title='bbox 392 2921 639 2956; x_wconf 84' lang='lat' dir='ltr'>Autographae</span> <span class='ocrx_word' id='word_1_177' title='bbox 654 2922 688 2948; x_wconf 92' lang='lat' dir='ltr'>in</span> <span class='ocrx_word' id='word_1_178' title='bbox 702 2921 782 2949; x_wconf 85' lang='lat' dir='ltr'>solio</span> <span class='ocrx_word' id='word_1_179' title='bbox 798 2922 932 2956; x_wconf 86' lang='lat' dir='ltr'>duplici,</span> <span class='ocrx_word' id='word_1_180' title='bbox 948 2929 979 2949; x_wconf 93' lang='lat' dir='ltr'>n.</span> <span class='ocrx_word' id='word_1_181' title='bbox 995 2921 1254 2954; x_wconf 58' lang='lat' dir='ltr'>cta—Quaedam</span> <span class='ocrx_word' id='word_1_182' title='bbox 1268 2921 1356 2948; x_wconf 84' lang='lat' dir='ltr'>iniis</span> <span class='ocrx_word' id='word_1_183' title='bbox 1372 2920 1601 2955; x_wconf 84' lang='lat' dir='ltr'>explicatiora</span> <span class='ocrx_word' id='word_1_184' title='bbox 1615 2923 1692 2947; x_wconf 86' lang='lat' dir='ltr'>sunt</span> <span class='ocrx_word' id='word_1_185' title='bbox 1704 2927 1804 2954; x_wconf 86' lang='lat' dir='ltr'>quam</span> <span class='ocrx_word' id='word_1_186' title='bbox 1819 2918 1924 2946; x_wconf 79' lang='lat' dir='ltr'>inita-</span> 
     </span>
     <span class='ocr_line' id='line_1_28' title="bbox 293 2967 1528 3003; baseline -0.001 -8"><span class='ocrx_word' id='word_1_187' title='bbox 293 2968 486 2995; x_wconf 78' lang='lat' dir='ltr'>iicis.-Eas</span> <span class='ocrx_word' id='word_1_188' title='bbox 501 2969 695 2996; x_wconf 82' lang='lat' dir='ltr'>emendavit</span> <span class='ocrx_word' id='word_1_189' title='bbox 711 2972 744 2996; x_wconf 83' lang='lat' dir='ltr'>et</span> <span class='ocrx_word' id='word_1_190' title='bbox 760 2969 954 2996; x_wconf 85' lang='lat' dir='ltr'>decurtavit</span> <span class='ocrx_word' id='word_1_191' title='bbox 973 2969 1146 3003; x_wconf 78' lang='lat' dir='ltr'>Polancus,</span> <span class='ocrx_word' id='word_1_192' title='bbox 1162 2973 1198 2996; x_wconf 89' lang='lat' dir='ltr'>ut</span> <span class='ocrx_word' id='word_1_193' title='bbox 1214 2969 1302 2996; x_wconf 85' lang='lat' dir='ltr'>infra</span> <span class='ocrx_word' id='word_1_194' title='bbox 1319 2969 1385 2995; x_wconf 82' lang='lat' dir='ltr'>erit</span> <span class='ocrx_word' id='word_1_195' title='bbox 1401 2967 1528 2995; x_wconf 86' lang='lat' dir='ltr'>videre.</span> 
     </span>
    </p>
   </div>
  </div>
 </body>
</html>
