2080 3392
847 225 927 259 AN.
960 223 1052 259 1554
1692 221 1764 258 545

772 675 1132 730 GOLXXIH

202 906 467 943 Franciscus
489 905 635 953 Scipio

247 971 369 1009 Patri
389 971 559 1019 Ignatio
579 971 633 1008 de
652 971 837 1019 Loyola.

297 1036 522 1084 Ferraria,
547 1036 591 1074 18
608 1036 808 1084 Januarii
829 1036 922 1074 1554
941 1036 966 1071 ¹.

901 1245 999 1317 με..

207 1460 373 1501 Gratia
386 1466 430 1500 et
442 1472 538 1512 pax
551 1459 607 1500 D.
624 1460 679 1501 N.
696 1461 804 1513 Jhu.
825 1459 1002 1501 Christi
1019 1459 1128 1499 insit
1146 1459 1315 1499 animis
1333 1459 1508 1499 nostris
1527 1465 1770 1511 perpetua.

128 1531 297 1572 Amen.

208 1603 378 1644 Paucis
399 1603 572 1644 faciam
593 1608 638 1643 te
667 1603 938 1654 certiorem,
963 1601 1012 1642 Ρ.
1037 1602 1234 1654 optime,
1259 1602 1315 1642 de
1336 1602 1408 1641 his
1430 1613 1550 1653 quae
1572 1608 1772 1653 quatuor

127 1676 366 1716 mensibus
386 1675 614 1727 proximis
634 1680 769 1726 gesta
790 1680 912 1714 sunt.
936 1673 1057 1714 Nam
1077 1684 1182 1713 cum
1199 1673 1246 1713 in
1265 1673 1422 1713 album
1443 1674 1592 1713 relata
1614 1680 1772 1713 essent

127 1753 254 1787 recte
275 1747 401 1787 facta
422 1753 611 1799 patrum
633 1752 677 1786 et
698 1745 914 1797 fratrum,
939 1757 1103 1786 eorum
1125 1745 1561 1795 commentariolUS,
1585 1745 1662 1796 qui
1693 1745 1772 1785 hu-

123 1817 198 1870 jus
219 1819 287 1858 rei
303 1818 558 1858 memoriae
573 1817 847 1858 retinendae
865 1828 1009 1857 causa
1026 1815 1268 1857 confectus
1285 1823 1401 1867 erat,
1419 1828 1524 1856 mea
1541 1816 1679 1867 periit
1697 1828 1773 1856 ne-

126 1890 371 1941 gligentia.
396 1888 631 1941 Quocirca
652 1889 700 1929 in
721 1888 926 1929 medium
947 1887 1200 1940 proferam,
1225 1900 1346 1940 quae
1368 1888 1482 1928 mihi
1513 1887 1661 1927 divini
1692 1899 1771 1927 nu-

127 1962 266 2003 minis
288 1948 374 2013 ope
396 1967 661 2001 occurrent.
684 1959 892 2000 Primum
913 1960 969 2000 de
990 1959 1183 2000 Patrum
1205 1966 1249 2000 et
1270 1959 1491 2000 Fratrum
1512 1959 1769 1999 domestica

128 2033 481 2084 consuetudine,
507 2032 673 2073 deinde
696 2032 752 2072 de
776 2031 1050 2072 eorumdem
1081 2031 1244 2072 officiis
1275 2032 1322 2071 in
1352 2031 1589 2071 communi
1621 2031 1770 2071 salute

128 2105 315 2156 tuenda,
339 2111 439 2145 tum
459 2116 574 2145 vero
596 2104 652 2144 de
669 2103 930 2156 juventutis
952 2103 1259 2144 institutione.

208 2175 445 2228 Principio
480 2175 645 2216 Patres
679 2175 754 2226 pie
783 2186 839 2215 ac
866 2174 1105 2215 ferventer
1134 2185 1184 2213 se
1213 2179 1463 2224 gesserunt
1500 2185 1554 2213 ac
1583 2180 1768 2224 gerunt,

128 2255 225 2289 tum
246 2248 294 2288 in
315 2247 623 2297 orationibUS,
648 2253 744 2287 tum
777 2246 825 2286 in
855 2245 1018 2286 officiis
1049 2245 1342 2296 domesticis,
1374 2245 1775 2296 exhortanturque

129 2320 300 2360 fratres
336 2318 395 2359 ad
430 2319 739 2358 excellentem
770 2317 994 2357 virtutem
1024 2329 1118 2357 non
1145 2323 1328 2357 tantum
1362 2315 1772 2368 praeceptionibus

130 2391 212 2432 sed
238 2390 353 2442 ipsis
381 2389 644 2430 actionibus
671 2389 887 2440 exemplo
919 2388 1243 2429 demonstrant
1273 2389 1436 2440 quales
1464 2386 1573 2438 Xpi.
1607 2398 1773 2427 servos

130 2473 233 2503 esse
256 2466 486 2514 oporteat.
508 2460 693 2500 Docent
714 2471 794 2500 eos
814 2471 982 2512 parere
1004 2459 1193 2500 divinae
1223 2459 1317 2510 legi
1346 2465 1390 2499 et
1421 2470 1523 2498 sese
1556 2464 1680 2498 totos
1714 2458 1773 2498 ad

129 2534 223 2585 xpi.
247 2532 438 2574 Domini
459 2532 752 2571 voluntatem
772 2530 994 2582 effingere
1015 2537 1060 2571 et
1082 2531 1130 2571 in
1159 2529 1427 2581 hujusmodi
1457 2529 1646 2569 virtutis
1679 2535 1773 2569 stu—

128 2604 204 2645 dio
223 2604 519 2656 potissimum
538 2602 738 2643 versari.
760 2601 832 2642 Ac
853 2608 903 2642 ut
924 2601 1221 2653 tranquillius
1241 2612 1344 2641 sese
1366 2600 1532 2641 darent
1551 2600 1770 2640 orationi—

129 2676 231 2727 bus,
253 2680 440 2728 praeter
461 2674 686 2725 templum
712 2673 1020 2714 constitutum
1046 2680 1117 2713 est
1143 2673 1427 2723 sacrarium,
1451 2683 1542 2724 quo
1572 2683 1656 2723 pro
1689 2682 1773 2711 suo

129 2748 326 2800 quisque
346 2745 499 2787 studio
521 2752 566 2786 et
587 2746 833 2785 voluntate
855 2744 1109 2795 secederet,
1135 2750 1179 2784 et
1199 2744 1247 2784 in
1268 2743 1433 2784 eodem
1453 2744 1557 2783 loco
1577 2753 1771 2794 congre-

131 2819 232 2870 gati
253 2817 553 2870 quotidianas
573 2815 774 2857 fundunt
794 2827 975 2867 preces.
1000 2814 1201 2867 Quidam
1231 2826 1290 2855 ex
1318 2814 1532 2866 patribus
1555 2814 1672 2854 adeo
1696 2813 1777 2854 du-

136 2890 260 2930 citur
279 2888 370 2929 Dei
391 2888 544 2940 gloria
565 2894 610 2928 et
631 2886 892 2928 communis
914 2886 1078 2927 salutis
1099 2886 1253 2927 studio
1274 2891 1339 2937 ut,
1362 2897 1475 2926 suae
1491 2884 1777 2926 valetudinis

191 3050 201 3070 ¹
245 3049 496 3084 Apographum
511 3048 545 3076 in
560 3048 641 3075 folio
657 3047 794 3082 duplici,
811 3054 864 3074 nn.
880 3045 915 3073 89
928 3049 961 3073 et
977 3044 1022 3073 90.

280 3107 330 3144 T.
362 3120 404 3144 11.
1547 3115 1587 3153 35
