2080 3392
870 219 953 256 AN.
986 217 1077 256 1552
1748 221 1788 257 11

149 323 197 363 in
218 321 592 374 praesentiarum
614 331 756 372 quam
775 318 1044 359 felicissime
1060 315 1335 368 procedunt.
1355 315 1588 357 Numerus
1605 318 1791 368 quidem

149 393 400 446 gymnasia
434 397 596 432 nostra
630 389 1049 442 frequentantium,
1081 399 1222 439 quam
1250 387 1383 427 initio
1412 378 1519 437 fuit,
1554 388 1792 439 aliquanto

151 465 302 506 rarior
336 475 485 513 nunc;
512 474 680 503 verum
707 461 845 513 hujus
878 461 946 501 rei
974 460 1206 500 rationem
1232 458 1307 498 hic
1336 451 1663 499 adscribi'non
1692 461 1793 500 atti-

151 543 250 587 net,
282 547 387 576 cum
415 535 528 575 nulli
566 534 756 574 dubium
793 532 851 573 sit
885 537 1087 580 aestum,
1124 530 1267 570 totius
1297 528 1432 581 hujus
1462 530 1596 580 regni
1630 532 1791 570 tumul-

151 616 250 648 tum
280 607 306 658 ¹,
334 607 518 658 regium
547 606 746 657 denique
780 603 836 643 de
868 602 1133 655 peregrinis
1167 601 1371 641 edictum
1400 600 1429 651 ⁴³,
1466 600 1602 640 facile
1634 602 1795 653 copias

84 672 90 676 “
150 685 338 720 nostras
372 678 419 718 in
454 678 632 718 arctius
660 675 940 717 contrahere
970 672 1198 726 potuisse;
1230 684 1416 721 verum,
1450 672 1574 724 quod
1600 684 1796 713 numero

149 750 365 798 decessit,
400 748 634 801 profectui
661 746 920 787 accessisse
950 743 1199 784 manifesto
1235 743 1471 790 Videmus,
1510 743 1793 795 quandoqui-

151 823 256 863 dem
276 834 370 862 non
388 821 484 873 jam
505 821 553 860 in
574 819 785 870 singulos
806 827 991 857 menses
1022 815 1324 864 confitentur,
1355 815 1438 854 scd
1466 815 1796 866 quamplurimi

152 894 295 934 etiam
325 893 372 933 in
398 889 716 932 hebdomadas
737 894 781 928 et
805 887 1087 929 celebriores
1109 886 1429 926 solemnitates
1458 892 1710 937 utcumque
1739 886 1797 926 ad

154 964 474 1005 confessiones
502 968 546 1002 et
573 965 908 1001 sacrosanctae
934 958 1262 999 Eucharistiae
1291 963 1640 997 sacramentum
1667 969 1798 998 acce-

154 1037 283 1077 dunt.
307 1035 544 1086 Quantum
565 1044 679 1072 Vero
701 1032 791 1071 hac
811 1031 890 1071 via
910 1035 1244 1082 promoveant,
1270 1028 1440 1069 indicio
1466 1035 1572 1068 sunt
1589 1029 1667 1080 qui
1688 1041 1800 1080 pau—

154 1109 221 1148 cis
242 1107 411 1148 abhinc
432 1105 595 1145 diebus
616 1103 802 1144 Christo
824 1108 869 1142 et
890 1101 1106 1153 religioni
1127 1113 1230 1141 sese
1258 1101 1574 1151 devoverunt,
1599 1107 1643 1140 et
1665 1101 1800 1151 pleri-

153 1191 241 1232 que
263 1178 341 1218 alii
361 1177 440 1229 qui
466 1176 538 1216 vel
565 1177 612 1216 in
648 1180 812 1215 nostra
839 1173 1075 1214 Societate
1103 1172 1226 1213 idem
1256 1172 1473 1212 factitare
1505 1183 1803 1222 summopere

153 1250 422 1291 desiderant
450 1247 479 1286 ⁵.
508 1248 581 1288 Ex
613 1246 782 1287 litteris
815 1251 972 1285 autem
1007 1256 1145 1297 quem
1173 1243 1379 1284 fructum
1415 1243 1658 1283 retulerint
1685 1250 1729 1283 et
1756 1244 1801 1283 in

153 1322 252 1362 dies
274 1321 503 1370 referant,
527 1318 901 1370 experimentum
921 1316 1035 1356 dant
1055 1316 1148 1367 qui,
1177 1315 1345 1355 leviter
1374 1314 1512 1355 modo
1539 1315 1801 1354 litterarum

154 1393 260 1433 fuco
283 1392 404 1440 illiti,
428 1396 594 1431 nostra
623 1390 976 1441 frequentantes
1006 1398 1130 1427 nunc
1161 1385 1433 1427 earumdem
1462 1383 1801 1437 professionem

155 1464 349 1504 faciunt.
373 1462 508 1503 Multi
535 1461 674 1502 etiam
706 1460 784 1500 alii
813 1460 891 1511 qui
919 1458 1113 1499 vixdum
1144 1457 1445 1498 balbutiendo
1476 1458 1671 1497 latinum
1701 1469 1803 1497 ver-

155 1536 265 1576 bum
289 1535 543 1583 sonabant,
570 1545 694 1573 nunc
722 1530 1087 1572 declamatoriae
1117 1529 1344 1570 functioni
1372 1529 1488 1569 satis
1516 1528 1672 1569 idonei
1700 1541 1803 1569 cen-

158 1613 334 1647 sentur.
1259 1589 1262 1590 ⁷

239 1677 330 1719 Sed
352 1678 573 1730 quoniam
593 1676 857 1716 litterarum
884 1680 1106 1726 tyronum
1133 1679 1404 1713 nostrorum
1431 1671 1738 1712 confessionis
1760 1677 1806 1711 et

159 1749 502 1790 communionis
529 1759 696 1788 sacrae
723 1757 865 1797 supra
895 1745 1180 1785 mentionem
1209 1743 1430 1794 facimus,
1462 1743 1586 1783 lubet
1615 1743 1689 1782 hic
1727 1743 1804 1782 ali-

159 1821 269 1872 quid
291 1821 347 1861 de
369 1826 639 1860 exterorum
659 1817 886 1868 religione
907 1827 1111 1857 monere.
1137 1815 1254 1856 Cum
1270 1815 1413 1866 igitur
1430 1814 1626 1865 singulis
1644 1814 1808 1854 diebus

157 1892 340 1932 festivis
363 1891 581 1943 copiosus
603 1889 718 1930 satis
748 1888 826 1940 qui
854 1899 994 1928 sacra
1015 1887 1133 1927 haec
1160 1893 1324 1938 petunt
1353 1886 1411 1926 sit
1437 1897 1683 1935 numerus,
1708 1891 1806 1925 tum

160 1975 273 2004 sane
295 1961 647 2014 copiosissimus
668 1960 753 2000 fuit
774 1960 821 2000 in
838 1959 1042 2011 jubilaeo
1058 1958 1328 2010 nuperrime
1349 1957 1424 1997 hic
1447 1957 1696 2002 celebrato,
1719 1968 1807 1996 nec

161 2035 304 2074 multo
327 2033 478 2074 minor
499 2033 546 2072 in
568 2032 672 2072 aliis
695 2030 1032 2072 celebrioribus
1053 2029 1185 2070 festis
1206 2041 1308 2069 esse
1330 2030 1460 2069 solet.
1485 2027 1649 2068 Patres
1666 2028 1806 2067 etiam

161 2104 473 2156 quorumdam
499 2103 771 2154 generalem
799 2101 1143 2142 confessionem
1171 2100 1465 2140 audiverunt.
1491 2098 1562 2139 P.1·
1583 2099 1692 2139 item
1713 2098 1808 2138 An-

162 2176 300 2216 dreas
320 2174 336 2194 ⁴
356 2176 605 2226 plerosque
633 2173 843 2213 infirmos
871 2184 977 2212 cum
1009 2171 1154 2212 multo
1181 2171 1368 2211 illorum
1394 2170 1550 2210 fructu
1578 2176 1623 2209 et
1649 2169 1808 2209 visita-

163 2247 230 2286 vit
263 2252 307 2287 et
343 2257 506 2286 eorum
536 2243 881 2285 confessionem
911 2242 1103 2283 audivit.
1135 2241 1276 2282 Domi
1309 2249 1353 2281 et
1381 2241 1495 2281 foris
1530 2241 1577 2280 in
1608 2240 1810 2280 diversis

162 2318 279 2358 locis
300 2329 394 2357 non
415 2317 515 2357 sine
535 2326 710 2367 magno
734 2314 1022 2355 audientium
1043 2313 1200 2354 fructu
1223 2313 1455 2364 spirituali
1477 2312 1808 2352 concionatum

219 2479 229 2497 ¹
269 2477 404 2504 Turbae
420 2477 557 2510 aliquae
573 2475 745 2503 excitatae
761 2476 824 2503 hoc
839 2483 927 2503 anno
948 2474 1090 2509 Neapoli
1111 2474 1205 2501 fuere
1230 2474 1407 2501 occasione
1428 2473 1627 2500 secessionis
1643 2472 1811 2507 Principis

163 2524 385 2557 Salernitani,
402 2524 458 2558 qui
476 2525 518 2550 ab
540 2522 753 2557 Imperatore
767 2523 811 2550 ad
829 2522 962 2550 Galliae
978 2522 1107 2556 Regem
1122 2522 1319 2555 transfugit,
1336 2525 1370 2548 et
1386 2520 1562 2548 occisionis
1579 2521 1717 2547 Antonii
1733 2520 1808 2547 Gri-

163 2572 264 2604 sonis.
284 2571 339 2606 qui
361 2570 452 2598 illius
473 2570 639 2605 Principis
653 2574 771 2605 partes
793 2571 931 2605 agebat.
954 2570 1041 2598 Vide
1066 2569 1205 2603 M1ccxo,
1235 2569 1313 2596 Vita
1329 2570 1367 2595 di
1381 2568 1457 2595 Don
1474 2568 1592 2595 Pz'etro
1612 2568 1654 2595 de
1677 2568 1813 2599 Toledo,

164 2627 238 2654 capr
253 2619 288 2646 210
303 2623 336 2646 et
351 2620 396 2646 41.

217 2668 231 2686 2
268 2666 339 2693 Mos
355 2666 422 2694 illis
443 2666 654 2700 temporibus
677 2667 837 2700 frequens
858 2669 934 2693 erat
956 2670 1002 2699 ut,
1028 2673 1104 2693 cum
1124 2666 1249 2693 bellum
1271 2665 1364 2692 natio
1388 2665 1502 2698 aliqua
1524 2664 1691 2691 adversus
1706 2663 1809 2690 aliam

163 2714 336 2742 nationem
352 2714 536 2748 indicebat,
553 2715 692 2741 exulare
710 2714 848 2748 juberet
871 2721 998 2748 omnes,
1020 2714 1076 2748 qui
1098 2714 1188 2748 apud
1210 2721 1244 2740 se
1266 2713 1447 2746 degebant,
1471 2712 1640 2739 adversae
1664 2710 1811 2738 nationis

164 2762 354 2796 indigenas.
370 2761 415 2789 Et
431 2761 458 2788 si
474 2761 667 2788 immineret
681 2761 821 2788 urbibus
836 2761 977 2794 obsidiO,
994 2762 1160 2788 excedere
1185 2761 1251 2788 illis
1267 2762 1479 2794 cogebantur
1501 2758 1675 2794 peregrini
1697 2765 1812 2785 omnes

165 2812 199 2835 et
221 2809 377 2836 advenae
402 2808 524 2843 quique
546 2808 589 2835 ad
610 2809 747 2836 illarum
771 2809 1000 2836 defensionem
1020 2810 1249 2836 censebantur
1274 2808 1420 2835 inutiles.
1444 2807 1559 2834 Simile
1576 2807 1654 2841 quid
1668 2804 1810 2839 Neapoli

165 2855 227 2883 hoc
243 2864 330 2883 anno
347 2857 544 2891 contigisse,
559 2857 655 2891 quus
675 2860 790 2883 tamen
811 2864 877 2883 non
898 2856 1080 2883 meminere
1102 2855 1383 2890 historiographi,
1407 2863 1448 2882 ex
1471 2855 1522 2882 his
1548 2853 1681 2881 Peltani
1696 2853 1813 2879 verbis

165 2903 251 2930 satis
262 2904 379 2938 liquet.

219 2951 233 2970 5
270 2951 357 2979 Vide
374 2951 541 2986 SCfflNOSI,
558 2951 691 2978 Istoria
706 2952 800 2979 della
818 2952 1034 2987 Compagnia
1050 2953 1088 2979 di
1104 2952 1211 2979 Gteszz
1227 2952 1488 2986 appartenente
1503 2950 1538 2976 al
1553 2949 1674 2982 Regno
1689 2948 1727 2974 ziz*
1741 2946 1811 2973 Na*

163 2998 258 3032 poli,
272 3002 371 3032 parte
387 3007 413 3032 1,
430 3000 451 3027 1,
469 3000 587 3033 l,cap.
602 2999 628 3026 8.

219 3044 235 3064 4
273 3045 308 3073 P.
324 3046 481 3073 Andreas
497 3046 537 3073 de
554 3045 693 3081 Oviedo,
712 3046 855 3081 Collegii
871 3046 1088 3081 Neapolitani
1104 3047 1241 3074 Rector.
