2080 3392
317 175 386 211 434
824 173 1048 209 LITTERAE
1076 184 1432 215 QUADRiMEsTREs

317 270 439 322 quod
462 269 683 309 Societati
704 269 925 309 tributum
947 275 1030 319 est,
1051 268 1228 320 eodem,
1249 269 1453 320 inquam,
1474 269 1546 309 die
1562 270 1822 321 Episcopus
1841 271 1951 311 Avi-

318 343 388 380 lae
413 339 438 390 ¹,
463 351 566 379 cum
588 339 880 390 intelligeret,
905 339 954 380 P.
978 339 1237 391 Baptistam
1258 340 1321 379 ibi
1343 340 1752 391 concionaturum,
1771 341 1879 381 illuc
1903 353 1953 381 se

317 411 512 450 contulit
533 411 661 450 illum
681 410 938 461 auditurus,
963 411 1060 461 qui,
1084 416 1133 450 ut
1163 410 1445 450 solemnitati
1474 411 1872 461 patrocinaretur,
1907 418 1953 452 et

316 482 470 521 dicere
499 480 842 520 confessionem
871 492 925 520 ac
955 481 1170 521 omnibus
1200 480 1546 521 discedentibus
1572 482 1846 521 benedicere
1874 494 1952 522 vo-

316 553 413 592 luit.
438 552 523 591 His
544 552 607 591 ita
627 552 797 602 gestis,
834 551 1017 591 difficile
1048 552 1173 591 dictu
1202 557 1271 592 est
1299 557 1473 602 quanto
1504 564 1660 592 amore
1687 558 1953 604 quantaque

316 623 547 663 charitate
577 623 624 662 in
656 623 819 662 eadem
848 622 962 662 urbe
997 621 1279 663 Societatem
1306 628 1672 674 prosequantur;
1704 623 1953 674 praecipue

316 700 474 734 tamen
494 693 543 733 P.
568 694 844 744 Baptistam‚
871 704 1022 744 quem,
1047 699 1095 732 ut
1116 693 1180 732 ita
1202 693 1369 743 dicam,
1401 694 1545 733 veluti
1572 694 1849 745 prophetam
1876 694 1954 733 ha-

321 765 443 804 bent.
466 764 562 804 Nec
584 765 733 804 solum
754 764 800 804 id
821 764 1012 804 honoris
1030 765 1296 803 saeculares
1314 775 1368 803 ac
1385 764 1553 815 plebeii
1568 764 1778 804 homines
1795 765 1860 804 illi
1879 765 1952 804 tri-

315 836 476 886 buunt,
502 836 583 875 sed
605 836 747 875 etiam
768 835 973 885 religiosi
994 835 1096 885 ipsi.
1124 834 1323 885 Quidam
1345 835 1468 875 enim
1491 835 1752 886 religiosus,
1772 836 1952 886 peritis-

317 907 460 946 simus
483 907 809 957 concionator,
835 906 943 946 dum
965 906 1024 945 ad
1044 907 1264 957 populum
1284 906 1476 945 haberet
1504 906 1776 946 concionem
1797 907 1953 957 gravi·

315 978 492 1028 busque
514 977 670 1017 verbis
694 977 740 1017 in
766 977 1050 1017 audientium
1071 988 1229 1016 mores
1251 976 1564 1028 inveheretur,
1583 977 1728 1017 veluti
1745 989 1771 1016 a
1790 977 1955 1017 maiori

317 1049 375 1088 ad
396 1049 548 1088 minus
570 1060 703 1088 suum
726 1048 900 1088 ducens
923 1054 1266 1099 argumentum,
1290 1048 1534 1087 insinuans
1562 1059 1611 1087 se
1632 1059 1731 1088 rem
1759 1048 1953 1088 arduam

315 1125 519 1159 tractare
553 1120 773 1171 ipsosque
804 1120 918 1159 dura
950 1119 1134 1159 cervice
1163 1130 1286 1167 esse,
1319 1119 1365 1158 in
1393 1118 1510 1158 haec
1542 1119 1755 1170 prorupit
1789 1119 1951 1159 verba:

318 1190 389 1231 “si
409 1191 482 1230 vir
503 1191 577 1230 ille
600 1196 794 1230 sanctus
817 1190 1120 1240 (intelligebat
1143 1195 1299 1229 autem
1315 1189 1364 1229 P.
1388 1189 1666 1240 Baptistam)
1686 1190 1827 1230 duros
1845 1190 1955 1230 Avi·

315 1263 386 1301 lae
421 1262 574 1301 silices
610 1262 817 1301 emollire
851 1273 943 1300 non
976 1261 1145 1312 potuit,
1184 1266 1233 1300 ut
1269 1260 1378 1312 quid
1415 1272 1500 1300 nos
1534 1260 1711 1301 frustra
1751 1261 1841 1300 huc
1877 1273 1952 1301 ve-

314 1333 495 1372 nimus?
513 1365 529 1380 „

395 1404 445 1443 In
471 1403 567 1443 dies
594 1403 669 1443 hic
695 1402 708 1420 ‘²
739 1403 890 1453 magis
918 1414 972 1442 ac
1000 1403 1153 1453 magis
1180 1414 1347 1442 eorum
1375 1414 1596 1442 numerus
1623 1409 1843 1453 augetur,
1875 1404 1954 1454 qui

314 1475 611 1526 frequentare
634 1479 979 1513 consueverunt
1000 1474 1270 1523 conciones,
1295 1485 1414 1524 quae
1435 1473 1596 1513 diebus
1622 1473 1774 1524 festis,
1794 1485 1950 1525 pome-

313 1546 508 1586 ridianis
529 1544 831 1596 temporibus,
856 1545 1017 1584 haberi
1038 1545 1187 1584 solent
1210 1544 1348 1584 domi.
1380 1543 1631 1584 Foeminae
1653 1551 1831 1596 autem,
1858 1545 1953 1596 qui-

313 1618 399 1657 bus
420 1616 711 1657 interdicitur
729 1616 969 1665 ingressus
993 1615 1157 1655 domus
1182 1621 1389 1662 nostrae,
1419 1614 1634 1655 admotae
1651 1615 1784 1665 ostio,
1803 1616 1952 1655 nitun-

314 1695 402 1738 tur,
428 1688 581 1739 quoad
602 1692 816 1738 possunt,
850 1687 924 1726 vel
946 1687 1099 1737 aliqua
1131 1686 1290 1726 audire
1317 1686 1484 1736 verba,
1515 1692 1852 1737 conquerentes
1887 1692 1951 1726 ta-

313 1771 420 1799 men
441 1759 564 1810 quod
584 1770 678 1798 non
700 1758 965 1797 inveniatur
987 1757 1174 1808 aliquod
1195 1757 1439 1808 templum,
1464 1756 1541 1796 ubi
1563 1757 1774 1797 omnibus
1794 1764 1952 1808 pateat

312 1831 480 1870 aditus.
508 1829 734 1869 Omnibus
755 1828 952 1879 denique
972 1828 1204 1867 exercitiis
1234 1828 1552 1878 spiritualibus
1579 1833 1761 1867 tantum
1792 1840 1948 1868 acces-

313 1900 677 1947 sitincrementi,
698 1906 746 1939 ut
767 1911 926 1939 omnes
944 1899 1147 1938 maxima
1166 1898 1476 1938 admiratione
1492 1904 1754 1938 teneantur.
1775 1898 1953 1950 Quippe

315 1972 392 2023 qui
423 1971 743 2021 Methymnae,
776 1982 865 2021 quo
894 1982 1053 2009 omnes
1083 1980 1200 2020 pene
1231 1980 1412 2009 merces
1441 1969 1681 2009 confluunt
1707 1969 1952 2020 Hispania·

315 2054 418 2082 rum
432 2054 485 2081 ac
505 2054 558 2081 eo
573 2048 870 2091 acervantur,
891 2041 1055 2091 quibus
1072 2039 1328 2080 vendendis
1347 2044 1392 2079 et
1409 2040 1617 2079 emendis
1633 2040 1777 2080 ferme
1794 2052 1955 2080 omnes

315 2113 602 2153 habitatores
624 2118 668 2151 et
689 2111 832 2151 vicini
856 2111 991 2150 huius
1014 2110 1171 2161 oppidi
1198 2110 1346 2150 Vitam
1375 2117 1615 2161 exercent,
1645 2111 1825 2162 hacque
1856 2112 1953 2150 sola

315 2184 496 2224 ratione
517 2182 707 2223 vivendi
739 2182 991 2232 ducuntur,
1025 2181 1214 2221 videant
1242 2187 1558 2221 mercatorum
1586 2181 1953 2233 quamplurimos

315 2260 446 2295 tanto
470 2254 621 2293 studio
643 2259 867 2304 tantaque
890 2264 1002 2292 cura
1026 2252 1287 2292 animarum
1305 2253 1444 2292 saluti
1460 2253 1718 2292 consulere.
1742 2252 1951 2303 Quorum

316 2326 394 2366 alii
426 2324 813 2376 quinquagesimo
844 2335 1026 2375 quoque
1053 2323 1146 2370 die,
1177 2323 1255 2363 alii
1285 2323 1666 2374 quadragesimo,
1699 2323 1776 2362 alii
1811 2324 1950 2363 etiam

317 2396 513 2446 singulis
535 2395 696 2435 diebus
719 2394 981 2444 dominicis,
1006 2404 1187 2433 summa
1215 2393 1466 2433 devotione
1495 2393 1771 2433 confitentur
1799 2405 1853 2433 ac
1874 2393 1951 2434 Sa-

317 2467 633 2507 cratissimum
656 2465 831 2505 Christi
851 2465 954 2504 Iesu
977 2476 1146 2515 corpus
1170 2464 1415 2515 recipiunt.

396 2536 493 2577 Nec
516 2536 700 2576 silentio
722 2535 1058 2575 involvendum
1081 2535 1230 2574 sentio
1252 2535 1376 2586 quod
1399 2535 1587 2586 quidam
1614 2535 1794 2575 curiose
1816 2535 1951 2586 inspi-

317 2609 493 2648 cientes
515 2607 857 2646 intellexerunt.
880 2605 1072 2657 Nempe,
1096 2605 1185 2645 hac
1213 2605 1260 2645 in
1281 2617 1331 2644 re
1354 2605 1717 2646 obtrectationes
1743 2611 1787 2645 et
1816 2606 1951 2645 latra-

318 2685 392 2718 tus
414 2677 723 2729 quorumdam
752 2675 1011 2716 aedificium
1038 2677 1142 2726 hoe,
1174 2676 1298 2727 quod
1319 2675 1449 2715 Deus
1478 2676 1564 2715 sibi
1585 2676 1741 2727 erigit,
1766 2676 1952 2715 subver-

319 2755 416 2788 tere
438 2747 709 2795 volentium,
733 2747 849 2786 nihil
868 2746 993 2786 aliud
1014 2745 1195 2786 efficere
1217 2758 1360 2798 quam
1384 2747 1532 2786 solent
1557 2747 1766 2797 guttulae
1787 2757 1951 2797 aquae,

320 2819 480 2869 ignitis
502 2817 783 2857 carbonibus
805 2817 1054 2868 admixtae,
1079 2829 1196 2869 quae
1217 2829 1310 2856 non
1335 2818 1484 2857 solum
1504 2817 1660 2867 ignem
1688 2829 1781 2857 non
1810 2816 1953 2857 extin-

380 2932 387 2950 ¹
429 2931 578 2958 Didacus
592 2931 707 2958 Alava
723 2935 758 2958 et
773 2930 946 2965 Esquivel.

373 2977 386 2996 ⁴2
424 2977 642 3013 Methymnae
658 2977 786 3012 Campi.
