2080 3392
325 188 392 225 112
828 191 1052 228 LITTERAE
1079 203 1438 235 QUADRIMESTRES

324 285 506 325 animae
527 287 723 326 salutem
743 288 1087 338 procurandam
1109 289 1286 339 attinet,
1308 290 1353 330 id
1371 290 1530 330 sedulo
1549 293 1657 343 egit,
1677 300 1726 333 ut
1743 295 1950 334 moestis-

323 355 466 395 simos
501 358 840 406 consolaretur,
878 363 922 396 et
957 359 1266 399 conscientias
1289 360 1616 402 afflictissimas
1650 371 1951 414 peccatorum

323 427 520 466 sarcinis
542 427 639 466 dire
660 434 886 478 gravatas
909 430 1154 478 relevaret,
1183 432 1446 472 constitutis
1468 434 1608 473 etiam
1630 435 1906 485 quibusdam
1928 448 1951 475 e

322 496 558 548 fratribus,
582 499 660 549 qui
682 499 875 538 subinde
897 500 1092 539 miseros
1120 501 1378 541 inviserent
1408 509 1452 542 et
1481 515 1573 543 non
1602 517 1709 545 raro
1739 506 1952 546 alicunde

322 567 449 607 cibos
485 568 724 618 afferrent,
757 570 1148 620 quemadmodum
1178 572 1467 613 infirmorum
1495 576 1804 625 quorumdam
1831 578 1953 617 ratio

320 639 596 688 postulabat.
622 640 812 679 Plurimi
841 641 1070 691 profecto,
1101 654 1194 682 non
1222 649 1402 683 tantum
1430 656 1626 696 corpore
1655 647 1834 697 miseri,
1870 648 1950 687 sed

320 709 459 748 etiam
480 710 740 749 animorum
761 711 886 751 vitiis
908 713 1187 762 gravissime
1209 714 1494 765 laboranteS,
1516 715 1827 757 decessissent
1845 730 1868 758 e
1885 719 1951 758 vi—

320 779 391 818 vis
413 780 586 830 absque
608 781 699 820 ullo
722 782 1032 831 poenitentiae
1054 791 1098 823 et
1119 785 1285 824 salutis
1302 786 1523 837 remedio,
1543 787 1633 827 nisi
1650 788 1797 828 bonus
1814 789 1952 829 medi-

321 861 402 889 cus
424 850 496 889 hic
518 857 650 901 pater
671 852 895 892 adfuisset
913 853 957 892 in
975 859 1199 906 tempore,
1223 868 1278 895 ac
1294 857 1586 907 pereuntium
1608 865 1674 898 tot
1693 859 1953 900 animarum

320 921 441 960 ultro
464 928 699 972 pastorem
723 922 859 962 fidum
881 925 1066 974 egisset.
1092 925 1187 965 Nec
1210 926 1398 967 defuere
1420 928 1496 979 qui
1518 928 1610 968 iam
1627 929 1732 969 inde
1750 942 1775 969 a
1793 929 1953 970 decem

321 992 478 1042 annis,
508 1004 613 1032 cum
641 994 867 1044 peccandi
895 994 1031 1035 finem
1057 997 1233 1036 nullum
1259 997 1487 1049 facerent,
1518 1006 1673 1039 tamen
1702 1000 1952 1041 confitendi

318 1062 548 1102 rationem
568 1075 625 1103 ne
646 1066 786 1104 semel
808 1066 992 1116 quidem
1012 1067 1270 1119 inivissent,
1293 1075 1343 1108 ut
1364 1070 1535 1109 mundo
1561 1082 1702 1121 aegre
1724 1072 1843 1122 vivi,
1870 1071 1952 1111 sed

320 1131 506 1172 Christo
528 1135 664 1184 plane
686 1137 854 1175 mortui
878 1137 1158 1178 viderentur.
1183 1139 1253 1178 Ex
1274 1140 1346 1179 his
1375 1141 1582 1180 nonnulli
1608 1142 1683 1180 vel
1706 1142 1798 1181 alta
1832 1153 1951 1182 voce

319 1204 477 1243 testati
497 1211 616 1254 sunt,
641 1206 862 1246 divinitus
884 1198 1005 1247 hunc
1026 1215 1208 1259 patrem
1232 1209 1292 1249 ad
1314 1222 1362 1250 se
1384 1211 1578 1250 missum
1600 1223 1721 1261 esse,
1746 1212 1870 1263 quod
1890 1212 1954 1252 fa-

321 1274 407 1313 cile
428 1275 739 1326 intelligerent
761 1278 869 1328 quid
892 1278 999 1318 huic
1020 1291 1131 1319 vere
1152 1281 1276 1331 patri
1293 1281 1528 1332 deberent,
1553 1294 1636 1333 per
1663 1294 1800 1333 quem
1823 1288 1953 1324 tanta

318 1351 618 1395 peccatorum
640 1347 767 1386 sanie
791 1360 844 1387 ac
866 1349 1125 1400 putredine,
1150 1362 1235 1390 nec
1262 1352 1411 1391 solum
1443 1354 1701 1404 corporalis
1731 1354 1858 1394 vitae
1878 1366 1954 1405 pe-

318 1415 490 1466 riculis,
515 1417 837 1458 liberarentur.
869 1419 987 1459 Tum
1016 1421 1138 1471 apud
1168 1423 1516 1463 serenissimam
1546 1424 1797 1464 Bohemiae
1817 1424 1954 1475 Regi—

318 1498 426 1525 nam
454 1485 463 1504 ¹
493 1496 707 1528 curatum
738 1495 829 1539 est,
867 1502 1048 1531 necnon
1076 1493 1198 1543 apud
1227 1493 1343 1533 alios
1375 1494 1422 1533 in
1443 1495 1549 1534 aula
1577 1494 1726 1545 Regia
1758 1495 1950 1546 nobiles,

316 1559 593 1607 praesertim
614 1559 849 1610 hispanos,
873 1567 922 1600 ut
943 1563 1125 1602 collatis
1150 1564 1460 1615 eleemosynis
1480 1572 1728 1616 pereuntes
1757 1566 1820 1605 illi
1840 1566 1952 1605 mili—

316 1633 398 1678 tes,
424 1640 478 1668 ac
500 1629 830 1670 decumbentes
860 1644 1112 1683 paupereS‚
1146 1635 1350 1685 quotidie
1382 1635 1770 1676 refocillarentur.
1805 1636 1955 1687 Igitur

317 1704 360 1738 et
380 1698 532 1739 Patris
553 1712 665 1740 cura
682 1703 824 1752 panni
845 1704 967 1743 lanei
985 1704 1185 1756 lineique
1206 1707 1410 1757 coempti
1428 1714 1550 1757 sunt,
1570 1714 1736 1758 parata
1752 1707 1951 1758 indusia,

317 1775 472 1810 vestes
494 1771 782 1823 distributae,
806 1774 914 1813 lecti
931 1775 1218 1824 concinnati,
1238 1777 1416 1817 nummi
1433 1777 1703 1829 dispensati.
1724 1778 1950 1828 Breviter,

315 1852 398 1891 pro
420 1843 652 1891 egentium
674 1844 868 1894 ratione,
894 1851 989 1884 tum
1010 1847 1261 1897 esculenta,
1285 1854 1382 1887 tum
1404 1849 1683 1888 vestimenta
1702 1849 1747 1888 in
1766 1849 1882 1889 alios
1900 1855 1945 1889 et

317 1911 433 1950 alios
456 1913 625 1952 collata
647 1922 765 1953 sunt.

396 1980 466 2021 De
499 1994 649 2023 messe
677 1985 945 2034 quotidiana
976 1998 1098 2026 nunc
1135 1993 1291 2037 taceo,
1330 2000 1469 2039 quam
1502 1989 1719 2039 feliC1ter,
1758 1990 1949 2040 scilicet,

317 2058 486 2102 agatur
506 2065 611 2093 cum
640 2055 710 2093 his
737 2056 814 2106 qui
841 2055 967 2095 Patri
998 2057 1295 2108 confitentur,
1329 2071 1434 2099 cum
1462 2060 1627 2099 horum
1656 2061 1864 2100 nonnulli
1894 2073 1952 2101 ex

316 2121 450 2162 foedo
479 2125 791 2165 concubinatu
827 2126 884 2165 ad
919 2127 1162 2168 honestum
1198 2129 1546 2169 matrimonium
1578 2142 1678 2170 sese
1709 2138 1950 2171 converte-

316 2193 429 2243 rint,
469 2201 513 2234 et
547 2195 728 2245 publica
766 2197 987 2237 scandala
1023 2200 1338 2249 correxerint,
1376 2207 1419 2239 et
1454 2201 1620 2240 iniuste
1655 2208 1791 2252 parta
1821 2202 1947 2242 resti-

317 2264 501 2304 tuerint.
717 2307 720 2310 ⁴

396 2335 469 2375 Ad
486 2348 561 2376 res
579 2337 859 2377 domesticas
875 2340 1024 2390 venio,
1044 2352 1161 2391 quae
1177 2352 1299 2380 nunc
1312 2342 1450 2391 paulo
1469 2354 1608 2393 quam
1621 2350 1758 2383 antea
1776 2344 1949 2383 rectius

315 2406 587 2455 procedunt,
612 2409 711 2448 sive
732 2409 856 2448 vitae
879 2410 1185 2461 disciplinam,
1210 2411 1310 2451 sive
1332 2412 1590 2452 studiorum
1613 2425 1813 2463 cursum,
1848 2414 1948 2454 sive

315 2475 512 2517 fratrum
533 2478 793 2528 profectum
815 2479 1178 2520 animadvertas.
1198 2480 1318 2521 Nam
1336 2482 1492 2522 divina
1515 2484 1581 2523 sic
1604 2495 1688 2523 nos
1708 2484 1863 2535 gratia
1884 2485 1944 2524 fo·
1964 2475 1967 2479 ’

316 2553 407 2597 vet,
432 2554 479 2587 ut
500 2560 672 2599 magna
695 2556 738 2589 et
758 2558 982 2601 perpetua
1004 2551 1123 2590 inter
1145 2563 1306 2591 omnes
1328 2553 1383 2592 de
1406 2554 1542 2593 rebus
1565 2555 1777 2594 omnibus
1804 2555 1945 2606 persi-

314 2622 406 2657 stat
428 2619 693 2669 concordia,
718 2632 803 2660 nec
825 2621 975 2660 minor
996 2621 1240 2661 charitatis
1258 2628 1301 2662 et
1323 2623 1614 2664 obedientiae
1633 2625 1946 2676 praestandae

316 2699 443 2739 cura,
467 2689 589 2729 domi
609 2702 662 2729 ac
684 2690 812 2741 foris,
836 2691 1055 2742 privatim
1077 2704 1132 2732 ac
1154 2693 1336 2743 publice
1356 2702 1644 2744 perseverat.
1670 2695 1807 2736 Modo
1825 2696 1945 2747 cepit

315 2770 401 2798 nos
421 2759 641 2800 mirificus
664 2761 851 2811 quidam
872 2767 915 2801 et
935 2773 1085 2801 novus
1108 2763 1248 2803 ardor
1270 2764 1608 2814 perdiscendae
1636 2766 1823 2817 linguae
1843 2776 1944 2816 ger-

315 2830 546 2880 manicae,
585 2832 658 2870 cui
688 2832 900 2872 certatim
927 2843 1116 2883 operam
1148 2833 1312 2874 damus
1343 2835 1441 2875 sive
1470 2835 1656 2886 flandri,
1687 2837 1785 2876 sive
1814 2836 1940 2887 galli.

366 2988 377 3008 1
416 2987 533 3022 Maria,
549 2989 661 3017 Caroli
678 2990 708 3017 V
724 2990 807 3025 filia,
825 2995 857 3018 et
872 2991 1092 3019 Maximili·ani
1110 2991 1149 3025 II,
1170 2992 1368 3027 Hungariae
1385 2998 1417 3020 et
1434 2993 1616 3021 Bohemiae
1634 2995 1735 3028 regis,
1754 3001 1848 3021 uxor.
