2080 3392
817 188 901 225 AN.
933 187 1025 225 1553
1675 187 1747 224 309

100 294 208 339 post
227 287 382 328 Patris
403 287 684 337 discessum,
709 286 923 327 omnibus
945 285 1262 336 audientibus,
1285 296 1397 325 suae
1418 284 1652 325 Dominae
1681 284 1743 324 di-

101 359 256 399 cebat:
281 359 383 411 quis
404 371 498 399 non
518 360 595 399 vel
617 358 676 399 ad
697 358 821 398 mille
842 358 1040 398 libenter
1060 357 1237 397 subiret
1264 356 1499 407 proficisci
1524 356 1742 396 milliaria

102 430 162 470 ad
183 430 448 471 huiusmodi
470 430 788 470 conscientiae
810 428 1078 469 habendum
1100 429 1360 468 medicum?

183 501 426 552 Quaedam
445 501 608 542 itidem
627 501 881 550 Dominae,
905 499 1118 540 videntes
1139 511 1225 539 nos
1246 499 1468 540 universa
1491 499 1647 539 oblata
1673 509 1742 538 re-

101 585 267 613 cusare
311 585 532 623 munera,
574 583 662 612 nec
699 583 784 623 pro
825 570 1199 611 confessionibus
1239 570 1435 622 aliisque
1473 569 1746 610 ministeriis

101 644 353 696 quicquam
382 644 502 683 velle
534 643 774 694 accipere,
807 642 968 682 insciis
996 641 1278 693 quandoque
1308 641 1462 686 nobis.
1493 642 1656 681 vinum
1686 640 1747 680 ad

99 715 222 755 illius
242 720 551 766 portaverunt
574 714 736 762 aedes,
761 725 881 765 quae
903 712 1037 752 nobis
1060 713 1215 752 omnia
1243 720 1487 763 comparat
1517 719 1746 764 paratque

98 786 367 826 necessaria
388 786 648 836 esculenta3
673 791 812 836 atque
834 784 917 834 ita,
942 784 1076 835 quasi
1097 789 1260 824 nostra
1292 790 1499 834 emptum
1526 784 1741 834 pecunia,

99 870 191 898 una
214 869 320 898 cum
339 857 532 909 reliquis
561 857 696 897 nobis
723 855 1141 896 administrabatur
1170 854 1302 895 cibis.
1332 853 1444 904 Sed,
1476 855 1635 894 statim
1665 854 1743 894 ubi

98 929 340 980 cognitum
359 928 512 969 fuerat
533 928 654 969 unde
684 928 887 977 veniret,
921 926 1141 967 dantibus
1162 925 1303 966 Pater
1329 925 1508 966 factum
1528 925 1739 976 inhibuit,

98 1008 143 1041 et
165 1001 360 1041 coctrici
380 1000 509 1051 (sic),
525 1012 583 1040 ne
600 999 852 1050 quicquam
868 998 915 1038 in
930 1003 1171 1050 posterum
1192 997 1516 1037 huiuscemodi
1537 997 1740 1048 suscipe-

98 1079 170 1113 ret
197 1072 321 1124 fuco,
354 1072 516 1112 stricte
536 1071 752 1111 iniunxit.
789 1069 1014 1110 Similiter
1044 1075 1088 1109 et
1117 1069 1215 1120 alii,
1240 1075 1506 1120 opportuno
1541 1068 1745 1120 quodam

99 1150 332 1196 tempore,
367 1155 458 1195 quo
479 1148 663 1194 patrem
685 1141 810 1182 domi
830 1153 924 1181 non
954 1152 1058 1181 esse
1086 1145 1346 1190 constaret,
1378 1140 1464 1180 sub
1495 1140 1584 1179 hoc
1614 1151 1745 1190 prae-

99 1221 231 1256 textu
253 1215 535 1255 saccharum
556 1214 616 1254 ad
631 1219 819 1253 nostras
840 1213 1070 1253 miserunt
1091 1211 1246 1261 aedes,
1267 1217 1316 1251 ut
1339 1211 1548 1263 portario
1570 1210 1747 1251 diceret

99 1287 178 1339 qui
199 1286 259 1327 ad
279 1287 368 1326 hoc
389 1286 674 1326 subornatus
695 1284 862 1324 fuerat:
887 1295 996 1324 ecce
1017 1295 1101 1335 pro
1123 1289 1281 1323 vestro
1303 1283 1442 1323 Patre
1464 1283 1553 1322 hoc
1576 1294 1746 1333 appor-

99 1366 168 1409 to,
205 1358 284 1410 qui
314 1369 388 1398 me
421 1357 647 1409 sequitur.
682 1356 970 1396 Existimans
1000 1355 1156 1406 itaque
1185 1355 1407 1395 ostiarius
1434 1353 1588 1394 Patris
1615 1354 1746 1394 iussu

98 1436 426 1481 comparatum
447 1428 605 1478 fuisse,
631 1428 835 1479 accepit,
860 1427 1089 1478 ipsisque,
1115 1427 1281 1478 quibus
1302 1431 1553 1477 exceptum
1573 1425 1741 1471 fuerat,

96 1502 257 1542 verbis
278 1512 471 1541 reverso
503 1500 695 1540 tradidit
725 1499 876 1549 Patri,
907 1499 985 1550 qui
1013 1504 1161 1538 totum
1188 1498 1382 1538 remisit.
1416 1496 1507 1537 Pro
1539 1497 1746 1537 maxima

99 1573 222 1613 enim
243 1573 440 1612 habetur
463 1572 641 1623 gratia,
668 1571 707 1611 si
728 1571 838 1622 quid
860 1570 1071 1621 obsequii
1100 1569 1236 1609 nobis
1265 1574 1509 1620 praestare
1536 1570 1742 1608 valeant.

96 1644 230 1686 Unde
252 1644 344 1684 alia
364 1643 542 1684 familia
562 1643 696 1683 flexis
718 1642 906 1693 saepius
926 1648 1151 1692 rogantes
1172 1641 1444 1681 institerunt
1465 1640 1663 1691 genibus
1694 1645 1744 1679 ut

97 1716 246 1767 gratis
268 1715 422 1756 omnia
445 1721 608 1755 nostra
628 1721 819 1766 possent
839 1714 1003 1754 lavare
1025 1719 1069 1753 et
1092 1712 1283 1753 reficere
1304 1698 1427 1752 linea
1444 1712 1741 1761 vestimenta,

98 1787 223 1839 quod
244 1787 323 1827 ubi
344 1798 622 1827 concessum
643 1792 759 1835 erat,
785 1785 1037 1825 instantius
1058 1784 1277 1836 precibus
1298 1795 1468 1835 urgere
1490 1790 1746 1835 coeperant

95 1871 155 1899 ne
177 1859 388 1899 similiter
410 1859 654 1898 lanearum
676 1857 879 1897 vestium
899 1855 1310 1897 resarciendarum
1330 1855 1633 1907 privarentur
1665 1854 1743 1894 mi-

98 1931 307 1970 nisterio.

176 2001 420 2053 Quaedam
447 2001 701 2052 singularis
731 2001 868 2052 plane
896 2000 1022 2040 vitae
1058 2005 1304 2051 aetateque
1330 2004 1559 2050 provecta
1587 1998 1740 2049 virgo,

96 2074 143 2113 in
164 2084 423 2125 pauperum
453 2072 828 2112 sublevationem
855 2083 938 2111 sex
966 2083 993 2110 a
1021 2070 1273 2122 magnifica
1303 2069 1507 2121 quadam
1537 2069 1744 2109 Domina

96 2144 303 2195 acceptis
326 2144 531 2194 ducatis,
555 2155 696 2195 saepe
717 2143 888 2183 obnixe
904 2142 1170 2194 provolutis
1193 2141 1382 2181 Patrem
1403 2141 1593 2191 rogavit
1614 2142 1741 2192 geni—

95 2215 202 2266 bus,
227 2227 317 2266 quo
339 2214 563 2255 fratribus
584 2215 671 2255 hos
691 2214 869 2254 donare
890 2220 1049 2265 posset
1071 2213 1292 2263 ducatos3
1323 2212 1405 2252 sed
1431 2212 1503 2252 sui
1524 2212 1744 2252 desiderii

99 2287 265 2327 effectu
286 2287 435 2338 potita
456 2298 550 2326 non
572 2293 658 2327 est.

180 2357 250 2398 De
270 2357 495 2398 fratribus
517 2365 673 2398 autem
694 2358 783 2398 hoc
804 2369 948 2398 unum
979 2357 1157 2409 scriptu
1185 2357 1379 2409 dignum
1408 2366 1588 2398 restare
1616 2357 1741 2397 vide-

97 2436 186 2481 tur,
210 2430 296 2469 hos
317 2434 432 2479 tres,
452 2436 565 2480 puto
587 2429 647 2469 M.
679 2429 1026 2469 Theodoricum
1055 2428 1082 2479 ¹,
1115 2429 1176 2469 M.
1209 2428 1463 2470 Martinum
1491 2429 1504 2447 ²
1532 2435 1577 2469 et
1603 2429 1740 2482 Joan-

95 2513 203 2541 nem
223 2499 279 2540 de
301 2500 420 2541 Tilia
444 2499 478 2551 ⁵,
515 2512 631 2552 quos
660 2500 745 2540 sub
773 2500 913 2540 finem
939 2499 1332 2551 quadragesimae
1360 2501 1420 2541 ad
1447 2500 1504 2541 V.
1536 2500 1585 2540 Ρ.
1617 2500 1739 2540 misi-

95 2583 221 2623 mus,
258 2571 552 2622 fragrantem
587 2571 704 2611 adeo
734 2571 877 2611 animi
904 2572 975 2611 sui
1002 2571 1048 2611 in
1076 2571 1228 2611 Deum
1257 2571 1480 2621 fervoris,
1518 2572 1739 2623 quoniam

94 2649 192 2683 tam
213 2643 486 2694 parentibus
507 2654 647 2694 quam
670 2643 834 2683 amicis
854 2643 1088 2683 universis
1109 2643 1375 2683 insalutatis
1405 2643 1514 2683 hinc
1540 2643 1739 2694 profecti

95 2726 151 2754 ac
171 2714 410 2754 Christum
430 2714 613 2765 sequuti
635 2719 762 2764 sunt,
793 2713 839 2753 in
860 2720 1077 2765 posteros
1098 2715 1237 2765 longe
1258 2715 1441 2765 lateque
1462 2721 1739 2766 sparserunt

159 2921 168 2941 ¹
208 2922 442 2950 Theodericus
457 2922 644 2949 Geeraerts
658 2921 842 2954 (Gerardi).

151 2969 164 2987 2
201 2968 370 2996 Martinus
386 2968 557 3002 Gewarts,
575 2968 833 2996 Stevordianus.

153 3015 167 3034 5
204 3015 352 3050 Joannes
367 3016 446 3044 Van
462 3017 522 3044 der
537 3016 677 3044 Lindeni
