2080 3392
302 170 372 207 510
805 167 1030 205 LITTERAE
1056 179 1410 211 QUADRIMESTRES

962 618 1282 672 CCLXVII

377 845 636 883 Theodorus
658 845 864 883 Peltanus

423 911 545 948 Patri
563 910 732 958 Ignatio
754 911 806 948 de
826 911 1011 959 Loyola‚

471 976 676 1024 Neapoli,
701 976 717 1013 1
738 976 936 1023 Januarii
958 977 1047 1015 1554
1066 977 1092 1015 ¹.

1072 1221 1170 1297 niis

385 1469 484 1509 Pax
504 1470 599 1521 xpi.

387 1540 752 1591 Quadrimestris
774 1551 1062 1591 successum,
1086 1540 1186 1580 Rde
1220 1541 1267 1581 in
1288 1541 1356 1581 X.⁰
1381 1541 1474 1592 Pr.,
1498 1553 1551 1581 ea
1574 1553 1665 1593 qua
1681 1541 1773 1581 iam
1792 1543 1935 1582 semel

308 1617 444 1662 atque
468 1612 635 1651 iterum
655 1611 832 1650 iussum
853 1616 921 1650 est
942 1611 1171 1652 breuitate
1198 1612 1573 1663 perstringimus.
1604 1612 1696 1652 Res
1725 1612 1934 1653 literaria

312 1682 375 1733 (ut
416 1683 521 1722 inde
561 1681 785 1722 narrandi
822 1681 1004 1721 initium
1040 1682 1270 1733 sumatur)
1316 1683 1513 1723 feliciori
1551 1695 1690 1735 quam
1725 1695 1934 1735 unquam

311 1764 451 1793 cursu
485 1752 709 1805 procedit.
746 1752 1012 1802 Lectiones,
1048 1753 1105 1792 ob
1135 1753 1302 1793 nimios
1335 1759 1491 1794 aestus
1525 1754 1840 1805 intermissas,
1876 1753 1936 1794 ad

310 1824 435 1864 ΚξιΙ.8
475 1824 680 1864 octobris
714 1824 1074 1875 resumpsimus,
1113 1824 1277 1875 quibus
1304 1831 1399 1864 tres
1428 1825 1664 1865 orationes
1698 1837 1805 1865 cum
1838 1826 1935 1876 qui-

309 1895 506 1935 busdam
524 1895 768 1935 uersiculis
784 1895 831 1934 in
845 1895 1084 1935 literarum
1103 1895 1506 1936 comendationem
1523 1896 1794 1947 compositis
1805 1908 1935 1947 prae-

310 1966 480 2006 missae
497 1971 617 2005 sunt.
638 1965 917 2005 Confitentiu
935 1977 989 2005 ac
1007 1966 1401 2005 comunicantium
1422 1977 1679 2006 concursus
1700 1966 1937 2007 mensibus

311 2037 383 2076 his
405 2036 616 2086 proxime
638 2036 780 2087 lapsis
801 2036 935 2075 solito
957 2036 1104 2075 maior
1126 2036 1227 2076 suit.

390 2107 465 2147 Pr.
489 2107 771 2146 Franciscus
792 2105 805 2124 2
827 2106 1037 2157 pluribus
1060 2107 1299 2157 utriusque
1320 2119 1462 2147 sexus
1483 2107 1707 2147 exercitia
1725 2106 1933 2157 tradidit,

296 2177 479 2229 'quibus
500 2183 682 2217 tantum
702 2182 965 2227 promotum
986 2182 1078 2227 est,
1102 2182 1151 2216 ut
1173 2183 1351 2228 septem
1372 2177 1578 2217 eiusdem
1606 2177 1809 2218 familiae
1836 2189 1937 2230 per-

313 2254 499 2299 petuam
521 2247 607 2287 deo
636 2248 901 2287 castitatem
927 2247 1158 2287 uouerint.
1191 2247 1316 2288 idem
1342 2248 1603 2288 doctrinam
1633 2248 1938 2288 christianam

311 2319 533 2359 declarat.

390 2389 464 2429 Pr.
488 2389 708 2429 Nicolaus
725 2388 738 2406 ³
756 2389 915 2428 diebus
935 2388 1116 2428 festiuis
1133 2389 1179 2428 in
1201 2389 1371 2428 sacello
1389 2394 1547 2429 nostro
1565 2389 1881 2430 concionatur.

390 2459 495 2500 Duo
516 2459 666 2499 bonae
688 2459 783 2510 spei
807 2459 997 2499 iuuenes
1019 2459 1232 2499 societati
1252 2471 1354 2499 sese
1371 2471 1517 2510 nuper
1535 2459 1773 2500 dederunt.
1793 2459 1868 2510 Hi,
1889 2466 1937 2500 ut

311 2536 614 2581 praeceptum
636 2536 755 2580 erat,
779 2529 826 2569 in
847 2528 1053 2569 Siciliam
1076 2530 1205 2569 missi
1227 2535 1347 2570 sunt.
1371 2529 1464 2570 Alii
1484 2531 1641 2581 plures
1673 2531 1792 2570 idem
1817 2542 1937 2570 sum-

311 2601 399 2640 mis
434 2600 556 2640 uotis
593 2600 829 2640 affectant.
866 2599 920 2639 R.
951 2599 1026 2639 Pr.
1058 2600 1296 2650 Andreas,
1328 2599 1343 2618 ⁴
1369 2600 1505 2640 huius
1533 2600 1728 2651 Collegii
1749 2600 1933 2652 Rector,

312 2682 449 2710 casus
472 2670 786 2710 conscientiae
807 2681 900 2709 non
921 2669 1019 2709 sine
1042 2681 1214 2721 magno
1246 2671 1497 2710 multorum
1524 2672 1834 2711 emolumento
1862 2683 1936 2711 ex-

366 2828 376 2848 1
416 2828 676 2862 Autographae,
693 2829 817 2863 duplici
830 2828 920 2862 folio,
936 2836 967 2855 n.
985 2828 1045 2855 1210.

364 2876 378 2894 2
416 2875 562 2907 Joannes
577 2875 781 2902 Franciscus
796 2875 960 2902 Araldus.

365 2923 378 2941 5
416 2922 575 2949 Nicolaus
590 2922 779 2950 Bobadilla.

365 2969 379 2989 4
416 2969 573 2996 Andreas
589 2970 628 2995 de
645 2969 783 2996 Oviedo.
