2080 3392
285 198 352 235 144
796 197 1020 234 LITTERAE
1047 207 1404 239 QUADRIMEsTREs

283 295 391 334 dam
424 293 789 342 MechliniensiS,
822 293 1037 332 doctrina
1067 299 1111 332 et
1139 293 1388 332 virtutibus
1415 299 1510 332 tam
1541 293 1751 344 corporis
1773 305 1914 345 quam

284 365 427 404 animi
463 365 575 404 satis
610 365 797 404 dotatus
825 362 850 411 ¹,
885 375 967 414 per
993 375 1078 403 nos
1114 363 1357 403 Coloniam
1377 363 1614 414 profectus
1641 370 1710 403 est
1739 364 1799 404 ad
1830 364 1913 404 Re-

283 435 540 475 verendum
561 435 746 474 Patrem
768 434 1064 474 Leonardum
1084 433 1112 484 ²,
1137 446 1193 474 ne
1215 434 1310 485 hie,
1335 434 1457 485 quod
1483 434 1694 485 timebat,
1719 435 1776 474 ab
1805 435 1914 474 ami-

281 506 352 545 >cis
374 512 418 546 et
439 506 724 557 parentibus,
748 505 914 556 quibus
938 505 1101 544 unicus
1122 511 1191 544 est
1211 504 1345 555 filius,
1379 516 1405 544 a
1427 505 1548 544 bono
1570 517 1653 544 suo
1675 505 1915 556 proposito

285 575 600 627 impediretur,
626 575 703 625 oui
725 587 773 615 se
795 576 888 615 iam
911 581 1056 615 totum
1079 575 1303 615 Societati
1325 575 1523 626 addixit;
1548 575 1677 615 cuius
1704 577 1917 627 exemplo

286 659 344 686 ex
365 645 525 686 eodem
551 646 760 697 Collegio
782 647 937 697 plures
968 646 1027 686 ad
1056 645 1338 686 Societatem
1366 646 1734 697 subsequuturos
1763 657 1917 697 spera-

285 729 401 757 mus.
443 716 600 757 Alium
640 728 821 768 quoque
859 717 1164 757 Hollandicae
1199 717 1402 756 nationis
1437 716 1602 756 litteris
1635 717 1917 757 humaniori-

289 787 371 827 bus
391 788 533 838 probe
555 787 833 827 instructum
854 787 913 827 ad
935 787 1147 827 eumdem
1167 787 1377 827 misimus
1397 786 1599 837 Patrem,
1623 787 1701 838 qui
1722 798 1818 827 non
1841 787 1918 826 mi-

286 869 374 898 nus
394 858 440 897 in
461 858 709 898 virtutibus
730 858 932 909 proficit,
967 864 1097 898 tanto
1125 858 1184 897 ad
1205 857 1486 898 Societatem
1512 857 1731 908 flagravit
1763 869 1922 898 amore

288 936 360 979 ut,
402 929 614 969 omnibus
652 929 989 979 nescientibus,
1031 940 1080 968 se
1118 928 1183 968 1111
1216 935 1327 968 voto
1366 928 1672 979 astringeret3
1710 928 1922 980 alioquin

283 999 485 1051 quietem
506 1005 669 1051 capere
690 1011 784 1039 non
800 1003 1007 1051 poterat.
1034 999 1233 1050 Quidam
1254 1000 1373 1039 alius
1398 999 1445 1038 in
1476 999 1683 1050 Collegio
1710 999 1919 1050 Liliensi‚

289 1071 366 1121 qui
400 1071 631 1110 secundus
664 1071 828 1110 domus
869 1071 1078 1119 habetur,
1115 1070 1289 1110 dudum
1323 1070 1459 1110 nobis
1493 1069 1742 1110 adiunctus
1781 1074 1918 1121 esset,

289 1141 377 1181 nisi
410 1142 641 1193 promotio
677 1141 1019 1193 impedivisset,
1057 1153 1147 1192 qua
1176 1141 1409 1191 absoluta,
1447 1141 1571 1180 illico
1606 1140 1665 1180 ad
1692 1141 1917 1181 exercitia

292 1219 517 1252 venturus
538 1218 621 1252 est.

369 1283 569 1323 Easdem
591 1283 730 1322 etiam
754 1294 859 1322 cum
880 1282 1119 1332 diligentia
1141 1288 1185 1322 et
1205 1282 1391 1322 fervore
1416 1293 1586 1333 pensas
1613 1282 1723 1332 (sic)
1748 1282 1924 1323 fratres

290 1355 415 1394 domi
442 1361 633 1394 nostrae
659 1354 853 1393 diurnas
883 1360 1227 1404 nocturnasque
1257 1353 1305 1392 in
1332 1353 1427 1393 suis
1459 1353 1622 1393 studiis
1653 1353 1923 1404 persolvere

291 1425 501 1464 nituntur
532 1425 714 1474 eodem,
749 1436 839 1476 quo
867 1425 1107 1475 superiore
1134 1435 1273 1463 cursu
1301 1424 1360 1464 ad
1390 1424 1730 1475 promotionem
1761 1435 1926 1476 prope·

292 1502 463 1535 rantes.
499 1495 707 1546 Quorum
738 1507 858 1535 unus
885 1495 1090 1548 Joannes
1119 1495 1174 1534 de
1209 1494 1327 1535 Tilia
1359 1494 1630 1535 Geldrensis
1660 1494 1688 1546 ⁵,
1719 1496 1796 1547 qui
1825 1507 1928 1535 sese

292 1566 558 1607 devotionis
579 1567 720 1607 ductu
742 1567 845 1618 ipsa
868 1567 940 1606 die
961 1567 1251 1618 Epiphaniae
1278 1572 1389 1606 voto
1411 1566 1634 1606 Societati
1662 1566 1925 1616 adstrinxit,

295 1638 562 1689 primusque
598 1637 793 1689 Collegii
820 1638 1035 1677 Liliensis
1071 1637 1357 1688 designatur.
1392 1637 1485 1677 Alii
1512 1637 1601 1677 duo
1630 1649 1716 1677 nec
1746 1637 1928 1677 infimas

298 1708 437 1748 liniae
465 1708 568 1758 (sic)
597 1708 661 1756 (ut
689 1708 833 1758 aiunt)
868 1714 1025 1759 partes
1053 1708 1340 1747 obtinebunt.
1371 1707 1541 1747 Mirum
1569 1715 1743 1760 quanto
1776 1708 1928 1748 studio

298 1779 634 1830 charitatisque
680 1779 848 1819 ardore
895 1779 1100 1818 omnium
1143 1778 1239 1818 fere
1287 1778 1591 1829 collegiorum
1636 1779 1838 1830 promoti
1887 1785 1930 1818 et

296 1851 496 1889 lectores
523 1861 634 1900 erga
662 1862 746 1889 nos
776 1849 1104 1900 incenduntur,
1138 1855 1182 1889 et
1208 1850 1283 1888 vel
1310 1849 1513 1889 maxime
1540 1849 1735 1900 Collegii
1769 1849 1929 1890 Falco-

296 1921 468 1971 nensis,
493 1920 613 1960 unde
634 1921 768 1960 nobis
790 1932 951 1960 01111105
970 1920 1330 1971 praeteritorum
1358 1926 1619 1971 temporum
1652 1921 1926 1971 tragoediae

298 1997 489 2031 exortae
509 1991 653 2031 fuere.
678 1990 879 2041 Quidam
900 1991 1099 2042 insignis
1129 1990 1366 2042 magister,
1401 1991 1478 2042 qui
1509 1997 1615 2030 ante
1644 2003 1817 2031 annum
1851 1997 1929 2030 aut

300 2063 497 2102 alterum
516 2062 692 2113 primas
724 2062 858 2101 huius
893 2062 1225 2102 Universitatis
1254 2061 1469 2110 obtinuit,
1502 2061 1540 2101 si
1571 2073 1661 2113 qua
1691 2062 1769 2102 via
1798 2074 1824 2102 a
1854 2074 1928 2113 pa-

299 2133 508 2173 rentibus
530 2140 572 2172 et
596 2133 758 2172 amicis
780 2133 1050 2182 extricatus,
1074 2133 1199 2172 omni
1218 2132 1372 2172 studio
1399 2132 1534 2172 nobis
1556 2133 1726 2172 sociari
1757 2133 1928 2183 gliscit,

300 2204 376 2243 cui
396 2203 533 2243 Pater
556 2203 820 2255 respondit,
845 2214 951 2243 cum
972 2203 1197 2254 magister
1220 2203 1278 2242 ad
1299 2214 1404 2242 eum
1425 2202 1605 2243 veniret
1628 2204 1931 2243 contristatus

302 2275 458 2324 valde,
499 2286 552 2314 eo
587 2275 712 2325 quod.
745 2280 963 2325 parentes
997 2275 1122 2313 nulla
1158 2285 1350 2325 prorsus
1385 2274 1474 2313 hac
1510 2274 1555 2313 in
1590 2281 1722 2325 parte
1750 2275 1930 2315 ratione

303 2351 506 2395 utantur,
530 2351 578 2384 ut
600 2356 649 2384 se
671 2350 819 2384 totum
842 2344 1131 2384 existimaret
1153 2356 1254 2384 esse
1283 2344 1339 2383 de
1365 2343 1618 2394 Societate,
1650 2351 1694 2384 et
1726 2345 1787 2385 ita
1820 2357 1922 2385 cun-

303 2422 378 2455 cta
404 2427 488 2454 sua
516 2416 782 2467 disponeret
810 2414 957 2454 donec
984 2415 1213 2454 Dominus
1243 2415 1525 2465 provideret.
1563 2415 1614 2455 111
1641 2415 1729 2455 hoc
1761 2416 1930 2467 optime

303 2487 571 2526 consolatus
588 2486 803 2526 discessit
823 2484 852 2523 ⁴.

360 2671 369 2689 1
408 2669 489 2696 “Hic
505 2669 566 2696 fuit
581 2667 746 2702 Magister
762 2667 964 2695 Franciscus
981 2666 1170 2700 Costerus.,‚
1183 2667 1349 2701 Pormco,
1361 2667 1493 2700 Clzron„
1502 2671 1526 2694 t.
1542 2675 1577 2702 11,
1593 2675 1671 2702 pag.
1687 2667 1748 2700 593,
1761 2675 1837 2695 ann.
1852 2668 1928 2700 1553,

305 2726 336 2744 n.
352 2717 414 2745 412.

359 2766 372 2783 *-'
410 2764 444 2791 P.
462 2764 659 2793 Leonardus
673 2764 802 2791 Kessel.

359 2813 372 2831 5
409 2811 512 2844 “Ji-:Ax
529 2811 607 2838 Vm
622 2819 685 2838 111111
700 2811 833 2838 LIXDEN
847 2812 909 2844 (DE
929 2809 1057 2843 Tum),
1074 2812 1115 2836 ne
1136 2817 1176 2836 en
1199 2809 1363 2843 Gueldre,
1380 2809 1520 2836 docteur
1535 2809 1773 2843 entheologie,
1789 2811 1896 2838 admis
1912 2813 1931 2838 a

307 2860 453 2893 Cologne
476 2867 515 2886 cn
540 2859 622 2892 1552,
649 2864 737 2886 mort
762 2861 780 2886 a
801 2860 944 2886 Lorette
967 2860 995 2885 le
1019 2858 1053 2885 24
1075 2860 1155 2885 aosit
1178 2858 1274 2890 1559.„
1293 2857 1486 2889 DELPLACE,
1502 2857 1809 2885 L'e‘tablz'ssement
1832 2859 1874 2885 de
1895 2859 1930 2885 la

307 2907 517 2941 Compagm'e
532 2907 573 2933 cie
588 2906 696 2941 Je'szts
712 2914 782 2933 aux
797 2906 991 2941 Mys-Bas,
1007 2905 1212 2940 Appendice,
1234 2904 1279 2932 4.*
1289 2904 1368 2931 -De
1385 2912 1422 2931 eo
1438 2906 1536 2938 plura
1552 2905 1584 2931 in
1600 2904 1762 2932 Historia
1779 2905 1928 2932 Societa-

307 2955 353 2980 tis
367 2957 400 2980 et
415 2953 448 2980 in
464 2953 589 2980 Cartas
603 2954 644 2980 de
660 2953 731 2980 San
751 2953 904 2987 Ignacz'o.

357 3001 372 3021 4
409 3000 518 3027 Hicin
532 3001 677 3035 paginae
693 3008 753 3028 ora
768 3000 924 3034 apposuit
938 2999 1108 3026 Arnoldus
1124 2999 1256 3032 signum
1274 3000 1299 3026 Λ
1323 3002 1356 3025 01
1372 2998 1457 3025 haec
1472 2999 1591 3024 verba:
1606 2997 1714 3031 plura
1731 2998 1863 3034 z'nfine.
1877 2998 1930 3026 Ea
