2080 3392
289 146 358 182 414
810 145 1036 182 LITTERAE
1063 156 1420 188 QUADRIMESTRES

291 244 358 283 vit
392 241 554 292 corda,
584 247 633 281 ut
662 241 794 281 multi
828 241 965 292 plane
995 253 1170 281 novum
1196 242 1286 281 visi
1312 243 1403 282 sint
1432 243 1638 282 indui-sse
1668 243 1917 284 hominem.

291 312 596 353 Desideratus
617 312 869 362 plurimum
889 312 935 351 in
956 312 1058 352 aliis
1078 313 1196 352 locis
1217 311 1315 363 eJ'us
1335 313 1615 364 praesentia.
1750 301 1757 309 ’

369 383 563 433 Insuper
597 382 653 422 de
688 381 1078 433 confessionibus,
1107 394 1275 434 parum
1301 383 1439 423 altius
1473 390 1522 423 ut
1551 384 1841 435 progrediar,
1877 386 1926 427 in

292 453 389 493 dies
423 453 577 503 magis
609 452 853 504 magisque
889 453 1210 493 confitentium
1245 459 1443 504 augetur
1478 466 1727 505 numerus,
1762 461 1812 495 ut
1844 456 1927 496 vix

290 524 412 564 diem
431 523 634 564 transire
655 524 910 574 contingat,
929 535 1020 575 quo
1040 536 1135 564 non
1155 524 1266 564 novi
1288 524 1529 574 accedant;
1548 537 1714 565 verum
1734 526 1781 565 in
1796 525 1924 566 festi-

291 594 534 644 vitatibus,
560 605 615 634 ac
636 594 840 634 maxime
862 594 909 634 in
929 594 1017 634 hoc
1038 606 1160 634 novo
1183 606 1408 635 concesso
1426 594 1654 647 jubilan,
1679 602 1835 636 tantus
1857 602 1927 636 est

291 676 568 715 concursuS,
593 671 643 704 ut
663 671 800 705 nocte
821 671 865 705 et
886 664 958 705 die
979 677 1062 716 per
1082 666 1253 705 multas
1283 666 1562 717 quandoque
1583 666 1724 706 horas
1748 666 1926 708 confes—

290 737 445 776 siones
467 736 629 776 audire
650 736 802 776 coacti
822 735 1061 786 fuerimus,
1085 732 1132 776 in
1153 736 1333 788 quibus,
1358 737 1518 777 divina
1541 737 1730 777 favente
1754 738 1925 789 gratia,
1976 787 1981 791 ,

291 807 421 847 multi
442 819 466 846 e
487 807 672 858 magnis
693 812 994 858 peccatorum
1016 807 1218 847 tenebris
1240 807 1298 846 ad
1318 808 1475 847 lumen
1504 809 1855 860 resipiscentiae
1883 814 1928 849 et

290 877 504 917 veritatis
524 878 873 929 pertrahuntur.
898 877 1140 929 Quaedam
1162 891 1189 918 a
1216 878 1268 918 25
1296 879 1430 919 annis
1461 886 1540 919 aut
1569 891 1623 919 eo
1652 879 1850 931 amplius
1880 879 1928 919 in

292 949 447 989 multis
469 948 744 988 mortalibus
765 949 1022 1000 permansit
1043 949 1270 1000 peccatis;
1295 955 1543 1000 expectata
1565 950 1755 990 tandem
1777 961 1805 989 a
1835 949 1926 990 Do-

292 1019 440 1070 mino,
472 1030 647 1070 magna
676 1020 1027 1071 lachrymarum
1056 1020 1359 1060 inundatione
1380 1026 1530 1060 totum
1556 1021 1725 1061 mentis
1746 1027 1930 1061 reatum

293 1090 454 1131 effudit
476 1123 484 1141 ,
525 1090 801 1142 proficitque
840 1091 1043 1142 quotidie
1081 1091 1129 1131 in
1168 1091 1347 1131 melius.
1389 1090 1631 1142 Quaedam
1664 1098 1926 1143 praeterea,

292 1162 537 1212 praeclara
558 1161 798 1201 nobilitate
820 1173 1040 1213 persona,
1065 1162 1111 1201 in
1132 1162 1412 1213 profundum
1431 1169 1735 1214 peccatorum
1755 1162 1924 1203 incide-

294 1239 367 1272 rat
395 1233 642 1284 abyssum,
679 1238 1009 1284 manseratque
1036 1244 1119 1284 per
1154 1234 1324 1273 multos
1359 1245 1523 1284 annos;
1559 1232 1693 1285 [haec
1730 1232 1929 1286 aperuit]

295 1303 598 1344 confirmasse
617 1303 708 1343 hoc
728 1310 859 1354 voto,
885 1311 955 1353 ut,
980 1304 1018 1343 si
1041 1304 1228 1355 quando
1251 1304 1362 1355 quid
1382 1304 1491 1344 boni
1517 1316 1568 1344 se
1594 1304 1827 1345 facturam
1857 1316 1931 1345 co—

294 1380 558 1425 gnosceret,
579 1386 628 1414 se
650 1375 800 1426 ipsam
821 1375 1087 1415 interimere
1110 1376 1282 1426 mallet;
1302 1376 1348 1415 in
1365 1387 1455 1427 quo
1476 1376 1716 1427 proposito
1739 1375 1860 1416 ultra
1884 1375 1934 1416 18

296 1451 376 1485 aut
397 1445 449 1485 20
470 1457 618 1486 annos
647 1445 801 1486 haesit
824 1446 941 1486 adeo
962 1447 1280 1498 pertinaciter,
1309 1453 1358 1487 ut
1386 1458 1413 1486 a
1439 1447 1563 1487 nullo
1592 1459 1798 1499 unquam
1824 1459 1932 1488 con-

294 1517 415 1557 verti
436 1517 652 1568 potuerit:
675 1517 907 1557 retinebat
928 1518 1132 1569 capitale
1155 1518 1391 1569 quoddam
1415 1517 1571 1558 odium
1594 1524 1782 1569 propter
1804 1518 1933 1558 innu-

296 1588 545 1627 merabiles
565 1587 652 1627 sibi
672 1588 826 1627 illatas
847 1587 1061 1639 injurias,
1087 1588 1133 1628 in
1161 1600 1252 1639 quo
1275 1588 1339 1628 ita
1361 1589 1583 1640 absorpta
1604 1588 1756 1629 fuerat
1775 1594 1824 1629 ut
1845 1589 1934 1629 hoc

295 1670 455 1699 secum
476 1659 535 1699 ad
556 1658 733 1699 inferos
755 1658 936 1699 deferre
957 1660 1113 1699 vellet.
1137 1659 1317 1699 Verum
1339 1659 1467 1700 Deus
1488 1660 1664 1700 nullum
1691 1660 1767 1712 qui
1795 1659 1935 1712 (quod

296 1730 342 1769 in
362 1730 462 1781 ipso
481 1732 566 1777 est)
591 1730 814 1780 destituit,
834 1742 921 1770 nec
943 1730 1065 1770 hanc
1087 1737 1322 1771 errantem
1344 1731 1548 1771 deseruit
1570 1731 1817 1782 oviculam;
1836 1731 1930 1781 sed,

297 1807 484 1851 praeter
506 1801 711 1841 omnium
734 1801 1122 1852 expectationem,
1147 1802 1206 1842 ad
1227 1801 1570 1842 confessionem
1591 1802 1838 1853 pertraxit,
1857 1802 1935 1842 ubi

296 1871 384 1923 piis
413 1878 648 1911 commota
688 1872 1083 1913 admonitionibus
1120 1879 1164 1912 et
1199 1873 1441 1913 lachrimis
1478 1885 1674 1913 saxeum
1709 1872 1819 1913 illud
1853 1884 1936 1915 cor

296 1949 521 1994 tanquam
542 1954 651 1983 cera
671 1943 814 1983 fluere
842 1944 1008 1995 coepit,
1031 1950 1095 1995 ut,
1120 1955 1214 1984 non
1236 1945 1389 1984 solum
1423 1945 1566 1984 totius
1595 1945 1720 1984 vitae
1749 1944 1932 1987 confite-

297 2019 425 2053 retur
444 2019 662 2065 peccata,
686 2025 853 2054 verum
873 2026 1075 2066 syncero
1097 2026 1280 2066 quoque
1303 2014 1443 2055 corde
1466 2021 1510 2055 et
1532 2015 1690 2055 odium
1711 2014 1933 2066 deposue-

295 2084 356 2124 rit
377 2090 421 2124 et
442 2096 627 2124 omnem
647 2085 735 2124 sibi
756 2085 932 2125 illatam
954 2085 1293 2126 condonaverit
1322 2085 1554 2137 injuriam.
1586 2085 1840 2137 Cujusdam
1869 2086 1933 2126 fa-

297 2155 473 2205 miliae,
496 2155 598 2196 Deo
619 2156 787 2207 planae
807 2155 1029 2206 devotae,
1053 2157 1281 2207 parvulus
1303 2157 1494 2208 quidam
1515 2168 1652 2208 puer,
1681 2162 1776 2196 tres
1806 2157 1934 2197 circi-

298 2234 367 2266 ter
395 2238 543 2266 annos
571 2232 731 2277 natus,
763 2227 998 2267 continuis
1025 2227 1303 2278 quibusdam
1336 2228 1600 2268 vexabatur
1627 2224 1933 2278 illusionibus,

299 2297 634 2348 apparentibus
655 2297 719 2337 illi
739 2297 786 2338 in
807 2297 970 2337 formis
990 2298 1240 2338 multarum
1261 2298 1539 2348 bestiarum,
1570 2299 1738 2349 quibus
1769 2310 1933 2349 appro-

298 2368 646 2420 pinquantibUS,
665 2374 790 2408 totus
812 2368 1166 2408 concutiebatur
1188 2369 1402 2419 horrore,
1421 2368 1530 2409 fletu
1555 2375 1693 2420 atque
1715 2369 1933 2419 clamore,

300 2440 364 2478 ita
384 2444 435 2478 ut
457 2439 613 2490 capilli
643 2439 809 2490 capitis
840 2450 889 2479 se
917 2439 1098 2490 erigere
1124 2439 1400 2480 viderentur
1427 2451 1541 2491 prae
1567 2440 1711 2480 nimio
1738 2445 1932 2480 terrore:

300 2510 389 2550 hoc
422 2514 577 2549 autem
604 2515 837 2561 noctuque
865 2509 1030 2561 dieque
1059 2510 1279 2561 durabat,
1311 2510 1433 2551 unde
1459 2511 1507 2550 in
1535 2510 1690 2550 multis
1718 2516 1937 2562 parentes

299 2580 541 2620 constituti
570 2580 802 2631 angustiis
831 2581 890 2620 ad
919 2580 1107 2620 Patrem
1135 2587 1348 2621 nostrum
1379 2592 1479 2621 rem
1501 2592 1684 2621 omnem
1705 2580 1931 2621 deferunt.

299 2651 401 2701 Ipse
429 2656 585 2690 autem
611 2656 809 2690 matrem
836 2662 929 2691 una
960 2662 1065 2691 cum
1091 2652 1221 2703 prole
1252 2652 1312 2691 ad
1340 2652 1565 2702 templum
1594 2651 1754 2691 venire
1779 2650 1930 2702 jussit,

300 2721 452 2772 ibique
474 2721 632 2761 divino
656 2721 882 2761 interesse
903 2721 1158 2771 sacrificio,
1184 2721 1309 2773 quod
1340 2721 1438 2772 ejus
1465 2722 1697 2762 obtulerat
1722 2722 1936 2762 intentio-

300 2802 379 2842 ne3
404 2802 493 2843 quo
515 2791 667 2842 finito,
692 2791 880 2832 domum
901 2799 1214 2843 revertentes,
1239 2793 1296 2833 ab
1327 2793 1541 2832 omnibus
1568 2804 1683 2843 puer
1710 2792 1935 2833 liberatus

301 2868 370 2902 est
407 2862 838 2914 phantasmatibus,
880 2874 966 2902 nec
1003 2863 1121 2903 ullae
1160 2875 1366 2915 unquam
1411 2863 1650 2903 redierunt
1687 2863 1931 2914 imagines.

303 2932 494 2983 Verum,
513 2944 606 2972 uno
626 2933 839 2984 liberatO,
860 2933 1017 2973 statim
1039 2934 1156 2973 alius
1176 2932 1327 2984 major
1346 2940 1458 2974 natu
1480 2933 1644 2975 iisdem
1665 2933 1817 2985 coepit
1838 2945 1933 2973 mo-
