2080 3392
312 208 380 243 180
822 207 1048 243 LITTERAE
1074 218 1438 249 QUADRIMESTRES

311 304 527 343 Patribus
548 303 737 343 tradidit
759 310 802 342 et
824 304 1206 354 quotiescumque
1227 305 1362 344 nobis
1383 305 1429 344 in
1452 304 1528 344 via
1550 304 1598 344 fit
1620 305 1822 355 obviam,
1847 307 1937 348 sin—

309 376 522 423 gularem
543 374 749 413 animum
770 379 813 413 et
834 373 1037 414 studium
1058 374 1192 414 nobis
1214 374 1429 414 ostendit.
1453 375 1505 414 In
1527 376 1614 415 hac
1637 376 1750 415 urbe
1782 377 1941 427 opinio

312 445 558 485 Societatis
579 444 847 484 diffunditur
869 451 913 484 et
935 445 981 484 in
1002 445 1100 484 dies
1122 445 1363 494 accrescit,
1388 451 1431 484 et
1449 445 1723 496 adversarii,
1748 447 1827 497 qui
1847 448 1943 497 qui-

311 516 414 555 dem
434 516 619 566 plurimi
641 515 878 565 extabant,
902 516 948 554 in
970 516 1095 555 viam
1117 515 1310 555 redeunt
1333 522 1376 555 et
1398 516 1531 556 nobis
1552 517 1813 567 placantur.

390 586 576 636 Scripsi
592 586 794 625 breviter
814 587 868 625 de
879 587 1127 636 fratribus
1150 586 1331 626 uostrl's
1351 590 1394 625 et
1415 586 1631 626 le‘teram‘o
1660 587 1787 627 ludo.
1820 587 1938 627 Reli-

310 669 451 708 quum
473 664 541 696 est
562 664 609 696 ut
626 657 788 707 paucis
805 657 957 696 dicam
975 657 1189 706 fructum,
1210 657 1288 708 qui
1310 657 1356 696 in
1372 657 1541 697 animis
1560 657 1839 697 adiuvandis
1857 670 1939 709 per

310 728 472 767 Patres
494 734 562 767 est
583 734 844 778 perceptus,
868 729 945 779 qui
967 728 1153 778 quidem
1175 734 1315 776 certe,
1339 734 1388 767 ut
1409 728 1454 767 in
1472 728 1594 767 hanc
1611 734 1716 767 sunt
1732 729 1933 779 ingressi

309 798 484 847 urbem,
509 809 557 838 se
579 805 701 838 totos
722 800 1041 848 contulerunt,
1066 805 1109 838 et
1131 799 1189 839 ad
1218 798 1539 838 confessiones
1568 799 1848 847 audiendas,
1881 801 1944 838 ad

308 870 489 908 animos
510 869 699 908 coelesti
720 881 839 920 pane
868 869 1159 919 reficiendos,
1190 875 1287 908 tum
1319 869 1378 908 ad
1405 869 1655 909 conciones
1684 870 1939 917 habendas,

306 952 423 991 quas
446 940 659 991 equidem
679 946 722 979 et
744 940 790 979 in
811 946 970 979 nostro
993 941 1178 991 templo,
1203 947 1247 979 et
1266 940 1312 979 in
1331 939 1641 989 xenodochio,
1662 947 1705 980 et
1723 941 1769 980 in
1787 944 1941 980 custo-

307 1011 404 1060 dia,
427 1011 551 1062 apud
571 1012 713 1061 vulgo
737 1017 930 1050 vocatas
962 1022 1239 1059 conversas,
1275 1022 1447 1061 magno
1475 1011 1626 1050 studio
1655 1023 1941 1062 prosequun-

307 1089 396 1121 tur.
417 1081 733 1132 Quorumdam
751 1081 1068 1121 confessiones
1086 1082 1330 1131 generales
1348 1083 1534 1122 auditae
1552 1088 1674 1133 sunt,
1691 1081 1814 1133 quod
1830 1093 1943 1122 sane

307 1153 481 1192 factum
516 1158 585 1192 est
613 1152 818 1192 maxima
853 1152 1186 1203 poenitentium
1215 1152 1412 1192 utilitate
1447 1161 1491 1193 et
1520 1153 1854 1193 consolatione·
1891 1153 1940 1192 In

306 1229 466 1263 nostro
487 1223 657 1274 templo
679 1222 875 1262 habetur
897 1223 1061 1262 concio
1094 1223 1317 1263 mediocri
1344 1231 1576 1263 conventu
1605 1230 1648 1263 et
1675 1223 1938 1274 frequentia

305 1306 360 1334 ac
382 1294 658 1344 praesertim
687 1299 1031 1345 matronarum,
1061 1294 1107 1333 in
1134 1295 1299 1346 quibus
1329 1302 1435 1334 sunt
1469 1307 1587 1346 quae
1618 1296 1782 1346 procul
1813 1295 1939 1334 habi-

304 1371 419 1414 tant,
446 1376 501 1404 ac
524 1365 695 1404 omissa
718 1365 963 1414 concione,
995 1376 1113 1416 quae
1142 1365 1188 1404 in
1216 1377 1396 1405 summo
1426 1366 1622 1406 habetur
1653 1366 1848 1416 templo,
1883 1365 1941 1405 ad

304 1447 388 1475 nos
410 1436 671 1486 confluunt.
697 1436 747 1475 In
769 1436 896 1475 omni
917 1435 1060 1486 quasi
1078 1436 1301 1475 concione
1323 1436 1577 1476 incitantur
1599 1436 1845 1476 christiani
1880 1436 1940 1475 ad

304 1513 707 1546 sacramentorum
730 1518 877 1545 usum.
897 1506 1080 1546 Etenim
1098 1506 1142 1546 in
1162 1507 1251 1546 hac
1268 1507 1380 1546 urbe
1398 1507 1550 1557 potius
1567 1507 1691 1547 soliti
1707 1511 1821 1546 suut
1838 1518 1940 1547 sese

302 1578 468 1616 dedere
490 1577 591 1616 aliis
612 1577 797 1628 pietatis
819 1576 993 1626 officiis,
1018 1577 1236 1616 nimirum
1258 1578 1570 1629 eleemosynis
1600 1585 1643 1617 et
1674 1578 1939 1618 huiusmodi

303 1648 606 1688 humanitatis
628 1648 818 1695 meritis,
844 1659 984 1698 qnam
1016 1648 1201 1687 animos
1229 1648 1606 1698 consessiom'bns
1632 1660 1686 1687 ac
1715 1660 1826 1688 vero
1858 1661 1938 1688 au-

302 1719 523 1769 gelorum
539 1724 665 1769 pane
686 1719 873 1767 reficere
895 1718 1124 1768 alereqnc.
1149 1718 1339 1758 Plurimi
1360 1731 1515 1759 rerum
1543 1719 1810 1759 divinarum
1839 1731 1938 1770 per-

303 1790 518 1835 studiosi,
549 1796 646 1828 tam
676 1789 766 1828 viri
795 1801 935 1840 quam
962 1789 1216 1838 foeminae,
1248 1796 1419 1829 octavo
1449 1801 1630 1841 quoque
1663 1790 1735 1830 die
1764 1790 1939 1830 Christi

301 1861 403 1900 Iesu
426 1871 654 1909 mensam,
680 1860 969 1900 confessione
992 1868 1266 1911 praecunte,
1293 1862 1477 1911 adeunt,
1502 1873 1557 1901 ac
1578 1862 1625 1901 in
1645 1861 1772 1901 feriis
1794 1861 1934 1901 Nata-

303 1932 360 1971 lis
381 1932 612 1971 Dominici
634 1931 772 1970 valde
794 1943 1016 1971 numerus
1047 1944 1222 1982 eorum,
1257 1933 1335 1983 qui
1365 1933 1527 1972 sordes
1558 1938 1858 1984 peccatorum
1888 1933 1937 1971 sn

302 2002 403 2042 vita
425 2006 695 2041 contractas
717 2002 1009 2041 confessione
1037 2009 1081 2042 et
1109 2004 1235 2042 luctu
1263 2004 1443 2053 eluunt,
1473 2003 1589 2043 adeo
1620 2003 1856 2054 adcrevit,
1890 2010 1939 2043 ut

302 2074 490 2125 plurimi
511 2086 537 2112 a
558 2073 691 2112 nobis
712 2073 984 2112 recederent
1005 2073 1120 2123 alio,
1145 2085 1251 2113 cum
1280 2080 1345 2113 tot
1378 2074 1516 2113 rebus
1547 2073 1765 2124 gerendis
1794 2074 1938 2125 impli-

304 2145 397 2184 cati
419 2177 426 2194 ,
466 2155 625 2184 eorum
662 2144 827 2183 studiis
864 2144 1057 2195 obsequi
1092 2156 1183 2183 non
1218 2155 1475 2195 possemus.
1513 2144 1689 2184 Diebus
1722 2144 1941 2196 profestis

304 2227 486 2266 semper
509 2215 690 2266 aliquae
712 2214 868 2253 cis-vini
885 2214 1042 2253 cultus
1062 2218 1106 2254 et
1127 2227 1243 2254 suae
1264 2215 1439 2255 salutis
1462 2216 1749 2267 percupidae
1771 2223 1937 2256 matro-

304 2299 391 2326 nae
422 2287 467 2326 in
494 2286 664 2337 templo
693 2291 852 2325 nostro
884 2286 951 2325 rei
978 2285 1165 2325 divinae
1200 2286 1429 2326 intersunt
1459 2299 1513 2326 ac
1542 2287 1715 2327 Christi
1746 2299 1940 2338 corpore

303 2358 588 2407 reficiuntur3
615 2362 658 2396 et
681 2357 768 2395 hae
791 2356 975 2407 quidem
998 2357 1042 2395 in
1066 2356 1163 2396 dies
1186 2363 1430 2407 augentur.
1454 2358 1635 2397 Etenim
1663 2358 1751 2397 hae
1772 2363 1940 2398 matro-

304 2440 406 2478 nae,
430 2440 545 2479 puro
569 2427 808 2477 religionis
831 2438 989 2466 amore
1012 2427 1246 2475 incensae,
1270 2428 1511 2478 piscantur
1534 2428 1651 2468 alias
1681 2433 1724 2468 et
1746 2428 1939 2479 capiunt

305 2500 450 2539 divini
471 2499 601 2538 verbi
623 2499 813 2547 retibus,
838 2501 881 2537 et
903 2498 989 2536 lerze
1009 2502 1112 2537 arte
1135 2506 1301 2549 captae
1324 2511 1576 2550 numquam
1607 2500 1792 2550 qzm'dem
1815 2511 1937 2539 recc-

305 2572 431 2610 dunt.
456 2569 594 2621 Apud
616 2580 872 2609 conversas
889 2569 1397 2619 uberrimusfmzdl'tnr
1411 2570 1602 2620 fructus,
1622 2582 1715 2610 non
1733 2570 1872 2610 modo
1891 2570 1937 2609 in

307 2643 378 2681 his
402 2641 630 2689 foeminis,
656 2652 773 2691 quae
795 2640 841 2679 in
864 2640 940 2679 illo
973 2641 1257 2680 monasterio
1279 2642 1426 2680 vitam
1453 2640 1650 2691 degunt,
1680 2652 1797 2691 quae
1823 2652 1938 2680 sane

303 2714 352 2751 sn
379 2711 637 2751 vl'l'lm‘l'bns
664 2710 835 2761 optime
869 2722 969 2749 sese
996 2711 1192 2753 hahens.-
1214 2712 1295 2751 sed
1318 2718 1360 2751 et
1388 2712 1433 2751 in
1465 2712 1693 2761 externis,
1727 2711 1804 2763 qui
1826 2712 1937 2751 illud

306 2784 530 2833 templum
551 2793 604 2820 ac
625 2782 814 2820 domum
836 2781 1146 2832 frequentant.
1172 2781 1400 2832 Quoniam
1417 2782 1463 2821 in
1480 2782 1797 2832 concionibus,
1817 2794 1936 2833 quae

304 2854 396 2893 illic
430 2864 766 2903 saepenumero
806 2852 1048 2901 habentur,
1087 2860 1275 2903 propter
1311 2852 1400 2892 loci
1435 2852 1826 2901 commoditatem,
1868 2858 1937 2892 est

307 2935 480 2973 magna
502 2923 742 2962 hominum
763 2921 1038 2973 frequentia,
1073 2928 1116 2961 et
1145 2922 1426 2962 confitentur
1453 2923 1593 2963 etiam
1626 2929 1669 2962 et
1698 2923 1937 2974 excipiunt

306 2994 531 3034 Sanctum
554 2993 727 3034 Christi
748 3004 917 3043 corpus
939 2999 1005 3032 tot
1027 2999 1106 3032 aut
1128 2993 1297 3044 plures,
1323 3005 1463 3044 quam
1484 2994 1530 3032 in
1556 3000 1718 3034 nostro
1747 2994 1934 3044 templo.
