2080 3392
232 159 300 197 158
738 160 963 196 LITTERAE
990 170 1347 202 QUADRmffisTaEs

227 256 376 296 iunxit
396 262 444 296 ut
465 256 581 296 haec
603 262 756 296 tecum
772 255 1004 295 conferret
1026 261 1070 295 et
1092 256 1267 306 aliquot
1288 256 1480 296 idoneos
1496 262 1685 296 nostrae
1703 256 1855 297 Socie-

228 327 338 366 tatis
358 326 597 377 operarios
617 327 868 377 impetrare
890 332 1153 376 conaretur,
1173 327 1250 378 qui
1272 327 1512 366 variarum
1533 327 1751 367 domuum
1773 339 1856 378 per

228 397 497 436 universum
517 396 701 437 Siciliae
722 407 919 446 regnum
938 396 1239 436 fundamenta
1261 397 1487 448 iacerent,
1518 403 1561 437 et
1589 398 1636 437 in
1665 398 1857 438 urbibus

227 468 476 519 praecipue
498 467 829 506 celebrioribus
849 466 1132 507 Societatem
1152 474 1484 519 propagarent.

305 537 518 577 Pluribus
540 537 641 576 aliis
662 536 714 576 R.
749 536 797 576 P.
828 536 1006 577 Natalis
1033 537 1119 589 piis
1151 538 1368 589 operibus
1397 545 1466 578 est
1494 546 1774 590 occupatus,
1809 540 1854 578 in

230 608 395 659 quibus
424 607 511 647 Dei
539 608 703 647 favore
724 615 768 647 et
795 607 1013 659 Proregis
1041 609 1213 648 auxilio
1241 608 1507 649 felicissime
1538 609 1849 661 progreditur.

308 679 357 718 In
387 678 692 718 renovatione
722 679 979 718 studiorum
1006 679 1157 730 coepit
1189 680 1416 719 hebraeas
1445 680 1605 720 literas
1631 679 1853 731 profiteri,
1899 709 1902 711 ψ

228 750 273 789 in
294 761 385 800 qua
406 749 623 797 lectione,
653 750 790 789 nullis
819 750 1018 800 negotiis
1049 751 1275 790 hactenus
1303 750 1595 801 intermissa,
1627 750 1858 802 frequenti

229 820 343 860 satis
365 819 594 860 auditorio
616 827 900 871 perseverat.
926 820 997 861 EX
1017 821 1308 861 auditoribus
1329 821 1496 872 ipsius,
1522 822 1612 861 duo
1645 828 1752 861 sunt
1783 821 1861 861 do—

229 899 382 931 ctores
413 891 639 942 theologi,
675 902 795 930 unus
830 892 1105 940 saecularis,
1136 892 1252 931 alter
1284 891 1627 942 dominicanus,
1661 898 1855 942 uterque

230 961 389 1013 magni
410 962 609 1002 nominis
626 962 671 1001 in
688 963 776 1002 hac
794 963 997 1002 civitate.
1019 962 1333 1003 Concionatur
1350 963 1510 1003 diebus
1531 962 1663 1003 festis
1684 963 1731 1002 in
1747 962 1857 1002 Divi

231 1033 425 1072 Antonii
445 1044 618 1083 magno
636 1033 887 1083 hominum,
908 1046 999 1073 non
1018 1035 1166 1074 solum
1182 1035 1444 1074 tenuiorum
1461 1034 1543 1074 sed
1559 1034 1853 1083 nobiliorum,

235 1115 482 1143 concursu.

310 1174 399 1215 Pro
430 1175 765 1215 consuetudine
786 1188 813 1215 a
835 1176 967 1216 nobis
994 1176 1223 1216 hactenus
1254 1177 1524 1227 observata,
1555 1177 1601 1216 in
1628 1177 1856 1227 principio

231 1246 551 1286 renovationis
572 1246 831 1286 studiorum
851 1247 1076 1298 Magister
1097 1247 1328 1299 Rogerius
1348 1248 1541 1287 latinam
1569 1247 1730 1287 habuit
1759 1259 1860 1286 ora—

231 1317 406 1356 tionem
426 1328 585 1357 coram
606 1317 883 1367 magistratu
905 1324 948 1358 et
970 1319 1126 1358 multis
1145 1319 1374 1359 nobilibus
1396 1330 1450 1358 ac
1474 1318 1709 1369 primariis
1730 1317 1861 1367 viris,

232 1387 369 1438 idque
400 1387 487 1428 Dei
513 1388 669 1439 gratia
700 1399 871 1439 magno
900 1389 1105 1428 omnium
1139 1390 1381 1440 applausu.
1415 1388 1645 1429 Postridie
1672 1399 1862 1440 praece-

234 1465 390 1509 ptores
412 1470 520 1499 suas
540 1460 764 1498 lectiones
786 1460 1001 1509 aggressi
1023 1466 1142 1510 sunt,
1166 1461 1212 1499 in
1233 1461 1398 1512 quibus
1421 1460 1666 1510 diligenter
1699 1466 1741 1499 et
1770 1459 1865 1505 seli-

235 1530 350 1570 citer
369 1530 747 1581 progrediuntur,
771 1530 990 1570 adhibitis
1012 1531 1161 1571 solitis
1182 1532 1501 1582 epistolarum,
1526 1531 1790 1570 orationum
1821 1536 1866 1570 et

236 1612 456 1641 versuum
477 1601 726 1651 exercitiis,
746 1613 803 1641 ex
826 1602 990 1653 quibus
1008 1609 1231 1653 quantum
1248 1602 1427 1642 fructus
1445 1610 1488 1641 et
1511 1601 1722 1641 utilitatis
1740 1612 1864 1640 ema-

235 1677 312 1711 net
333 1672 536 1723 quotidie
557 1673 708 1723 magis
729 1673 1024 1723 percipimus.
1048 1672 1294 1712 Profitetur
1325 1673 1485 1713 literas
1513 1683 1737 1723 graecas,
1773 1683 1866 1711 ma-

235 1754 330 1793 gna
365 1743 698 1794 discipulorum
732 1743 991 1795 frequentia
1026 1744 1351 1795 profectuque,
1382 1743 1607 1794 Magister
1638 1743 1862 1793 Angelus,

237 1825 373 1866 quem
404 1813 618 1854 Messana
648 1826 806 1854 secum
839 1814 888 1854 P.
925 1814 1105 1855 Natalis
1135 1815 1342 1855 adduxit.
1376 1814 1465 1854 Pro
1496 1826 1624 1854 more
1652 1814 1869 1864 collegio-

237 1896 340 1924 rum
360 1883 610 1925 Societatis
640 1885 853 1936 discipuli
875 1886 1070 1936 singulis
1092 1886 1327 1925 mensibus
1356 1885 1648 1933 confitentur,
1680 1885 1869 1936 quidam

237 1956 437 2007 saepius.
457 1956 794 2007 Praeceptores
811 1957 922 1996 dant
945 1968 1135 2007 operam
1156 1963 1204 1996 ut
1225 1968 1316 1996 non
1339 1957 1491 1996 minus
1514 1956 1573 1996 ad
1595 1956 1869 2007 religionem

238 2038 377 2078 quam
397 2027 618 2067 scientias
639 2028 940 2067 humaniores
962 2026 1284 2067 informentur.

317 2097 428 2147 Sed,
461 2104 509 2137 ut
531 2099 590 2138 ad
611 2110 685 2145 ea,
709 2110 827 2149 quae
849 2099 894 2138 in
916 2098 1112 2138 ecclesia
1135 2098 1267 2148 fiunt,
1301 2099 1524 2138 exercitia
1553 2105 1861 2147 revertamur,

239 2169 464 2219 magister
484 2169 684 2208 Michael
704 2169 907 2209 Botellus
930 2170 1125 2220 singulis
1146 2169 1389 2208 dominicis
1417 2169 1737 2218 concionatur,
1770 2179 1866 2207 cre-

240 2246 397 2279 scente
418 2240 463 2278 in
487 2239 585 2279 dies
605 2240 843 2279 hominum
867 2251 1112 2288 concursu,
1136 2240 1386 2290 praecipue
1409 2239 1652 2289 nobilium,
1678 2250 1784 2278 cum
1804 2239 1871 2278 vi-

240 2322 418 2359 rorum,
443 2316 538 2349 tum
566 2302 832 2361 mulierum3
862 2316 929 2359 et,
962 2316 1011 2352 ut
1041 2311 1190 2360 signis
1217 2310 1404 2349 minime
1435 2309 1644 2349 obscuris
1674 2309 1867 2360 percipi-

240 2393 356 2431 mus,
381 2381 560 2421 cunctis
580 2381 782 2420 maxime
804 2380 1051 2420 satisfacit:
1076 2392 1197 2420 nunc
1220 2381 1342 2420 enim
1364 2382 1520 2432 plures
1543 2380 1781 2420 confluunt
1812 2379 1870 2419 ad

241 2451 505 2501 conciones,
528 2451 749 2490 lectiones
770 2450 1010 2491 doctrinae
1032 2451 1333 2501 christianae,
1355 2451 1660 2491 confessionis
1682 2457 1726 2490 et
1750 2462 1871 2489 com-

243 2522 474 2562 munionis
508 2529 826 2571 sacramenta‚
864 2533 1002 2573 quam
1035 2521 1262 2561 hactenus
1298 2533 1517 2573 unquam.
1555 2521 1604 2560 In
1639 2521 1870 2560 nonnullis

243 2593 383 2632 etiam
404 2592 700 2632 monasteriis
721 2592 964 2632 mulierum
984 2604 1318 2643 nonnunquam
1352 2592 1672 2641 concionatur,
1706 2591 1871 2642 quibus

243 2666 466 2714 quantum
488 2663 787 2702 iucunditatis
808 2669 851 2702 et
880 2663 1093 2702 utilitatis
1115 2662 1300 2713 afferat,
1325 2662 1532 2702 indicant
1564 2661 1872 2701 creberrimae

242 2745 405 2785 preces
426 2740 469 2773 et
490 2734 624 2785 quasi
645 2733 957 2784 quotidianae,
988 2733 1154 2784 quibus
1186 2733 1473 2773 contendunt
1506 2738 1554 2772 ut
1586 2732 1873 2783 frequentius

245 2805 331 2844 sibi
352 2805 667 2844 concionetur.
691 2804 737 2844 Si
758 2806 914 2855 plures
932 2804 1005 2843 hic
1028 2803 1322 2853 haberemus,
1347 2805 1424 2855 qui
1448 2802 1758 2843 concionandi
1779 2814 1877 2841 mu·

245 2887 331 2915 nus
354 2874 480 2914 obire
510 2880 719 2926 possent,
745 2874 1085 2914 ardentissimis
1107 2874 1308 2925 plurium
1337 2873 1731 2914 monasteriorum
1758 2873 1876 2912 desi-

246 2944 384 2985 deriis
405 2943 803 2984 satisfaceremus:
827 2956 1011 2994 verum,
1036 2944 1158 2995 quod
1180 2956 1323 2995 opera
1344 2956 1439 2984 non
1461 2955 1730 2996 possumus,
1765 2943 1871 2982 libe-
