2080 3392
265 180 336 217 592
774 178 1001 215 LITTERAE
1027 187 1384 220 QUADRIMESTRES

915 627 1260 683 CCLXXXI

339 856 383 892 P.
404 855 630 893 Arnoldus
649 855 825 893 Hezeus

383 921 504 958 Patri
523 920 692 968 Ignatio
712 921 765 958 de
784 920 972 969 Loyola.

430 987 642 1032 Lovanio‚
662 986 708 1023 23
726 986 894 1034 Aprilis
912 986 1004 1024 1554
1025 987 1049 1022 ¹.

1017 1247 1114 1289 IHS

344 1478 444 1519 Pax
482 1479 555 1519 X.i
597 1487 641 1519 et
681 1480 782 1519 scti.
823 1479 957 1531 Spus.
995 1478 1273 1520 confortatio
1310 1489 1492 1530 semper
1527 1478 1716 1529 impleat
1755 1479 1899 1519 corda

265 1557 440 1591 nostra.

344 1621 614 1674 Scripturus
642 1634 718 1673 ea,
752 1634 870 1673 quae
906 1622 1229 1673 proximorum
1263 1628 1463 1672 quatuor
1497 1621 1726 1661 mensium
1760 1620 1896 1660 inter-

263 1694 388 1733 vallo
409 1693 484 1733 hic
506 1700 611 1733 acta
634 1700 759 1741 sunt,
784 1693 891 1733 hinc
913 1693 1002 1733 duo
1024 1693 1290 1744 praecipue,
1315 1704 1407 1732 non
1439 1692 1531 1731 levi
1556 1690 1899 1743 praetereunda

264 1775 420 1814 cursu,
444 1764 697 1804 illabuntur
718 1765 873 1804 animo
895 1775 1013 1804 meo:
1037 1765 1248 1813 alterum,
1274 1775 1331 1803 ne
1347 1763 1573 1814 prolixius
1590 1763 1636 1802 in
1653 1761 1900 1802 scribendo

261 1847 306 1874 v.
331 1836 602 1885 voluntatis,
623 1836 760 1875 Pater
782 1836 829 1875 in
844 1835 927 1875 X.0
943 1835 1054 1888 Jesu
1078 1835 1328 1875 admodum
1344 1834 1459 1885 Rssle,
1483 1834 1647 1873 videar
1670 1833 1898 1873 excedere

262 1906 450 1957 limites,
486 1907 703 1955 alterum,
731 1918 812 1955 ne,
843 1906 1145 1946 contractiori
1178 1917 1288 1945 usus
1317 1905 1442 1955 stilo,
1472 1905 1624 1944 minus
1653 1904 1899 1944 charitatis

263 1977 516 2028 perfungar
552 1977 715 2017 officio.
750 1977 810 2018 Ut
837 1978 981 2028 igitur
1007 1977 1225 2017 tutiorem
1253 1987 1335 2016 seu
1362 1975 1563 2015 mediam
1591 1975 1894 2014 observemus

262 2048 410 2097 viam,
437 2049 482 2088 in
509 2055 604 2088 tres
631 2049 886 2100 particulas
915 2048 1121 2089 omnium
1150 2054 1340 2088 actuum
1367 2052 1637 2086 nostrorum
1669 2057 1898 2085 summam

264 2119 617 2170 distinguemus.

342 2189 498 2229 Prima
520 2202 693 2230 novam
714 2190 965 2241 quamdam
987 2196 1030 2229 et
1060 2189 1193 2240 quasi
1218 2189 1444 2228 hactenus
1472 2187 1731 2227 inauditam
1762 2188 1899 2227 huius

264 2260 470 2301 civitatis
491 2261 741 2312 explicabit
763 2261 1115 2302 innovationem
1136 2266 1179 2300 et
1200 2259 1599 2311 tranquillitatem;
1622 2258 1686 2298 2³
1706 2258 1898 2298 Patrum

264 2331 365 2371 istis
391 2332 436 2371 in
473 2332 589 2371 locis
623 2332 864 2383 agentium
897 2338 992 2371 tam
1019 2332 1204 2371 labores
1234 2342 1373 2382 quam
1402 2329 1668 2381 spirituales
1697 2329 1895 2369 adducet

263 2402 457 2452 fructus3
480 2402 545 2442 ΒΡ
567 2414 681 2442 vero
704 2403 1069 2443 domesticorum
1090 2408 1263 2442 statum
1283 2400 1521 2441 indicabit.

343 2472 558 2513 Antehac
593 2473 747 2513 visum
781 2485 882 2513 esse
917 2485 1010 2512 non
1045 2479 1235 2512 autumo
1271 2478 1432 2511 nostra
1466 2477 1563 2511 tam
1593 2471 1896 2522 tranquillum

265 2553 404 2594 quam
442 2543 489 2583 in
522 2545 896 2594 praesentiarum
931 2554 1236 2594 progressum
1272 2542 1491 2582 habuisse
1531 2541 1760 2589 instituta;
1805 2553 1898 2580 non

265 2614 387 2654 enim
408 2626 543 2654 secus
565 2625 620 2654 ac
648 2614 685 2653 si
713 2614 896 2654 lethaeo
925 2613 1126 2654 traditae
1154 2619 1309 2653 essent
1339 2612 1538 2661 flumini,
1569 2623 1732 2651 omnes
1759 2623 1898 2651 vexa-

264 2684 414 2724 tiones
448 2690 492 2724 et
527 2690 752 2736 quotquot
791 2684 1185 2724 contradictiones
1222 2689 1301 2723 aut
1336 2681 1658 2722 tribulationes
1693 2693 1898 2733 unquam

265 2755 582 2803 sustinuimUS‚
602 2755 694 2794 iam
717 2754 800 2793 sub
821 2754 1005 2794 silentio
1028 2754 1178 2794 silent.
1199 2752 1371 2794 Omnes
1390 2759 1544 2792 autem
1563 2752 1661 2792 sive
1683 2752 1896 2804 spiritua-

264 2824 331 2863 les
367 2825 465 2864 sive
501 2826 793 2875 saeculares,
830 2831 943 2876 puta
978 2824 1206 2875 dignitate
1242 2824 1397 2875 aliqua
1432 2822 1785 2872 eminentiores,
1819 2829 1898 2862 aut

320 2982 330 3001 1
370 2983 617 3017 Autographae
633 2985 664 3010 in
678 2985 799 3018 duplici
817 2984 906 3017 solio,
922 2992 974 3011 nn.
991 2984 1043 3010 ‘256
1057 2988 1089 3011 et
1105 2985 1166 3011 257.
