2080 3392
821 239 902 277 AN.
934 240 1026 279 1554
1673 242 1747 279 635

101 334 180 385 qui
200 334 338 386 hujus
359 336 426 375 rei
448 347 592 376 causa
614 336 673 377 ad
693 348 779 377 nos
800 337 1050 387 accedunt,
1083 339 1386 390 lubenterque
1409 347 1743 391 cooperatores

101 405 283 457 aliquos
305 406 364 446 ad
384 406 475 448 hoc
497 419 616 459 opus
637 409 979 460 acciperemus,
1002 416 1141 461 prout
1163 409 1259 461 jam
1282 410 1359 450 diu
1380 417 1449 450 est
1470 410 1593 462 quod
1615 423 1641 451 a
1662 422 1739 450 no-

101 483 197 517 stro
217 477 267 517 P.
295 477 580 518 Provinciali
603 477 612 497 ¹
635 479 762 530 ipsos
788 480 1009 532 petimus,
1033 481 1123 521 nisi
1149 482 1408 521 necessitas
1437 482 1743 522 succurrendi

102 547 204 588 aliis
227 548 461 600 domibus,
495 561 613 600 quae
641 551 687 590 in
717 550 916 591 diversis
945 552 1157 603 partibus
1185 551 1462 603 fundantur,
1496 553 1743 604 impediret

101 619 348 670 quominus
369 619 428 660 ad
450 632 537 660 nos
557 621 736 672 possint
767 622 886 662 mitti
917 628 1013 662 tam
1043 622 1296 663 desiderati
1318 622 1627 674 coadjutores.
1651 623 1741 664 Ve-

100 700 206 729 rum
226 690 502 731 confidimus
518 692 644 743 quod
661 691 890 732 Dominus
909 693 986 744 qui
1007 693 1165 734 fideles
1182 705 1293 734 suos
1310 695 1462 745 tangit
1479 701 1523 735 et
1540 706 1742 735 messem

100 766 259 812 parat,
283 773 378 801 non
399 761 605 802 tardabit
626 763 809 803 mittere
833 764 1076 814 operarios
1098 765 1146 804 in
1167 765 1356 805 vineam
1374 777 1521 806 suam.

176 832 311 873 Unde
333 833 489 884 qualia
512 839 556 873 et
578 846 720 886 quam
747 840 911 875 notatu
940 835 1084 886 digna
1112 834 1342 876 Dominus
1371 844 1594 887 operatus
1615 838 1674 878 sit
1695 838 1742 877 in

100 905 353 945 multorum
375 904 643 955 animabus,
668 917 727 945 ex
748 905 956 957 ipsorum
978 906 1197 957 operibus
1220 907 1335 947 satis
1356 908 1405 947 fit
1426 908 1740 959 manifestum;

100 975 481 1028 quandoquidem
526 976 849 1017 concubinarii
894 989 988 1017 non
1029 978 1189 1028 pauci,
1235 978 1387 1029 ipsam
1428 979 1743 1020 damnationis

105 1047 234 1087 viam
254 1047 508 1097 fugientes,
533 1048 821 1088 concubinas
842 1059 952 1088 suas
972 1049 1284 1100 reliquerunt;
1318 1062 1372 1090 ac
1404 1063 1589 1090 omnem
1611 1063 1743 1092 occa-

103 1118 282 1158 sionem
306 1117 364 1158 ad
386 1118 474 1158 hoc
495 1119 723 1170 peccandi
754 1130 904 1170 genus
931 1119 1156 1159 redeundi
1181 1120 1494 1171 detestarunt‚
1520 1122 1743 1174 falsisque

101 1189 340 1230 amoribus
371 1189 418 1229 in
447 1200 588 1229 veros
620 1190 942 1241 commutatis,
980 1190 1027 1230 in
1060 1190 1303 1242 frequente
1336 1200 1743 1234 sacramentorum

100 1272 189 1301 usu
209 1266 532 1312 perseverant.
569 1261 775 1313 Eratque
798 1267 929 1301 tanta
954 1261 1224 1313 ignorantia
1250 1263 1351 1302 veri
1374 1264 1420 1303 in
1442 1264 1672 1315 aliquibus
1694 1272 1743 1305 ut

99 1332 418 1372 invenerimus
439 1332 668 1383 quosdam
694 1332 847 1384 pactis
878 1332 1157 1384 quibusdam
1186 1339 1230 1373 et
1268 1334 1633 1386 conditionibus,
1662 1335 1741 1375 fal-

97 1415 199 1444 sam
219 1404 441 1455 pietatem
463 1403 891 1454 praetendentibus,
910 1403 1139 1455 peccandi
1155 1416 1291 1444 usum
1312 1405 1399 1445 sibi
1421 1405 1741 1447 confirmasse.

96 1474 343 1515 Voverant
365 1475 488 1514 enim
511 1475 598 1515 sibi
619 1475 823 1515 invicem
847 1474 1115 1526 juramento
1146 1476 1321 1527 medio,
1352 1476 1593 1527 videlicet,
1622 1478 1741 1529 ipsa,

95 1558 202 1586 cum
224 1546 429 1597 alioquin
451 1546 643 1586 haberet
664 1547 898 1597 maritum,
924 1547 1191 1586 castitatem
1211 1547 1300 1586 nisi
1322 1559 1428 1587 cum
1445 1548 1546 1599 ipso
1567 1560 1742 1589 concu-

93 1617 298 1668 binario;
322 1617 420 1669 ipse
442 1623 599 1657 autem
626 1623 674 1657 ut
701 1629 804 1658 eam
825 1618 1091 1658 institueret
1112 1618 1367 1659 haeredem
1387 1619 1616 1660 bonorum
1638 1632 1744 1660 suo—

98 1699 218 1738 rum3
252 1700 358 1728 cum
394 1688 496 1728 aliis
524 1689 869 1729 conditionibus
896 1689 1089 1740 illicitis,
1120 1689 1310 1730 inimico
1338 1691 1525 1741 generis
1552 1691 1742 1732 humani

95 1760 373 1811 instigante,
393 1771 496 1800 sese
518 1760 722 1800 invicem
744 1760 1065 1812 illaqueantes.
1099 1761 1198 1801 Hos
1224 1761 1454 1801 Dominus
1477 1762 1536 1802 ad
1557 1774 1642 1802 nos
1664 1763 1740 1803 ad-

93 1831 240 1882 duxit,
265 1831 358 1883 qui,
383 1831 585 1882 cognitis
606 1831 844 1872 erroribus
866 1832 976 1883 suis,
1002 1833 1339 1884 poenitentiam
1361 1841 1573 1884 egerunt,
1594 1835 1740 1874 omni-

93 1903 272 1954 busque
294 1902 341 1942 in
362 1902 610 1954 pristinum
640 1909 815 1943 statum
845 1903 1073 1954 reductis,
1098 1910 1269 1944 octavo
1300 1916 1485 1956 quoque
1507 1905 1580 1945 die
1602 1905 1741 1945 confi-

92 1978 248 2013 tentur
268 1979 313 2013 et
334 1974 683 2014 communicant
704 1985 812 2014 cum
832 1986 1006 2026 magno
1029 1981 1072 2014 et
1086 1974 1301 2015 fervente
1322 1976 1564 2027 proposito
1586 1988 1740 2028 perse-

91 2044 304 2085 verandi.
329 2044 424 2085 Alii
447 2045 589 2085 etiam
611 2056 707 2085 non
735 2046 876 2096 pauci
901 2045 991 2085 alia
1023 2046 1252 2097 peccandi
1272 2058 1464 2098 genera,
1487 2048 1629 2098 longo
1651 2059 1739 2088 usu

88 2116 186 2168 jam
202 2117 468 2157 inveterata
485 2123 528 2156 et
541 2117 766 2168 enormia,
792 2118 1094 2169 reliquerunt,
1119 2129 1254 2169 quae,
1274 2119 1383 2169 quia
1406 2119 1598 2170 longum
1615 2125 1738 2160 esset

93 2199 356 2239 recensere,
376 2194 527 2228 taceo.

172 2258 374 2310 Quidam
401 2265 637 2300 mercator
663 2259 800 2311 hujus
828 2260 1006 2312 oppidi,
1041 2260 1139 2312 jam
1168 2268 1423 2313 provectae
1451 2262 1635 2313 aetatis,
1664 2262 1737 2303 his

93 2330 256 2370 diebus
278 2330 450 2382 elapsis
471 2332 673 2371 accessit
693 2331 753 2371 ad
781 2343 867 2372 nos
894 2337 944 2372 ut
971 2332 1270 2372 confiteretur
1296 2339 1493 2384 peccata
1516 2345 1616 2384 sua,
1642 2334 1735 2385 qui,

93 2402 213 2441 inter
235 2401 327 2441 alia
342 2407 539 2452 peccata
557 2413 656 2452 sua,
676 2403 929 2443 multorum
945 2403 1068 2443 bona
1085 2403 1211 2454 apud
1228 2415 1276 2443 se
1295 2402 1462 2454 injuste
1480 2403 1734 2455 detinebat,

91 2472 156 2512 ita
177 2479 228 2512 ut
247 2472 588 2523 restitutiones,
612 2473 779 2524 quibus
801 2473 1030 2514 obnoxius
1052 2480 1176 2525 erat,
1201 2474 1482 2514 excederent
1503 2487 1737 2515 summam

93 2543 217 2584 mille
235 2543 528 2594 ducatorum,
549 2556 576 2584 a
592 2544 736 2595 longo
755 2550 979 2596 tempore,
1000 2545 1088 2585 hoc
1105 2552 1189 2596 est,
1209 2546 1379 2586 abhinc
1397 2546 1566 2597 viginti
1583 2546 1733 2598 annis,

92 2614 369 2655 debitorum.
394 2614 515 2655 Huic
543 2615 590 2655 in
620 2615 724 2667 ipsa
754 2617 1048 2657 confessione
1079 2618 1144 2657 ita
1175 2617 1327 2657 illuxit
1356 2617 1586 2657 Dominus
1607 2624 1651 2657 et
1672 2618 1736 2658 ita

91 2685 192 2737 ejus
213 2686 495 2738 praecordia
516 2687 761 2737 percussit,
782 2693 831 2727 ut
849 2687 896 2727 in
913 2689 1074 2739 largas
1090 2699 1403 2740 prorumpens
1419 2688 1674 2728 lachrimas
1691 2695 1737 2729 et

89 2757 308 2809 gemitus,
343 2757 550 2808 seipsum
575 2757 789 2808 graviter
819 2758 1071 2810 increpans
1101 2759 1225 2810 quod
1254 2759 1482 2800 hactenus
1513 2771 1606 2799 non
1636 2766 1732 2799 tan-

91 2840 231 2880 quam
252 2828 538 2868 christianus
559 2827 640 2868 sed
661 2828 783 2869 sicut
803 2840 1019 2881 paganus
1046 2830 1242 2881 vixerit,
1273 2836 1323 2870 ut
1352 2831 1435 2870 vix
1457 2831 1736 2871 consolatio-

88 2911 196 2940 nem
217 2900 275 2940 ab
296 2900 397 2952 ipso
419 2898 711 2940 confessario
733 2900 949 2952 accipere
971 2902 1131 2952 vellet,
1156 2901 1230 2941 cui
1250 2901 1373 2942 bona
1395 2914 1479 2942 sua
1501 2902 1665 2942 obtulit
1685 2908 1734 2942 ut

145 3060 155 3080 ¹
194 3060 230 3087 P.
246 3061 418 3088 Antonius
431 3061 470 3088 de
486 3062 610 3090 Araoz.
