2080 3392
787 208 868 246 AN.
900 207 990 247 1554
1642 211 1710 246 707

71 304 191 344 dico.
215 302 306 344 Sed
327 315 440 344 sane
460 306 564 356 plus
586 312 656 346 est
676 318 817 358 quam
838 307 979 347 scribi
1004 307 1174 358 possit,
1206 318 1290 346 nec
1324 307 1609 348 mediocrem
1632 319 1710 347 no-

71 376 140 415 bis
161 374 376 415 omnibus
398 375 532 416 affert
558 389 651 416 una
672 389 777 418 cum
807 378 980 429 gaudio
1009 377 1369 418 admirationem
1396 378 1545 430 plebis
1575 377 1712 429 hujus

71 446 258 486 devotio
280 451 326 486 et
347 457 461 497 erga
482 459 557 487 res
579 447 764 489 divinas
793 448 998 499 affectio,
1029 460 1169 500 quam
1189 455 1232 489 et
1255 457 1456 489 externa.
1473 461 1616 500 opera
1639 449 1710 489 616-

72 523 321 567 11105113111,
345 524 410 567 et,
434 518 724 559 internorum
755 528 966 560 motuum
993 520 1191 567 conscii,
1224 520 1517 561 confessores
1554 526 1712 561 tacere

72 601 164 628 non
191 596 402 640 possunt.
439 589 489 629 In
518 596 651 630 tanta
676 591 970 631 multitudine
1001 592 1236 631 excellunt
1263 598 1420 632 tamen
1451 592 1641 644 quidam
1670 599 1714 632 et

74 660 328 711 praecipua
359 661 561 712 quadam
594 662 768 713 pietate
807 662 1106 714 praefulgent
1138 663 1228 703 viri
1261 670 1306 703 et
1339 665 1581 714 mulieres,
1620 665 1712 716 qui,

74 743 181 771 cum
200 732 247 771 in
267 732 441 772 mundo
463 733 576 783 sint,
602 733 658 773 de
680 734 853 774 mundo
871 740 1028 774 tamen
1056 734 1147 774 dici
1175 746 1268 774 non
1295 741 1504 786 possunt.
1530 735 1715 775 Etenim

74 803 231 843 carnis
253 809 296 843 et
318 805 495 844 saeculi
514 805 854 855 blandimenta,
880 817 1012 857 opes,
1036 805 1270 857 fortunas,
1295 818 1344 846 se
1366 807 1564 858 denique
1589 810 1716 858 ipsos

75 886 130 914 ac
152 886 237 914 sua
258 875 415 914 omnia
436 875 500 915 ita
522 888 635 927 prae
656 876 757 916 Deo
779 877 960 928 Deique
981 877 1159 917 honore
1181 878 1447 929 negligunt,
1468 885 1516 917 ut
1533 878 1718 929 quoties

75 958 192 997 opus
226 946 305 997 sit,
338 947 516 987 nullam
546 948 638 987 sint
664 948 833 988 horum
859 948 1063 988 habituri
1098 949 1346 989 rationem.
1380 949 1516 1000 Quod
1546 961 1717 1001 nequa-

74 1029 215 1068 quam
244 1017 471 1068 dicerem,
494 1018 585 1058 nisi
614 1030 665 1058 re
692 1019 794 1070 ipsa
815 1019 951 1058 nobis
979 1026 1270 1070 compertum
1297 1020 1343 1060 id
1371 1020 1504 1060 foret.
1532 1020 1720 1061 Nullum

75 1088 198 1128 enim
233 1100 351 1139 opus
380 1089 575 1139 bonum,
606 1090 730 1141 quod
764 1090 864 1130 sive
898 1090 1008 1141 ipsi,
1048 1090 1165 1130 duce
1200 1090 1378 1142 Spiritu
1407 1091 1597 1137 Sancto.
1635 1103 1720 1131 sua

76 1166 240 1212 sponte
264 1161 421 1200 animo
450 1161 771 1212 conceperint,
802 1161 902 1201 sive
924 1173 951 1200 a
971 1161 1183 1212 patribus
1210 1163 1386 1202 nostris
1418 1163 1721 1202 commissum

76 1232 165 1272 illis
186 1232 346 1282 fuerit,
371 1238 451 1272 aut
473 1232 615 1272 etiam
637 1238 896 1283 ostensum,
919 1233 1297 1284 praetermittere
1329 1234 1517 1273 omnino
1539 1235 1718 1274 volunt.

76 1304 145 1343 Ita
167 1310 212 1343 et
232 1315 465 1355 pauperes
487 1303 734 1355 adjuvant,
758 1311 802 1344 et
824 1310 1034 1344 mortuos
1069 1304 1233 1355 inopes
1260 1305 1510 1356 sepeliunt,
1544 1312 1588 1345 et
1619 1317 1722 1357 pec-

77 1380 264 1414 catores
292 1375 351 1414 ad
378 1375 506 1415 Viam
528 1374 736 1426 justitiae
757 1382 1000 1416 revocant.
1029 1376 1087 1416 Et
1116 1376 1280 1427 paucis
1308 1383 1416 1416 ante
1447 1377 1610 1417 diebus
1632 1377 1724 1417 viri

76 1446 190 1496 duo,
215 1446 273 1486 ab
296 1447 370 1486 his
396 1447 636 1497 conversi,
666 1447 713 1487 in
741 1447 1100 1487 admirationem
1127 1447 1198 1487 sui
1225 1448 1498 1488 universam
1520 1448 1642 1488 113116
1664 1449 1723 1488 ci-

79 1518 272 1558 vitatem
300 1524 651 1558 converterunt.
685 1519 832 1558 Erant
862 1518 983 1558 enim
1015 1519 1247 1558 malorum
1279 1520 1487 1559 omnium
1514 1520 1724 1570 insignes

77 1589 281 1629 artifices
305 1596 349 1630 et
372 1590 535 1641 duces,
567 1596 636 1641 ut,
668 1591 707 1630 si
734 1601 852 1642 quas
873 1589 1062 1639 caedes,
1086 1589 1124 1630 si
1146 1589 1271 1642 quod
1303 1590 1427 1630 aliud
1447 1592 1601 1631 scelus
1623 1592 1726 1643 quis

54 1710 57 1712 q
77 1667 260 1712 optaret
281 1660 469 1712 confici,
493 1661 553 1701 ad
574 1661 675 1701 illos
703 1661 992 1712 confugeret.
1024 1661 1244 1701 Mulieres
1272 1674 1406 1712 vero,
1432 1674 1608 1714 eaeque
1632 1674 1724 1702 ma-

78 1744 171 1783 gna
193 1745 251 1772 ex
271 1741 404 1784 parte
425 1733 625 1784 nobiles,
652 1733 774 1773 idem
788 1763 805 1781 ,·
820 1733 1024 1772 maxime
1047 1733 1167 1772 111161·
1198 1734 1484 1784 meretrices,
1507 1746 1658 1786 neque
1681 1734 1727 1773 id

79 1804 278 1854 frustra,
303 1804 486 1844 efficere
508 1810 756 1844 conantur.

159 1875 210 1915 In
232 1876 595 1927 quadragesima
617 1875 815 1926 singulis
837 1875 997 1915 diebus
1018 1881 1088 1915 est
1116 1887 1142 1915 a
1170 1876 1271 1916 R.d0
1293 1876 1342 1916 P.
1368 1877 1518 1917 Otello
1542 1878 1725 1917 concio-

82 1953 265 1998 natum,
288 1947 420 1987 initio
442 1959 525 1999 per
545 1948 722 1999 aliquot
742 1948 841 1987 dies
862 1947 909 1987 in
930 1948 1101 1998 templo
1123 1947 1275 1988 Divae
1292 1948 1495 1999 Mariae,
1519 1948 1642 2000 quod
1659 1955 1729 1988 est

85 2018 160 2058 hic
182 2019 458 2068 maximum;
483 2019 661 2070 reliquo
684 2030 799 2058 vero
831 2025 1041 2070 tempore
1072 2019 1119 2059 in
1150 2026 1333 2067 nostro;
1365 2019 1541 2060 factum
1572 2013 1729 2060 autem

85 2090 196 2130 illud
215 2089 368 2130 fuerat
388 2094 559 2141 rogatu
581 2091 889 2142 magistratus
916 2089 1053 2140 hujus
1075 2090 1301 2139 civitatis,
1335 2097 1583 2143 propterea
1606 2091 1730 2143 quod

85 2161 271 2212 adesse,
295 2162 373 2212 qui
405 2162 664 2202 conductus
695 2162 869 2209 fuerat,
900 2161 1151 2213 impeditus
1180 2162 1304 2202 mala
1335 2163 1605 2203 valetudine
1636 2175 1730 2203 non

86 2238 317 2284 potuerat.
355 2234 438 2273 Est
473 2240 629 2274 autem
663 2233 909 2284 utrobique
944 2233 1073 2272 illum
1108 2234 1329 2273 comitata
1369 2234 1536 2285 ingens
1571 2236 1732 2286 populi

84 2305 356 2355 multitudo,
381 2317 501 2356 quae
523 2316 646 2345 nunc
681 2316 865 2357 quoque
896 2305 1065 2345 dicbus
1095 2304 1224 2344 festis
1254 2317 1309 2345 ac
1340 2305 1586 2346 dominicis
1608 2318 1732 2357 auge

85 2385 158 2417 tur
188 2377 343 2428 potius
373 2389 515 2428 quam
543 2377 798 2427 (1661·65611;
829 2382 877 2416 111
909 2377 1160 2429 plurimum
1192 2377 1316 2416 enim
1350 2377 1414 2417 ita
1445 2378 1633 2429 plenum
1662 2386 1733 2418 est

86 2449 328 2500 templum,
352 2455 401 2488 ut
421 2449 503 2488 vix
523 2449 681 2500 plures
703 2460 872 2499 capere
887 2460 1027 2500 posse
1044 2448 1274 2488 videatur.
1296 2447 1540 2500 Tantoque
1563 2448 1733 2490 affectu

88 2520 283 2560 verbum
305 2519 413 2570 Dei,
437 2519 690 2571 praecipue
716 2520 959 2569 mulieres,
994 2526 1363 2571 prosequuntur,
1387 2526 1458 2569 ut,
1483 2521 1521 2560 si
1543 2522 1733 2572 quando

87 2591 251 2631 morbo
273 2591 428 2643 aliquo
457 2590 582 2631 dorni
611 2591 932 2641 detineantur,
963 2591 1149 2630 mittant
1178 2590 1307 2642 ipsae
1345 2591 1486 2642 alias,
1525 2604 1644 2640 quac
1670 2593 1732 2639 id,

87 2663 211 2714 quod
233 2663 487 2712 audierint,
512 2662 760 2713 diligenter
789 2662 879 2702 illis
907 2661 1129 2702 referant.
1153 2661 1331 2702 Diebus
1353 2668 1510 2702 autem
1530 2664 1732 2713 veneris,

88 2740 193 2785 post
214 2734 590 2774 Resurrectionis
619 2733 813 2783 festum,
846 2733 1180 2773 Ecclesiastem
1211 2732 1476 2774 Salomonis
1506 2734 1628 2774 idem
1650 2734 1735 2775 Pa—

90 2813 159 2845 ter
190 2811 259 2846 est
290 2806 640 2856 interpretatus.
672 2805 736 2845 At
766 2817 879 2845 vero
915 2805 1078 2845 diebus
1111 2804 1243 2845 festis
1273 2811 1318 2845 et
1348 2806 1595 2846 dominicis
1628 2806 1737 2859 Jobi

89 2877 280 2927 librum,
323 2888 460 2928 quem
496 2882 635 2916 antea
671 2876 941 2928 auspicatus
964 2875 1131 2925 fuerat,
1160 2877 1475 2928 prosequitur.
1506 2876 1737 2929 Adjunxit

91 2960 295 3001 quoque,
319 2948 378 2988 ad
399 2947 628 2999 majorem
648 2948 914 2989 auditorum
943 2947 1168 2998 fructum,
1192 2953 1241 2987 ut
1262 2948 1309 2988 in
1331 2949 1529 3000 singulis
1552 2951 1735 2990 concio-

92 3020 229 3060 nibus
251 3020 488 3061 Psalmum
510 3020 710 3072 aliquem
732 3031 838 3059 cum
858 3019 1120 3069 Evangelio
1143 3018 1413 3071 conjungat.
