2080 3392
810 210 892 246 ΑΝ.
926 208 1016 245 1553
1664 203 1736 239 435

92 311 240 361 Deus,
265 309 342 361 qui
358 319 442 361 pro
462 319 547 348 sua
564 306 882 357 investigabili
898 304 1128 356 sapientia
1144 314 1310 343 servos
1327 312 1452 352 suos,
1474 306 1523 341 ut
1540 300 1628 352 ipsi
1644 300 1738 351 pla-

96 382 241 422 citum
264 386 346 430 est,
371 379 540 430 seligit.

176 452 305 493 Abiit
326 451 517 492 tandem
538 450 806 491 Cordubam
826 448 876 488 P.
899 447 1203 496 Franciscus,
1231 445 1309 485 ubi
1337 444 1519 484 celebre
1550 448 1738 483 nostrae

94 523 345 564 Societatis
362 522 622 573 Collegium
643 520 862 572 erigitur;
886 519 998 559 illud
1019 518 1159 558 etiam
1182 517 1304 569 quod
1322 516 1502 556 Baezae
1520 521 1602 564 est,
1624 513 1733 553 reci-

93 607 205 647 pere
241 594 560 644 decrevimus;
605 593 761 644 agitur
795 602 910 630 Vero
946 595 995 629 ut
1029 587 1277 629 Societatis
1311 586 1521 637 Collegia
1555 585 1736 636 Hispali

96 672 235 718 atque
253 665 495 707 Granatae
517 668 864 703 construantur.

176 737 225 778 P.
259 736 560 787 Hieronymis
586 734 768 775 Natalis
793 744 886 773 una
921 739 965 772 et
994 743 1082 782 ego
1113 730 1460 771 Conimbricam
1487 727 1736 779 proficisci-

94 821 213 860 mur,
238 808 329 860 qui,
354 807 551 858 Collegii
571 806 710 846 rebus
726 804 950 845 institutis
971 814 1028 842 ac
1050 802 1190 842 domo
1207 800 1513 852 probationis,
1538 811 1656 850 quae
1675 799 1738 839 ibi

94 887 165 921 est
186 878 492 926 conficienda,
518 878 747 928 absoluta,
771 882 815 916 et
836 874 1060 916 Sanctum
1080 872 1308 921 Felicem,
1333 878 1378 911 et
1400 871 1575 911 Divum
1605 870 1737 923 Jaco-

93 952 205 992 bum
238 951 442 991 invisere
471 954 600 1000 optat
628 954 676 988 ut
702 947 944 998 negotium
971 943 1191 996 expediat
1218 943 1437 993 Collegii,
1468 941 1590 993 quod
1614 942 1661 981 in
1683 953 1736 981 eo

93 1022 227 1063 nobis
249 1028 318 1062 est
349 1020 585 1061 traditum.
619 1020 788 1060 Comes
814 1028 1015 1068 namque
1043 1015 1289 1066 Monterey
1310 1014 1365 1054 iis
1393 1013 1555 1053 diebus
1582 1024 1735 1064 quem-

95 1094 204 1135 dam
225 1106 283 1134 ex
305 1093 400 1133 suis
418 1104 523 1132 cum
544 1091 692 1131 literis
713 1091 773 1131 ad
794 1101 881 1130 nos
902 1087 1160 1129 transmisit
1181 1093 1231 1127 ut
1253 1086 1308 1126 de
1326 1085 1535 1137 Collegio
1558 1091 1736 1125 certum

100 1166 275 1217 aliquid
297 1164 674 1205 constitueretur.

179 1236 228 1277 P.
253 1236 439 1276 interim
460 1234 633 1274 Torres
654 1233 952 1284 Ulissiponae
973 1230 1160 1280 mansit,
1193 1236 1264 1280 ut,
1297 1235 1395 1269 tum
1417 1227 1736 1268 aedificiorum

97 1306 514 1356 absolvendorum,
538 1312 636 1345 tum
658 1305 799 1344 etiam
820 1304 1020 1344 aliarum
1040 1313 1198 1342 rerum
1219 1300 1638 1352 expediendarum‚
1664 1310 1736 1338 cu-

96 1391 201 1419 ram
221 1378 408 1419 habeat.
1120 1413 1133 1421 ,Κ

175 1450 327 1490 Tanto
349 1456 537 1500 tamque
555 1447 745 1499 copioso
767 1446 949 1497 gratiae
971 1456 1083 1484 suae
1105 1444 1279 1484 lumine
1296 1443 1591 1494 omnipotens
1609 1440 1738 1481 Deus

93 1521 379 1562 Societatem
420 1518 696 1568 illustravit,
738 1523 787 1557 ut
833 1517 909 1568 qui
954 1515 1255 1556 adversitatis
1300 1521 1510 1565 tempore
1552 1512 1738 1552 fuerant

96 1593 370 1645 perturbati,
404 1604 528 1632 nunc
563 1590 765 1631 recreati
796 1589 889 1629 iam
923 1600 978 1628 ac
1014 1588 1220 1628 maxima
1249 1587 1297 1626 in
1323 1585 1525 1626 Domino
1561 1584 1738 1624 laetitia

94 1664 262 1715 affecti,
284 1665 330 1704 in
347 1663 594 1705 Societatis
617 1662 801 1702 laudem
820 1661 964 1701 multa
986 1660 1158 1709 dicant,
1179 1658 1333 1699 Deum
1350 1657 1576 1709 optimum
1594 1656 1737 1696 maxi-

91 1748 221 1776 mum
243 1735 587 1784 collaudantes,
612 1733 735 1785 quod
755 1738 853 1772 tam
874 1731 1105 1782 singulari
1132 1730 1381 1782 vigilantia
1410 1741 1467 1769 ac
1489 1728 1737 1768 dilectione

94 1807 377 1848 Societatem
400 1813 443 1846 et
469 1806 698 1856 gubernet
727 1810 772 1844 et
801 1809 990 1855 augeat.
1025 1802 1160 1854 Quod
1180 1808 1279 1842 tum
1300 1800 1359 1841 ad
1381 1801 1556 1841 eiectos
1577 1812 1637 1840 ex
1658 1798 1736 1840 So-

93 1879 286 1929 cietate‚
311 1884 408 1918 tum
431 1878 489 1918 ad
516 1889 620 1927 eos,
645 1876 724 1928 qui
753 1876 1088 1925 discesserunt,
1112 1873 1335 1925 pertinet,
1367 1884 1454 1913 nec
1480 1872 1575 1912 lato
1598 1871 1738 1923 (quod

93 1950 238 1999 aiunt)
261 1961 419 2001 ungue
441 1950 499 1989 ab
520 1949 591 1999 iis,
615 1959 735 1999 quae
756 1947 803 1987 in
823 1947 887 1987 25¹
905 1946 1296 1986 constitutionum
1315 1950 1449 1996 parte
1471 1943 1734 1988 traduntur,

90 2021 397 2071 discedimus,
429 2019 538 2072 quid
570 2019 756 2059 divinus
785 2019 959 2068 cultuS‚
991 2017 1101 2069 quid
1127 2017 1270 2057 etiam
1300 2015 1443 2055 totius
1470 2013 1734 2062 Societatis‚

91 2105 186 2133 non
203 2093 352 2133 solum
371 2091 647 2140 communis,
667 2102 833 2130 Verum
852 2090 993 2130 etiam
1010 2090 1213 2140 privata,
1232 2088 1408 2128 utilitas
1430 2093 1570 2138 atque
1588 2092 1735 2126 exter-

90 2175 260 2204 norum
282 2163 545 2203 aedificatio
567 2163 748 2214 exigat,
774 2162 1141 2202 considerantes.
1171 2160 1324 2200 Deum
1340 2164 1465 2199 certe
1485 2157 1590 2209 Opt.
1610 2157 1735 2197 Max.

92 2241 281 2275 nostros
312 2235 493 2274 animos
515 2246 568 2275 eo
597 2235 765 2274 robore
795 2239 933 2285 atque
967 2232 1233 2273 constantia
1262 2231 1554 2271 firmaturum
1582 2240 1737 2280 spera-

91 2317 221 2356 mus,
245 2311 295 2346 ut
321 2305 630 2345 decernamus
651 2316 727 2354 ea,
761 2316 881 2356 quae
909 2304 954 2344 in
982 2304 1211 2343 maiorem
1231 2302 1303 2342 sui
1323 2301 1525 2342 nominis
1553 2300 1737 2339 laudem

92 2382 310 2427 vergant.
351 2375 485 2416 Nunc
507 2388 620 2416 vero
649 2376 849 2426 benigne
872 2386 986 2426 erga
1008 2387 1088 2415 eos
1104 2386 1190 2414 nos
1205 2385 1371 2425 gerere
1393 2371 1733 2420 constituimus,

92 2448 172 2499 qui
192 2453 353 2487 nostro
376 2447 472 2498 apti
499 2447 670 2486 fuerint
692 2446 918 2486 instituto.

176 2518 408 2559 Dominus
429 2518 594 2558 Petrus
620 2517 925 2558 Mascarefias
951 2518 1118 2558 merito
1150 2516 1360 2569 profecto
1390 2521 1549 2555 noster
1584 2519 1735 2565 potest

91 2591 322 2643 appellari
343 2596 485 2630 tutor.
508 2589 588 2629 Ille
619 2589 743 2629 enim
769 2589 1021 2641 praecipue
1048 2590 1095 2628 in
1125 2600 1270 2628 causa
1290 2588 1375 2627 fuit
1396 2593 1445 2626 ut
1467 2586 1565 2626 divi
1586 2585 1735 2625 Rochi

89 2662 356 2702 confratres
378 2673 433 2701 ac
455 2661 625 2701 civitas
641 2661 776 2701 nobis
796 2661 990 2713 regique
1011 2667 1055 2700 et
1072 2660 1128 2700 de
1149 2659 1374 2710 erigendo
1392 2658 1588 2708 collegio
1611 2662 1655 2697 et
1677 2657 1733 2697 de

91 2733 322 2773 tradenda
357 2733 453 2772 divi
487 2732 637 2772 Rochi
670 2732 809 2772 domo
845 2732 1165 2772 assentiretur.
1207 2730 1358 2770 Tuam
1395 2729 1732 2769 Paternitatem

91 2802 470 2855 Societatemque
493 2803 821 2843 ardentissimo
844 2814 1003 2842 amore
1024 2802 1335 2853 prosequitur.
1364 2799 1538 2840 Nostra
1563 2800 1732 2839 maiori

91 2881 137 2914 et
158 2887 301 2926 opera
323 2881 367 2914 et
385 2874 628 2925 diligentia
651 2885 791 2925 quam
812 2885 896 2913 sua
919 2874 1032 2925 agit,
1057 2880 1101 2914 et
1121 2873 1168 2913 id
1189 2878 1319 2912 tanta
1342 2883 1447 2912 cum
1468 2871 1660 2922 laetitia,
1684 2877 1732 2910 ut

93 2946 416 2996 gratissimum
438 2946 478 2985 ei
508 2945 759 2995 saciamUS‚
783 2956 889 2984 cum
910 2950 1179 2984 nostrarum
1206 2955 1383 2994 rerum,
1407 2943 1493 2982 etsi
1521 2942 1730 2982 minima-

91 3027 210 3066 rum,
245 3028 407 3057 curam
436 3017 524 3068 ipsi
545 3016 846 3066 iniungimus.
878 3014 1083 3066 Singulis
1104 3015 1312 3055 sabbatis
1346 3014 1594 3065 multisque
1629 3013 1732 3053 aliis
