2080 3392
233 175 303 212 316
744 173 972 210 LITTERAE
999 183 1356 216 QUADmMESTREs

232 271 370 310 butus
392 275 475 320 est,
498 281 808 320 perseverans
824 269 1003 320 spiritu,
1022 275 1211 310 nostrae
1227 269 1450 310 Societati
1465 277 1611 312 totum
1628 273 1869 324 applicare

234 341 393 380 nititur
416 340 636 379 animum.

314 411 470 462 Nuper
490 417 684 461 rogatus
706 410 755 450 P.
779 422 805 450 a
823 411 965 451 nobili
987 411 1188 463 quadam
1206 412 1394 452 domina
1410 412 1466 452 de
1482 412 1648 453 Ffrens
1665 417 1868 466 appella-

234 488 294 529 ta,
315 482 372 521 ob
390 481 706 521 infirmitatem
721 481 892 521 lectulo
909 482 1229 533 decumbente,
1250 483 1296 522 in
1308 483 1403 522 suis
1421 483 1612 524 aedibus
1628 485 1867 526 celebrare

233 558 277 591 et
297 557 595 592 sacramenta
617 551 925 592 confessionis
947 558 991 592 et
1012 552 1336 593 Eucharistiae
1358 553 1444 593 sibi
1466 554 1794 596 administrare
1815 563 1866 596 ut

233 623 530 673 dignaretur,
556 623 753 672 contigit
782 623 1033 675 quamdam
1049 624 1251 663 nobilem
1266 624 1520 675 virginem,
1540 637 1632 665 una
1652 637 1757 666 curn
1772 626 1859 667 Do-

233 694 357 733 mina
379 694 556 738 eadem.
577 694 815 744 suscipere
832 700 1142 742 sacramenta3
1164 706 1283 746 quae
1299 701 1403 745 post
1419 694 1572 735 Patris
1589 696 1862 747 discessum,

233 765 446 804 omnibus
468 765 777 815 audientibus,
802 777 913 805 suae
934 764 1165 805 Dominae
1193 764 1398 805 dicebat:
1433 765 1547 816 Quis
1577 779 1670 806 non
1700 768 1775 807 Vel
1806 769 1865 808 ad

233 835 355 875 mille
374 836 569 875 libenter
590 835 967 886 proficisceretur
987 836 1223 886 milliaria,
1249 836 1308 876 ad
1336 836 1599 876 huiusmodi
1630 839 1863 878 conscien-

232 907 324 946 tiae
345 905 611 946 habendum
632 906 883 946 medicum?
904 906 995 946 Pro
1016 906 1222 946 maxima
1252 907 1448 946 habetur
1475 907 1653 958 gratia,
1688 909 1727 948 si
1756 910 1866 960 quid

233 977 441 1028 obsequii
462 977 597 1017 nobis
619 982 862 1028 praestare
882 978 1092 1027 valeant,
1117 982 1161 1017 et
1181 978 1327 1017 Variis
1359 978 1560 1028 artibuS,
1589 990 1708 1029 quae
1735 991 1865 1020 recu-

232 1048 441 1088 savimus
463 1054 637 1099 aperte,
661 1048 880 1098 ingerere
902 1048 1082 1088 occulte
1097 1048 1366 1088 moliuntur.

312 1118 383 1159 De
403 1119 626 1159 fratribus
650 1125 804 1158 autem
825 1119 914 1158 hoc
935 1130 1079 1158 unum
1108 1119 1285 1170 scriptu
1314 1120 1506 1170 dignum
1535 1128 1712 1161 restare
1739 1122 1865 1161 vide-

235 1196 326 1231 tur:
351 1190 437 1230 hos
457 1196 567 1240 tres,
590 1196 702 1241 puto
727 1189 1007 1240 Magistrum
1028 1189 1386 1241 Theodoricum‚
1411 1191 1688 1242 Magistrum
1709 1192 1864 1232 Marti-

232 1273 343 1301 num
374 1267 417 1301 et
445 1260 674 1313 Joannem
701 1261 756 1300 de
783 1261 922 1309 Tilia,
954 1273 1071 1312 quos
1102 1261 1185 1301 sub
1213 1261 1350 1301 finem
1382 1262 1770 1314 quadragesimae
1806 1264 1866 1304 ad

232 1332 290 1372 V.
323 1331 370 1372 P.
408 1333 633 1378 misimus,
663 1332 954 1382 fragrantem
989 1332 1104 1372 adeo
1132 1333 1275 1372 animi
1310 1334 1380 1373 sui
1408 1334 1452 1373 in
1488 1333 1640 1373 Deum
1665 1334 1866 1375 fervoris

233 1403 357 1454 (quia
387 1410 482 1443 tam
516 1403 787 1454 parentibus
822 1414 962 1454 quam
997 1403 1160 1443 amicis
1194 1404 1425 1444 universis
1459 1405 1722 1445 insalutatis
1757 1405 1865 1446 hinc

232 1474 427 1525 profecti
449 1485 504 1513 ac
527 1474 765 1514 Christum
788 1474 936 1514 secuti
959 1476 1081 1522 sunt)
1111 1474 1156 1514 in
1185 1481 1396 1526 posteros
1423 1477 1561 1527 longe
1586 1477 1771 1528 lateque
1803 1478 1865 1517 di·

231 1551 502 1595 sperserunt
520 1545 725 1594 odorem,
746 1550 795 1584 ut
813 1545 953 1584 etiam
966 1545 1181 1596 patritios
1194 1545 1495 1586 Colonienses
1512 1547 1571 1594 ad
1583 1548 1864 1589 evolandum

232 1616 451 1667 ipsosque
474 1615 761 1667 sequendum
783 1622 1113 1667 provocarent,
1142 1628 1258 1668 quos
1279 1617 1371 1657 iam
1394 1617 1567 1658 dudum
1589 1630 1615 1658 a
1638 1618 1685 1657 P.
1712 1619 1768 1659 V.
1791 1629 1864 1659 ex-

230 1693 390 1738 ceptos
412 1698 671 1738 speramus.
697 1686 877 1726 Verum
905 1693 1129 1738 quantam
1150 1688 1283 1727 nobis
1313 1688 1611 1729 minabantur
1643 1690 1864 1730 obventu-

231 1769 332 1797 ram
355 1758 647 1809 tragoediam
669 1757 751 1797 vix
772 1757 864 1797 dici
885 1764 1059 1809 potest,
1084 1759 1161 1810 qui
1182 1758 1290 1799 hinc
1320 1760 1396 1798 vel
1418 1760 1773 1800 subversionem
1802 1767 1865 1801 to-

230 1829 320 1868 tius
342 1827 593 1869 Societatis
615 1828 938 1876 Hollandicae‚
963 1841 1019 1868 ne
1041 1829 1194 1869 dicam
1218 1830 1444 1880 regionis,
1469 1842 1517 1870 se
1549 1831 1711 1870 timere
1738 1832 1864 1872 iacti-

231 1900 407 1939 tabant.
430 1899 526 1939 Nos
549 1900 691 1939 talem
713 1899 931 1939 iuvenem
951 1899 1229 1951 Magistrum
1250 1900 1614 1951 Theodoricum‚
1639 1902 1775 1942 huius
1796 1915 1864 1942 ar-

231 1971 345 2010 tium
366 1970 603 2010 facultatis
627 1970 850 2020 primaria
872 1970 1143 2011 decoratum
1170 1972 1318 2021 lauro,
1342 1972 1571 2019 moribus,
1599 1973 1720 2012 vitae
1751 1973 1863 2013 inte-

230 2041 416 2091 gritate,
436 2040 707 2081 divitiarum
726 2041 1026 2091 abundantia,
1046 2053 1229 2082 necnon
1247 2049 1440 2082 caterva
1458 2043 1590 2094 quasi
1607 2044 1867 2084 amicorum

235 2112 367 2151 valde
390 2112 697 2161 nobilitatum,
722 2111 893 2152 furtive
915 2112 1160 2163 seducere,
1191 2113 1404 2153 omnibus
1432 2114 1604 2165 insciis,
1629 2126 1864 2165 praesum-

230 2183 393 2233 psisse,
417 2194 613 2233 quorum
636 2182 794 2222 furore
817 2183 940 2233 (quia
961 2183 1129 2234 ubique
1158 2185 1352 2223 multum
1379 2191 1573 2235 possunt
1600 2196 1865 2237 magnaque

232 2253 461 2293 habentur
489 2253 793 2293 auctoritatel
824 2260 919 2293 tam
948 2254 1122 2301 aulam,
1153 2266 1293 2305 quam
1320 2256 1593 2305 quorumvis
1622 2256 1759 2295 huius
1787 2268 1864 2307 pa-

230 2323 347 2363 triae
369 2330 643 2374 magnatum
666 2330 829 2363 contra
851 2335 937 2363 nos
958 2324 1234 2364 excitandos
1255 2326 1538 2365 verebantur
1560 2327 1762 2377 animos;
1783 2327 1865 2366 sed

230 2406 352 2433 nunc
373 2394 586 2434 videntes
607 2394 758 2434 Deum
775 2406 958 2435 omnem
975 2401 1298 2446 tempestatem
1313 2396 1359 2436 in
1377 2397 1641 2437 serenitatis
1659 2403 1863 2437 mutasse

228 2465 633 2516 tranquillitatem,
672 2465 802 2516 quasi
842 2465 887 2505 in
928 2465 1149 2505 barathro
1189 2466 1511 2507 admirationis
1535 2467 1725 2515 detrusi,
1755 2468 1863 2520 quid

230 2535 441 2586 cogitare
462 2536 633 2587 quidve
656 2536 810 2575 dicere
832 2536 996 2585 velint,
1019 2537 1247 2576 nesciunt.

309 2604 438 2645 Deus
458 2606 588 2657 pacis
610 2612 655 2645 et
678 2606 939 2646 dilectionis
956 2612 1142 2646 maneat
1160 2619 1342 2659 semper
1361 2620 1465 2648 cum
1482 2608 1694 2648 omnibus
1711 2608 1861 2648 nobis.

230 2675 399 2715 Amen.
