2080 3392
280 142 351 179 366
790 148 1016 186 LITTERAE
1043 161 1398 193 QUADRIMESTRES

355 240 504 281 Tanta
535 248 604 282 est
634 244 1013 287 adversariorum
1040 249 1134 300 vis,
1157 254 1314 290 tantus
1345 252 1601 294 amicorum
1628 255 1826 307 languor
1856 258 1903 298 in

276 310 450 352 Christi
474 314 681 362 gerendo
709 317 917 368 negotio,
951 323 1000 358 ut
1026 330 1084 358 ne
1116 331 1234 360 unus
1263 322 1449 373 quidem
1479 324 1637 365 hostes
1672 326 1718 366 in
1748 330 1903 380 campi

273 381 511 432 planitiem
531 395 793 434 provocare
812 399 905 427 non
926 389 1247 441 subterfugiat.
1272 391 1390 433 Nam
1416 394 1481 434 illi
1496 426 1504 446 ,
1534 396 1614 447 qui
1645 397 1759 437 satis
1788 404 1903 439 stre-

273 463 362 491 nue
396 459 583 493 nostras
620 455 849 508 principio
883 459 1086 510 agebant
1120 468 1301 514 partes,
1338 463 1430 503 iam
1464 476 1513 505 se
1550 467 1808 508 subducere
1844 481 1901 510 ac

270 522 406 562 silere
435 524 548 564 satis
575 528 939 578 comprobantur
966 536 1051 587 aut·
1072 532 1236 572 saltem
1266 544 1459 574 causam
1487 543 1697 578 nostram
1727 551 1895 597 parum

270 593 409 644 tueri,
434 594 553 635 forte
574 595 907 639 insectatorum
925 606 969 640 et
988 601 1377 644 calumniatorum
1394 605 1573 646 insidiis
1595 613 1639 647 et
1657 608 1902 651 hostilibus

270 663 699 715 impugnationibus
727 669 933 710 animum
960 671 1302 723 despondentes
1332 681 1376 715 et
1407 676 1636 718 adversae
1658 680 1805 730 partis
1826 681 1899 722 de-

267 734 495 776 clinantes
517 736 755 779 offensam.
784 739 1127 783 Gravissimum
1147 750 1303 785 tamen
1333 746 1465 786 nobis
1495 747 1789 800 dispendium
1822 752 1898 792 ad-

266 804 440 857 ferunt,
464 808 563 858 qui,
588 808 878 851 dissimulato
900 813 1054 853 animo
1083 819 1127 854 et
1155 815 1339 856 obtecto
1366 816 1520 858 Prem.
1546 826 1756 862 nostrum
1778 823 1901 863 exci-

266 876 468 928 pientes,
494 878 713 931 aliorum,
736 881 810 932 pie
838 882 1035 923 forsitan
1063 884 1249 938 affecta,
1281 887 1452 928 iudicia
1482 901 1565 929 suo
1597 902 1779 932 veneno
1802 893 1897 934 infi-

265 957 371 986 cere
392 953 436 987 et
453 960 750 1002 corrumpere
779 954 977 994 student.
1012 954 1239 996 Dominus
1263 959 1476 999 omnibus
1505 972 1589 1000 nos
1620 961 1896 1004 offendenti-

264 1016 349 1057 bus
369 1019 557 1059 veniam
578 1021 818 1073 indulgere
849 1024 1067 1075 dignetur
1094 1038 1149 1066 ac
1170 1028 1347 1078 pariter
1368 1030 1573 1071 animum
1606 1032 1778 1074 addere
1807 1035 1894 1085 his,

265 1089 342 1139 qui
375 1096 563 1131 nostrae
597 1104 768 1134 causae
802 1096 1116 1145 patrocinium
1149 1099 1386 1150 suscipere
1416 1113 1509 1141 non
1542 1109 1648 1143 sunt
1684 1106 1893 1155 gravati.

264 1158 430 1211 Vides,
455 1160 554 1201 Rde
575 1163 647 1213 R,
672 1176 760 1215 quo
791 1166 837 1205 in
864 1172 989 1207 statu
1017 1179 1093 1207 res
1118 1175 1307 1210 nostrae
1335 1172 1595 1212 consistant
1626 1185 1708 1214 seu
1735 1177 1894 1226 potius

262 1230 429 1281 quibus
457 1234 676 1283 procellis
705 1247 760 1275 ac
789 1239 1142 1288 tempestatibus
1175 1241 1364 1291 negotia
1397 1249 1560 1283 nostra
1592 1244 1818 1286 fluctuent
1850 1254 1895 1287 et

261 1301 516 1353 agitentur,
537 1315 652 1355 quas
675 1306 863 1347 tandem
883 1307 983 1348 Deo
1006 1310 1243 1361 aspirante
1263 1312 1434 1364 elapsi,
1455 1314 1515 1354 ad
1532 1321 1718 1365 portum
1740 1319 1876 1368 appel

260 1371 355 1412 lere
375 1374 547 1414 vestris
568 1376 856 1417 orationibus
875 1378 982 1419 freti
1003 1386 1232 1431 optamus.
1263 1382 1408 1434 Atqui
1436 1385 1623 1435 quando
1648 1386 1693 1426 id
1714 1387 1886 1439 licebit,

259 1443 342 1482 vix
363 1444 484 1483 enim
511 1447 783 1497 praesagire
812 1461 1074 1500 possumus.
1104 1451 1223 1492 Nam
1253 1455 1396 1503 pestis
1425 1467 1558 1495 suam
1593 1458 1891 1508 tyrannidem

258 1525 353 1553 non
374 1515 512 1555 modo
534 1516 746 1558 Lutetiae
767 1531 931 1560 verum
951 1521 1091 1562 etiam
1112 1523 1158 1562 in
1179 1524 1526 1566 circumvicinis
1550 1528 1667 1567 locis
1689 1534 1732 1568 et
1752 1530 1888 1580 pagis

258 1591 466 1636 exercet,
500 1593 544 1626 et
572 1588 698 1628 vires
728 1591 935 1640 quotidie
963 1600 1103 1644 auget
1137 1594 1184 1634 in
1217 1595 1319 1646 ipsa
1348 1595 1690 1649 Universitate,
1723 1605 1767 1639 et
1796 1600 1889 1641 iam

257 1655 352 1696 sere
374 1669 400 1696 a
421 1657 631 1699 bimestri
651 1661 801 1711 spatio
824 1663 1007 1703 radices
1029 1675 1173 1715 agere
1196 1667 1365 1717 coepit.

336 1727 649 1778 Quamobrem
677 1732 799 1782 quod
829 1740 1020 1774 nostrae
1051 1738 1352 1777 oeconomiae
1384 1739 1594 1779 ordinem
1629 1740 1890 1782 describam

256 1809 347 1838 non
367 1804 437 1839 est
460 1807 773 1852 opportunum
794 1804 875 1844 sed
895 1805 1052 1856 potius
1069 1806 1190 1857 quod
1208 1807 1263 1847 de
1280 1815 1470 1849 nostrae
1486 1809 1698 1851 familiae
1716 1812 1888 1864 disper-

255 1869 407 1910 sione:
429 1882 538 1911 nam
559 1883 700 1923 quum
730 1874 875 1924 pestis
896 1875 955 1916 ad
974 1882 1161 1917 nostras
1188 1879 1327 1919 aedes
1356 1879 1462 1920 hinc
1496 1881 1603 1921 inde
1639 1894 1884 1924 accessum

253 1945 491 1981 maturare
516 1942 752 1995 videatur,
782 1945 958 1995 placuit
991 1946 1092 1987 R.d0
1120 1947 1247 1988 Patri
1274 1956 1438 1990 nostro
1472 1957 1520 1990 ut
1552 1952 1642 1991 duo
1667 1952 1840 1994 fratres
1861 1967 1886 1994 e

253 2016 413 2051 nostra
435 2011 571 2053 domo
592 2019 725 2054 extra
753 2015 974 2067 oppidum
995 2029 1043 2058 se
1065 2019 1393 2072 transferrent,
1427 2022 1536 2072 quin
1556 2028 1601 2062 et
1623 2023 1700 2063 alii
1721 2024 1811 2064 duo
1832 2025 1879 2065 in

253 2082 451 2122 alterum
478 2083 632 2124 locum
651 2084 1039 2137 'commigrarent
1070 2089 1159 2140 Qui
1188 2102 1300 2131 vero
1332 2092 1497 2132 domus
1526 2094 1811 2144 praesidium
1840 2103 1884 2136 et

253 2155 657 2204 propugnaculum
679 2156 895 2197 destinati
925 2165 1052 2209 sunt,
1077 2160 1201 2200 domi
1231 2173 1280 2201 se
1308 2163 1600 2215 contineant,
1637 2176 1723 2205 nec
1757 2177 1884 2216 egre—

253 2222 458 2272 diantur,
488 2225 579 2265 nisi
609 2232 833 2277 quantum
861 2230 1117 2270 necessitas
1145 2233 1366 2283 postulat.
1400 2233 1505 2274 Duo
1538 2235 1632 2274 iam
1667 2247 1754 2275 nos
1783 2237 1883 2276 reli-

252 2301 470 2346 querunt,
495 2296 689 2337 redituri
709 2299 905 2339 remissa
926 2301 1069 2351 pestis
1090 2303 1299 2344 saevitie.
1323 2304 1416 2344 Alii
1435 2306 1707 2356 propediem
1726 2308 1877 2348 locum

252 2365 510 2406 mutabunt.
542 2366 673 2407 Haec
703 2375 772 2408 est
799 2369 1003 2410 familiae
1032 2378 1221 2413 nostrae
1257 2386 1381 2414 nova
1411 2377 1806 2428 metamorphosis
1837 2385 1881 2418 et

254 2434 495 2486 inopinata
517 2437 810 2489 demigratio.

331 2505 565 2556 Quantum
592 2520 706 2549 vero
728 2510 787 2550 ad
807 2510 1005 2552 fratrum
1030 2525 1273 2555 numerum
1301 2516 1463 2555 attinet
1490 2516 1601 2567 duo,
1632 2518 1767 2558 nobis
1799 2519 1876 2559 ad-

249 2575 412 2623 iuncti,
436 2579 672 2619 senarium
693 2592 937 2622 numerum
957 2585 1304 2635 suppleverunt.
1335 2585 1517 2626 Primus
1550 2594 1618 2627 est
1648 2588 1877 2640 Hierony—

249 2657 352 2686 mus
375 2646 400 2698 ¹,
424 2647 623 2700 flander,
654 2651 904 2692 sacerdotii
925 2652 1101 2694 honore
1122 2655 1390 2707 insignitus,
1421 2657 1475 2697 de
1503 2669 1592 2709 quo
1630 2659 1875 2710 superiori-

300 2852 312 2872 ¹
352 2853 578 2890 Hieronymus
593 2857 622 2883 le
639 2856 705 2884 Bas
720 2857 880 2892 (Bassus),
897 2859 935 2886 de
952 2867 1015 2894 quo
1030 2860 1138 2889 videri
1153 2866 1292 2896 possunt
1308 2863 1473 2898 POLANco,
1492 2862 1625 2895 chron„
1638 2868 1718 2898 t.111‚
1731 2872 1808 2899 pag.
1823 2866 1877 2893 288

247 2903 280 2927 et
294 2907 375 2935 seq.,
391 2908 421 2929 n.
439 2902 491 2929 645
506 2907 538 2929 et
553 2911 633 2937 seq.,
651 2908 683 2931 et
698 2905 800 2938 PRAT,
816 2906 1005 2934 flldmoires
1017 2912 1109 2942 pour
1122 2911 1239 2936 servir
1253 2912 1273 2937 ἀ
1288 2911 1461 2939 l'lzz'stoz·re
1474 2911 1520 2937 dn
1538 2911 1628 2938 Fere
1644 2910 1750 2938 Broet
1765 2913 1798 2939 et
1812 2913 1875 2940 des

248 2946 404 2979 origines
419 2948 461 2974 dc
475 2948 509 2974 la
527 2948 736 2983 Compagtzie
752 2951 793 2978 de
807 2952 915 2986 Je‘sus
926 2961 968 2980 en
981 2954 1129 2990 France,
1143 2961 1232 2991 part.
1248 2964 1296 2991 111,
1312 2958 1368 2984 lib.
1388 2965 1408 2984 1.
