2080 3392
798 253 881 291 AN.
913 253 1005 291 1552
1674 257 1717 294 31

155 351 247 392 Sed
276 351 352 392 hic
380 351 641 392 litterarum
671 351 776 392 finis
804 352 884 402 sit,
914 363 972 391 ne
999 351 1248 403 prolixitas
1276 350 1516 391 fastidium
1544 354 1712 404 pariat.

76 422 307 464 Dominus
328 430 488 464 noster
507 423 644 476 Jesus
665 423 880 464 Christus
902 422 1035 463 nobis
1056 428 1284 474 perpetuo
1306 421 1484 473 faveat,
1509 429 1556 463 ut
1574 436 1715 475 quan-

76 500 174 534 tum
203 494 443 545 hueusque
477 500 639 534 nostra
674 494 962 546 negligentia
989 493 1263 543 defecimUS,
1301 498 1485 533 tantum
1520 496 1716 545 posthae

76 576 162 605 sua
188 565 346 616 gratia
373 564 519 616 adjuti
544 566 865 617 proficiamus,
900 564 1025 617 quod
1053 570 1102 604 ut
1128 563 1231 614 fiat,
1260 563 1315 604 R.
1344 564 1396 604 T.
1427 564 1477 605 P.
1510 564 1717 616 Patrum,

76 636 114 676 F
117 642 390 688 ratrumque
407 637 628 688 omnium,
653 637 731 689 qui
752 638 857 677 istie
880 641 1247 685 commorantur,
1267 635 1560 676 orationibus
1582 637 1719 677 simul

80 718 241 747 omnes
272 719 357 747 nos
385 709 769 749 commendamus
797 720 855 748 ex
883 713 981 748 toto
1013 707 1177 756 eorde,
1208 711 1430 758 tuamque
1463 707 1510 747 in
1538 708 1715 759 primis,

76 777 176 818 Rde
196 779 243 818 in
264 778 450 819 Christo
473 779 628 830 Pater,
652 779 1046 828 benedictionem,
1078 776 1127 818 Ρ.
1158 777 1210 818 Τ.
1250 778 1446 829 pedibus
1467 780 1718 830 provoluti,

76 860 138 889 ex
157 849 313 889 animo
335 850 534 901 petimus
555 857 694 901 atque
714 849 1041 901 efflagitamus.

158 919 312 960 Datae
332 920 600 971 Messanae,
624 933 689 960 xx
711 919 1020 972 Septembris,
1046 920 1103 961 A.
1134 920 1249 961 1552.

158 990 212 1032 R.
238 990 286 1032 P.
310 992 362 1033 T.
386 1003 553 1033 servus
573 992 749 1032 inutilis
771 998 815 1031 et
836 992 1051 1043 ingratus
1072 992 1217 1043 filius,

1075 1207 1314 1247 ANTONIUS
1336 1205 1505 1246 VtNCK.

778 1634 1039 1689 CLXXV

155 1868 410 1916 Onuphrius
432 1868 733 1917 Cavallerius,

202 1932 274 1970 Ex
293 1932 622 1971 Commz‘ssz'one
641 1935 789 1973 Patris
809 1936 993 1982 Joannis
1015 1936 1226 1981 Alvarez,

252 1999 374 2037 Patri
393 1999 562 2047 Ignatio
582 2001 636 2038 de
655 2001 843 2049 Loyola.

298 2064 585 2111 Salmantica,
602 2066 649 2103 22
667 2065 942 2114 Septembris
964 2067 1057 2105 1552
1078 2068 1102 2102 ¹.

855 2241 955 2318 Isis

168 2454 437 2495 Admodum
457 2455 734 2497 Reverende
756 2457 895 2498 Pater
918 2458 965 2498 in
986 2458 1069 2498 X.⁰

169 2525 336 2566 Gratia
358 2532 402 2566 et
423 2538 517 2578 pax
537 2527 727 2568 Domini
749 2528 836 2568 nri.
861 2528 959 2569 Ihu.
983 2529 1059 2569 Xi.

169 2597 370 2648 Lz'teris,
398 2609 518 2649 quas
544 2598 722 2650 elapsis
749 2601 988 2640 mensibus
1018 2600 1264 2650 misimus,
1291 2604 1335 2639 te
1364 2599 1609 2639 certiorem
1632 2599 1730 2638 red-

88 2667 296 2708 didimus
317 2680 435 2719 qnae
454 2668 528 2708 lzz'c
548 2670 729 2710 Patres
757 2671 1030 2721 Socz‘etatz‘s,
1051 2671 1214 2711 divino
1244 2670 1413 2721 afflati
1439 2669 1654 2720 numine,
1685 2669 1733 2709 iu

87 2739 347 2780 excolenda
368 2740 566 2780 Domini
584 2741 746 2792 vinea,
773 2746 817 2782 et
846 2754 874 2782 a
901 2742 1132 2783 vitiorum
1159 2741 1349 2782 tribulis
1370 2742 1731 2793 perpurgmzda

142 2933 152 2952 ¹
192 2933 308 2969 Epist.
324 2935 522 2971 Quadrim„
537 2937 739 2966 1547-1552.
763 2938 852 2966 Tota.
875 2939 1094 2974 autographa
1110 2939 1143 2966 in
1166 2938 1290 2973 duplici
1312 2938 1392 2965 fOlio
1413 2939 1474 2965 sub
1490 2945 1542 2966 nn.
1560 2938 1610 2965 182
1624 2942 1657 2965 et
1674 2938 1734 2965 183.

89 2981 188 3009 —Est
198 2985 232 3009 et
248 2984 485 3018 apographum
500 2984 533 3013 in
549 2985 666 3013 eodem
680 2986 761 3021 vol.,
777 2987 810 3014 in
833 2994 872 3014 ea
894 2990 993 3021 parte
1016 2994 1102 3021 quae
1125 2986 1239 3014 Codex
1259 2986 1324 3013 1551
1350 2986 1526 3020 appellata
1548 2990 1616 3019 est,
1639 2986 1735 3013 unico

89 3032 249 3057 constans
264 3030 343 3057 folio
360 3038 390 3058 n.
404 3031 448 3065 67;
465 3031 498 3058 in
514 3032 571 3059 illo
586 3040 627 3060 ea
643 3032 882 3061 desiderantur
896 3041 983 3069 quae
995 3034 1029 3062 in
1041 3034 1257 3068 autographo
1270 3036 1348 3060 sunt
1360 3032 1458 3061 lineis
1471 3034 1616 3065 occlusa,
1634 3040 1735 3067 quae-

89 3083 154 3110 que
169 3084 229 3104 nos
245 3077 372 3105 italicis
386 3079 511 3106 litteris
526 3079 580 3107 hic
597 3080 839 3109 describemus.
