2080 3392
304 184 371 221 184
802 183 1028 220 LITTERAE
1055 194 1411 226 QUADRIMESTRES

383 280 440 320 Ut
459 279 599 330 igitur
619 291 645 318 a
662 279 885 318 fratribus
903 279 1219 330 exordiamur,
1240 291 1400 320 omnes
1419 279 1593 320 Christi
1609 279 1798 319 Domini
1817 290 1934 330 gra*

302 351 368 389 tia
396 355 667 399 agnoscunt
701 350 956 389 maximum
992 350 1267 390 beneficium
1296 351 1558 390 vocationis
1586 356 1630 390 et
1656 351 1703 390 in
1739 362 1793 390 eo
1826 361 1935 390 con—

303 427 482 460 stanter
522 431 576 459 ac
610 420 806 459 honeste
841 426 1139 471 permanent,
1180 420 1478 472 frequentant
1515 420 1856 460 confessionem
1889 426 1936 460 et

305 490 477 531 Christi
510 490 699 530 Domini
734 502 944 530 mensam
975 503 1068 531 non
1103 491 1242 531 modo
1273 492 1416 531 semel
1451 492 1498 530 in
1531 490 1822 531 hebdomada
1853 490 1933 531 sed

304 562 443 602 etiam
464 561 678 601 omnibus
699 561 862 601 diebus
884 561 1029 611 festis,
1053 574 1144 613 qua
1165 561 1352 612 quidem
1373 574 1422 602 re
1451 562 1590 602 valde
1608 562 1833 609 homines,
1857 561 1935 613 qui

305 633 363 673 ad
383 638 595 672 nostrum
617 632 809 672 veniunt
826 633 1070 683 templum,
1089 633 1151 672 ad
1165 632 1389 683 pietatem
1406 633 1681 672 excitantur
1700 636 1743 672 et
1759 632 1938 672 infiam-

304 709 504 743 mantur.
538 702 787 742 Praeterea
822 704 1046 743 retinetur
1073 704 1193 743 ratio
1228 703 1451 754 temporis
1483 704 1831 755 precationibus
1859 703 1938 742 ad-

304 774 481 826 scripti,
500 779 549 813 ut
564 774 769 825 positum
786 779 854 813 est
875 774 921 813 in
938 786 1066 814 more
1084 774 1280 825 Collegii
1302 775 1500 814 romani.
1524 775 1814 814 Exercentur
1831 785 1935 813 con-

306 845 530 894 cionibus,
555 856 670 896 quas
698 844 818 883 inter
849 845 1141 885 coenandum
1172 856 1315 895 anas,
1346 857 1371 884 a
1401 856 1547 884 coena
1577 856 1739 884 omnes
1767 856 1937 884 convo-

307 916 400 956 cati
415 916 601 955 habent.
626 914 761 965 Quod
782 921 961 966 spectat
983 916 1042 955 ad
1063 915 1388 965 obedientiam,
1413 927 1461 955 se
1481 915 1595 955 satis
1615 915 1733 955 bene
1749 914 1936 962 habent,

309 999 363 1026 ac
391 998 440 1026 se
470 986 744 1026 submittunt
774 985 936 1026 officiis
965 986 1214 1026 humilibus
1237 986 1371 1038 juxta
1403 986 1632 1026 rationem
1666 991 1711 1026 et
1738 985 1938 1025 formam

310 1058 396 1097 sibi
420 1057 776 1108 praescriptam.
802 1056 1041 1096 Conantur
1074 1056 1290 1107 abjurare
1308 1057 1560 1108 propriam
1581 1057 1874 1097 voluntatem
1895 1062 1941 1095 et

309 1127 494 1168 tradere
516 1139 564 1167 se
588 1133 711 1167 totos
728 1128 774 1167 in
796 1128 933 1167 rebus
951 1128 1165 1167 omnibus
1182 1127 1335 1168 Patris
1351 1128 1499 1167 nostri
1520 1127 1792 1167 sententiae.
1817 1127 1942 1166 Sunt

307 1199 432 1239 inter
452 1210 531 1238 eos
552 1198 704 1249 aliqui
722 1199 1031 1238 abstinentiae
1054 1198 1308 1250 percupidi,
1333 1202 1377 1238 et
1397 1198 1464 1238 sic
1480 1199 1535 1238 de
1556 1198 1666 1238 allis
1682 1197 1941 1238 virtutibus

307 1270 536 1320 intellege.
561 1270 611 1310 In
632 1270 703 1309 his
727 1276 880 1326 autem
910 1281 1029 1321 quae
1056 1270 1290 1321 pertinent
1320 1270 1378 1310 ad
1413 1269 1798 1310 consuetudinem
1837 1280 1942 1308 cum

312 1342 533 1390 externis,
559 1352 718 1380 omnes
739 1351 963 1391 magnum
985 1340 1203 1390 studium,
1223 1340 1358 1391 juxta
1380 1353 1514 1380 suam
1536 1340 1782 1380 conferunt
1802 1351 1940 1379 voca-

311 1414 484 1453 tionem
505 1416 556 1451 nt
577 1412 765 1451 animas
794 1412 856 1451 ad
886 1412 979 1451 Dei
1002 1411 1181 1452 cztltmtz
1212 1415 1255 1452 et
1283 1411 1486 1451 salntem
1514 1423 1653 1451 snam
1683 1410 1847 1451 sedulo
1870 1421 1944 1450 ca-

309 1484 512 1523 raadam
533 1483 754 1522 excitent.
778 1482 851 1522 Ac
872 1489 916 1522 te
938 1483 1108 1534 optime
1129 1483 1268 1522 Pater
1285 1482 1394 1522 illud
1418 1483 1580 1533 fugere
1602 1483 1707 1522 nolo
1741 1493 1820 1522 eos
1848 1481 1942 1533 qui-

309 1555 427 1603 dem,
443 1553 786 1606 quijuventutis
799 1554 1112 1594 instituendae
1126 1554 1307 1594 muneri
1319 1561 1426 1594 sunt
1444 1553 1684 1604 praefecti,
1703 1553 1766 1602 ia',
1786 1563 1945 1604 quam-

309 1626 383 1665 vis
406 1625 695 1664 laboriosnm
723 1624 863 1669 satis.
891 1636 1065 1675 magna
1098 1629 1254 1664 tamea
1289 1625 1518 1664 industria
1550 1635 1770 1664 exercere
1807 1629 1945 1674 atque

310 1696 591 1736 contendere
613 1702 661 1735 ut
679 1695 949 1735 scholastici
971 1696 1181 1736 universi
1201 1696 1247 1735 in
1270 1696 1416 1735 literis
1437 1706 1739 1746 progressum
1767 1693 1944 1733 faciant

309 1774 353 1808 et
374 1766 738 1818 uniuscujusque
759 1767 989 1806 rationem
1016 1767 1202 1806 habent.
1226 1766 1408 1818 Reliqui
1429 1766 1614 1816 fratres,
1639 1766 1716 1816 qui
1737 1765 1845 1804 huic
1869 1764 1943 1804 do-

311 1839 445 1878 cendi
465 1838 646 1877 muneri
667 1850 759 1877 non
782 1844 888 1877 sunt
910 1837 1147 1888 praefecti,
1169 1837 1383 1887 quamvis
1406 1837 1701 1888 implicantur
1730 1835 1944 1875 domesti-

312 1910 378 1949 cis
406 1910 558 1957 rebus,
591 1920 684 1948 non
713 1914 869 1948 tamen
899 1920 1016 1958 qnae
1051 1908 1363 1959 edificationis
1396 1911 1511 1947 snat
1552 1907 1944 1958 praetermittunt.

311 1980 494 2020 Etenim
516 1980 569 2030 is,
590 1979 668 2030 qui
699 1990 775 2019 res
803 1979 1094 2018 necessarias
1123 1979 1252 2029 emit,
1283 1979 1402 2018 inter
1430 1978 1811 2028 comparandum,
1845 1988 1947 2028 ope-

312 2063 414 2091 ram
450 2051 528 2091 dat
571 2058 815 2102 quaestum
853 2051 1043 2101 spiritus
1077 2050 1233 2090 facere
1268 2050 1524 2090 adhortans
1559 2050 1681 2098 illos,
1720 2062 1746 2088 a
1784 2048 1949 2099 quibus

316 2122 425 2174 quid
447 2121 577 2171 emit,
603 2121 662 2160 ad
690 2120 1033 2161 confessionem
1051 2128 1095 2160 et
1116 2122 1343 2161 virtutum
1360 2126 1521 2171 opera,
1540 2132 1630 2171 qua
1648 2119 1833 2171 quidem
1850 2124 1950 2158 arte

314 2195 361 2233 in
378 2193 540 2244 primis
559 2193 617 2232 ad
634 2193 742 2231 bene
755 2193 989 2243 agendum
1005 2193 1317 2244 impelluntur.
1335 2192 1461 2232 Idem
1478 2192 1638 2241 frater,
1659 2191 1795 2231 simul
1811 2196 1950 2241 atque

314 2265 361 2304 in
382 2265 504 2304 hanc
535 2264 697 2303 urbem
715 2265 947 2312 venimus,
977 2264 1172 2315 patienti
1200 2269 1244 2303 et
1269 2263 1417 2303 alacri
1444 2263 1600 2302 animo
1629 2262 1829 2314 plurima
1855 2272 1949 2300 ma-

314 2336 484 2376 ledicta
507 2341 551 2375 et
582 2335 889 2375 contumelias
913 2336 958 2374 in
988 2335 1078 2374 viis
1098 2336 1302 2386 pertulit,
1332 2335 1476 2374 donec
1503 2346 1587 2374 sua
1613 2333 1838 2386 patientia
1866 2344 1949 2372 ora

317 2406 503 2446 tandem
543 2406 911 2446 obtrectatorum
946 2406 1153 2445 occlusit.
1190 2406 1295 2458 Jam
1328 2417 1442 2445 vero
1481 2417 1641 2445 omnes
1680 2405 1726 2444 in
1763 2403 1945 2453 litteris,

318 2484 533 2535 quamvis
554 2490 598 2523 et
627 2483 729 2522 aliis
760 2483 900 2522 rebus
926 2482 1267 2529 destineantur,
1296 2483 1572 2534 proficiunt.
1602 2482 1695 2522 Alii
1723 2481 1877 2521 latinis
1905 2488 1951 2520 et

317 2554 515 2604 graecis,
540 2553 618 2592 alii
633 2553 788 2592 latinis
809 2559 990 2592 tantum
1011 2553 1211 2602 student,
1245 2553 1291 2592 in
1313 2553 1461 2604 iisque
1483 2564 1566 2602 pro
1594 2551 1772 2591 viribus
1794 2562 1843 2590 se
1874 2561 1948 2589 ex-

321 2630 523 2663 cercent.
548 2623 682 2674 Quod
704 2629 859 2662 autern
883 2628 1062 2674 spectat
1090 2623 1148 2662 ad
1176 2635 1420 2663 numerum
1448 2634 1623 2673 eorum,
1654 2622 1731 2673 qui
1760 2622 1835 2661 hic
1856 2621 1950 2671 agi—

322 2705 439 2744 mus,
461 2694 600 2733 iidein
620 2705 880 2743 manemus,
904 2693 982 2744 qui
1004 2705 1029 2733 a
1060 2698 1119 2742 te,
1143 2699 1293 2744 pater,
1321 2694 1493 2733 fuimus
1526 2693 1676 2747 missi3
1710 2703 1954 2744 speramus

320 2771 475 2804 tamen
497 2764 628 2803 brevi
650 2775 896 2803 numerum
915 2763 1198 2814 augendum,
1225 2764 1442 2814 quamvis
1465 2775 1645 2813 eoram,
1667 2763 1750 2813 qai
1766 2762 1950 2812 ingres-

321 2847 426 2874 sam
448 2838 698 2885 exoptant,
720 2834 1038 2873 constantiam
1059 2844 1113 2873 ac
1139 2834 1364 2873 virtatem
1385 2834 1520 2884 soris
1535 2833 1833 2884 probandam
1854 2832 1952 2872 exi·

320 2905 587 2945 stl‘mamns.

400 2977 533 3017 Nunc
566 2977 796 3027 reliquum
831 2983 916 3025 est,
955 2983 1004 3016 ut
1039 2977 1203 3027 paucis
1224 2982 1268 3016 te
1304 2976 1551 3016 certiorem
1578 2976 1747 3015 faciam
1768 2982 1863 3015 tum
1893 2975 1952 3014 de
