2080 3392
796 213 880 251 AN.
911 212 1003 250 1553
1648 211 1718 248 225

75 328 209 358 cram
230 313 447 366 synaxim
463 311 703 352 accedere.
723 310 934 362 Quorum
949 309 1280 350 ardentissima
1298 309 1451 350 studia
1467 321 1561 349 non
1577 309 1716 349 modo

76 388 305 429 duratura
327 383 519 433 diutius,
542 393 709 422 verum
730 381 869 421 etiam
902 380 1118 431 augenda
1150 380 1448 429 confidimus,
1482 380 1717 420 concioni-

79 459 165 498 bus
187 463 230 497 et
250 454 460 496 mirificis
481 453 764 493 christianae
786 452 1028 492 doctrinae
1044 451 1441 502 enarrationibus,
1462 462 1580 503 quas
1595 451 1718 491 idem

79 530 155 569 ille
175 527 314 568 Pater
336 525 496 566 diebus
518 523 779 574 dominicis,
805 534 941 563 mane
963 522 1151 574 quidem
1171 522 1313 573 domi,
1338 535 1364 562 a
1385 522 1583 574 prandio
1604 534 1719 563 vero

77 601 128 641 in
161 610 216 639 eo
250 598 351 649 ipso
387 594 739 636 Misericordiae
775 594 948 645 templo
987 593 1161 633 habere
1202 593 1396 643 insistit,
1438 594 1717 645 impellendo

80 669 335 711 maximam
365 673 548 719 partem
578 666 819 706 hominum
855 664 914 705 ad
949 675 1135 704 sacram
1170 663 1361 704 Domini
1390 677 1602 705 mensam
1635 665 1720 705 fre·

82 739 420 794 quentandam,
447 737 506 778 ad
528 736 650 789 quod
677 735 1015 788 praestandum
1041 735 1229 775 videtur
1257 736 1459 787 speciale
1487 736 1723 787 quoddam

77 819 127 854 -et
147 811 384 861 singulare
407 809 581 849 donum
603 820 629 848 a
650 807 854 848 Domino
875 806 1138 859 accepisse,
1162 806 1284 846 unde
1312 806 1361 846 fit
1384 818 1722 859 saepenumero

79 890 132 925 ut
157 882 321 923 Patres
349 881 499 921 nostri
528 886 595 920 tot
626 879 998 919 confessionibus
1029 890 1123 918 non
1152 878 1399 918 sufficiant.
1433 878 1554 930 Quin
1583 880 1723 919 etiam

84 956 158 996 hic
179 954 277 1005 ipse
299 952 439 993 Pater
458 951 672 1003 proxime
693 950 948 1002 praeterita
970 949 1335 1001 quadragesima
1363 949 1542 990 duobus
1569 950 1723 990 foemi-

79 1036 248 1066 narum
287 1022 587 1064 monasteriis
621 1020 844 1073 juvandis
880 1020 1006 1061 dedit
1041 1032 1257 1072 operam,
1296 1032 1493 1072 quorum
1530 1021 1728 1061 alterum

78 1096 280 1138 Sanctae
304 1095 493 1143 Annae,
519 1093 717 1133 alterum
739 1091 941 1132 Sanctae
963 1090 1130 1132 Clarae
1159 1091 1367 1132 dicatum
1397 1098 1481 1132 est.
1515 1091 1727 1133 Commo-

78 1174 212 1209 ratur
242 1167 289 1207 in
315 1166 387 1206 his
422 1166 588 1217 ingens
619 1163 959 1204 monacharum
994 1163 1152 1213 turba,
1190 1175 1307 1215 quas
1343 1175 1506 1203 omnes
1537 1164 1731 1204 alternis

84 1238 242 1280 diebus
271 1237 480 1278 invisens
508 1235 752 1288 privatim,
784 1233 1138 1285 diligentissime
1169 1234 1453 1275 instruebat:
1490 1240 1629 1286 atque
1666 1236 1729 1276 ita

78 1310 233 1351 effecit
253 1320 336 1361 per
356 1309 485 1348 illum
506 1306 761 1357 Dominus,
798 1312 847 1346 ut
881 1306 927 1345 in
959 1312 1157 1357 utroque
1189 1306 1475 1346 monasterio
1503 1307 1627 1347 bona
1656 1319 1728 1347 ea-

82 1393 186 1423 rum
207 1392 317 1433 pars
339 1379 567 1432 spiritalia
596 1377 820 1419 exercitia
848 1377 1153 1418 meditaretur
1175 1389 1229 1417 ac
1253 1378 1394 1418 etiam
1415 1390 1539 1418 nunc
1560 1379 1608 1418 in
1630 1390 1729 1418 ora-

81 1454 209 1494 tione
230 1452 476 1504 persistat,
507 1460 840 1502 speremusque
872 1448 989 1489 adeo
1021 1449 1121 1489 fore
1151 1454 1201 1489 ut
1231 1460 1471 1501 nunquam
1499 1450 1557 1490 ab
1579 1450 1729 1490 incoe-

81 1524 176 1576 ptis
197 1523 445 1573 desistant,
479 1521 682 1562 maxime
706 1532 812 1561 cum
832 1532 912 1561 eas
933 1520 1008 1560 ille
1036 1520 1107 1560 bis
1133 1521 1332 1572 singulis
1360 1521 1533 1561 invisat
1561 1521 1728 1561 hebdo-

84 1595 253 1637 madis.

167 1668 272 1721 Jam
299 1667 345 1706 in
372 1666 474 1717 ipso
503 1663 733 1716 principio
761 1663 1178 1715 quadragesimae,
1213 1674 1319 1704 cum
1342 1663 1471 1704 Patri
1500 1664 1699 1704 Doctori
1723 1664 1732 1682 ¹

84 1738 312 1791 optimum
334 1736 579 1777 consilium
606 1735 847 1775 videretur
874 1735 1099 1775 ecclesias
1131 1735 1239 1775 huic
1275 1747 1486 1775 annexas
1518 1735 1731 1787 Collegio

86 1810 302 1850 doctrina
323 1807 554 1860 spirituali
576 1807 866 1847 communire
897 1818 953 1846 ac
986 1818 1205 1857 pascere,
1231 1807 1418 1858 quando
1439 1819 1602 1847 earum
1624 1812 1734 1847 tem-

91 1880 269 1933 poralia
291 1880 528 1929 metimus,
552 1877 717 1918 Patres
738 1877 927 1917 Petrum
948 1877 1064 1917 Diez
1087 1883 1132 1917 et
1152 1877 1505 1918 Emmanuelem
1525 1878 1655 1918 Leite
1677 1878 1736 1918 ad

87 1951 135 1993 ΓΞ.
159 1951 326 1992 Felicis
348 1950 494 2001 misit,
524 1955 573 1990 ut
603 1961 697 1989 una
729 1960 834 1988 cum
865 1949 941 1999 ᾖε,
976 1949 1054 2000 qui
1084 1949 1146 1989 ibi
1173 1955 1328 2000 erant,
1362 1949 1737 2001 frequentissime

93 2023 341 2075 parochias
376 2022 479 2062 illas
508 2033 670 2061 omnes
705 2021 987 2071 inviserent,
1025 2027 1123 2060 tum
1157 2021 1451 2072 poenitentes
1487 2021 1734 2071 audiendo,

89 2101 188 2135 tum
208 2093 554 2143 concionando,
578 2098 677 2132 tum
698 2090 1000 2132 Dominicum
1021 2091 1203 2143 Corpus
1224 2091 1583 2133 Sanctissimum
1605 2093 1734 2133 mini-

92 2165 305 2216 strando,
329 2165 408 2217 qui
429 2164 570 2204 etiam
590 2175 713 2203 nunc
736 2163 783 2203 in
804 2163 894 2203 hoc
915 2174 1107 2203 munere
1129 2170 1452 2214 perseverant.
1476 2163 1609 2204 Duos
1627 2176 1736 2216 quo·

95 2249 181 2289 que
202 2237 374 2277 fratres
396 2235 455 2275 ad
476 2234 520 2276 S.
545 2235 671 2275 misit
692 2233 886 2274 Antonii
906 2233 935 2285 ²,
959 2234 1037 2286 qui
1058 2240 1206 2274 totam
1223 2222 1637 2286 quadragesimam
1659 2235 1735 2275 do-

91 2307 269 2348 cendae
290 2307 411 2359 plebi
432 2312 669 2347 navarunt
691 2317 907 2357 operam,
933 2312 978 2345 et
1003 2305 1160 2357 pueris
1188 2306 1235 2345 in
1261 2306 1424 2358 primis
1453 2307 1738 2347 christianae

91 2378 198 2419 fidei
218 2379 491 2419 rudimentis
512 2377 799 2418 instruendis
821 2377 1016 2428 aliisque
1038 2376 1325 2428 spiritalibus
1352 2378 1490 2418 rebus
1513 2389 1607 2418 non
1627 2389 1738 2429 pau-

98 2450 177 2490 cis.
206 2449 476 2490 Visitabant
506 2460 586 2489 eos
615 2448 692 2500 qui
722 2448 769 2488 in
798 2448 1012 2499 proxima
1045 2447 1248 2499 quadam
1280 2448 1471 2488 civitate
1504 2448 1741 2499 (Guardae.

93 2521 159 2560 illi
178 2532 347 2561 nomen
368 2521 452 2571 est)
475 2520 754 2560 tenebantur
774 2519 821 2559 in
843 2519 1067 2570 vinculis,
1092 2519 1323 2560 docebant
1346 2531 1447 2570 eos3
1473 2520 1568 2560 suis
1602 2521 1736 2560 inter—

98 2590 205 2632 dum
216 2591 422 2632 humeris
437 2592 598 2643 plenos
615 2601 766 2643 aquae
784 2589 1038 2630 cantharos
1053 2590 1263 2642 ipsorum
1280 2591 1440 2631 usibus
1459 2591 1743 2631 necessariis

97 2662 382 2714 bajulabant.

179 2733 279 2785 Qua
315 2734 361 2773 in
399 2733 589 2774 civitate
618 2745 673 2773 ac
703 2732 751 2772 in
782 2732 985 2785 quinque
1013 2732 1090 2773 vel
1119 2745 1203 2774 sex
1233 2733 1421 2783 viculis,
1455 2745 1572 2785 quos
1607 2734 1743 2774 statis

98 2804 380 2855 quibusdam
411 2803 571 2844 diebus
606 2803 971 2855 uniuscujusque
993 2803 1317 2844 hebdomadae
1338 2804 1632 2856 revisebant,
1665 2805 1740 2846 tri-

163 2939 172 2957 ¹
210 2937 367 2966 Michaeli
382 2939 422 2967 de
443 2939 577 2967 Torres.
594 2939 760 2973 PoLANco,
779 2939 982 2973 chronicon,
998 2944 1022 2967 t.
1039 2947 1087 2973 111,
1104 2948 1184 2975 pag.
1199 2941 1261 2973 414,
1275 2949 1306 2968 n.
1321 2942 1384 2969 912.

158 2985 172 3004 2
209 2985 263 3012 Ad
279 2985 310 3013 S.
327 2987 464 3014 Antonii
478 2987 517 3014 de
533 2987 728 3021 Benespera
743 2987 939 3020 Abbatiam,
954 2995 1040 3021 quae
1055 2987 1320 3016 Conimbricensi
1335 2989 1487 3024 Collegio
1503 2995 1578 3017 erat
1597 2997 1743 3017 annexa·

111 3030 282 3067 POLANco,
294 3037 330 3061 ut
345 3042 459 3069 supra.

297 3092 346 3131 T.
378 3104 417 3131 11.

1468 3107 1505 3142 15
