2080 3392
280 185 350 222 396
791 181 1016 218 LITTERAE
1043 187 1398 221 QUADRIMESTRES

872 624 1194 681 CCXLVH

362 860 406 896 P.
430 858 621 896 Annibal
643 868 667 894 a
687 855 909 895 Coudreto

409 924 528 961 Patri
547 923 715 970 Ignatio
735 922 788 959 de
807 921 989 969 Loyola.

454 988 679 1034 Messana,
702 987 742 1024 11
764 985 1035 1033 Septembris
1055 984 1145 1020 1553
1167 983 1191 1018 ¹.

376 1410 562 1459 Gratia,
592 1421 684 1460 pax
713 1414 757 1448 et
783 1407 1105 1448 misericordia
1135 1405 1325 1445 Domini
1352 1403 1499 1443 nostri
1527 1402 1637 1454 Jesu
1664 1401 1837 1442 Christi
1869 1401 1928 1440 sit

294 1492 477 1532 semper
500 1492 605 1520 cum
626 1479 838 1520 omnibus
859 1478 1005 1519 nobis.
1031 1477 1197 1518 Amen.

376 1551 493 1603 Quia
524 1562 610 1591 nos
639 1550 796 1590 verbis
831 1549 1042 1601 pluribus
1076 1548 1143 1588 uti
1177 1553 1331 1595 vetaS,
1369 1545 1446 1585 ubi
1482 1556 1555 1584 res
1588 1554 1766 1595 paucae
1801 1549 1923 1590 sunt,

295 1621 718 1663 observandissime
752 1621 799 1660 in
835 1619 1022 1660 Christo
1056 1618 1217 1667 Pater,
1255 1617 1468 1657 dabimus
1505 1625 1695 1666 operam
1726 1619 1774 1652 ut
1810 1624 1931 1663 quae

295 1694 505 1746 proxime
541 1693 659 1732 actis
693 1698 893 1743 quatuor
927 1689 1165 1730 mensibus
1198 1688 1274 1728 hic
1307 1687 1434 1727 facta
1469 1692 1595 1735 sunt,
1631 1683 1922 1731 brevissime,

295 1764 448 1816 quoad
483 1762 581 1814 ejus
616 1762 716 1803 fieri
750 1762 943 1813 poterit,
977 1760 1364 1812 perstringamus.
1403 1757 1556 1807 Atque
1591 1761 1640 1795 ut
1677 1755 1734 1795 ab
1768 1766 1823 1794 eo
1855 1766 1926 1794 su-

295 1847 420 1875 mam
440 1834 735 1886 principium,
759 1832 881 1885 quod
902 1832 990 1883 piis
1012 1831 1225 1871 omnibus
1243 1836 1286 1870 et
1306 1828 1484 1880 angelis
1503 1827 1591 1867 Dei
1606 1826 1834 1866 laetitiam
1853 1825 1929 1864 ad-

295 1906 417 1946 ferre
438 1906 568 1954 solet,
593 1910 894 1955 peccatorum
917 1902 1291 1942 conversionem:
1309 1899 1382 1939 die
1403 1899 1521 1939 festo
1542 1898 1715 1938 Beatae
1736 1895 1929 1947 Magda—

295 1979 448 2027 lenae,
487 1976 673 2016 circiter
710 1975 757 2014 12
791 1974 1062 2014 meretrices
1092 1972 1151 2012 ad
1181 1972 1402 2022 templum
1434 1975 1645 2009 nostrum
1680 1967 1924 2016 adductae,

293 2047 452 2088 audita
474 2046 698 2086 concione
719 2045 782 2085 ita
804 2050 1065 2085 commotae
1086 2048 1193 2082 sunt
1214 2042 1383 2090 animo,
1404 2046 1452 2080 ut
1473 2040 1568 2080 fere
1592 2049 1753 2078 omnes
1774 2037 1928 2077 redire

295 2131 343 2158 se
365 2119 484 2158 velle
506 2118 564 2157 ad
586 2115 919 2167 poenitentiam
935 2115 1156 2154 dicerent.
1176 2111 1316 2152 Dedit
1334 2112 1449 2151 haec
1470 2122 1546 2150 res
1568 2108 1776 2150 merendi
1797 2119 1930 2148 occa-

296 2190 474 2229 sionem
490 2187 649 2239 probis
672 2187 847 2238 aliquot
869 2185 1065 2235 civibus,
1085 2184 1161 2235 qui
1179 2183 1391 2234 cogitare
1409 2186 1662 2233 coeperunt
1678 2185 1728 2219 ut
1745 2178 1932 2219 domum

298 2259 357 2299 ad
390 2258 524 2310 hujus
560 2257 746 2309 generis
779 2256 1079 2296 mulierculas
1115 2254 1334 2304 deinceps
1363 2251 1674 2303 receptandas
1707 2249 1931 2290 conduce-

298 2336 420 2381 rent,
445 2335 488 2369 et
510 2328 653 2380 quod,
678 2333 862 2379 praeter
885 2338 959 2375 ea,
992 2336 1110 2377 quae
1133 2335 1354 2364 manuum
1382 2322 1575 2374 opificiis
1606 2322 1711 2361 illae
1741 2320 1827 2360 sibi
1854 2331 1932 2371 pa-

298 2413 404 2441 rare
425 2406 637 2452 possent,
662 2399 720 2439 ad
742 2399 917 2438 victum
938 2397 1257 2437 necessarium
1273 2394 1414 2444 foret,
1439 2393 1484 2434 id
1516 2393 1571 2433 de
1603 2404 1687 2432 suo
1717 2390 1931 2442 suppedi-

298 2477 465 2512 tarent.
484 2471 672 2522 Iamque
693 2469 851 2509 divina
874 2480 974 2520 ope,
994 2479 1166 2518 magno
1187 2473 1232 2507 et
1252 2465 1478 2518 principis
1500 2470 1543 2504 et
1564 2464 1706 2503 totius
1723 2461 1932 2503 civitatis

300 2554 494 2583 assensu
517 2548 655 2593 atque
676 2541 861 2590 favore,
886 2551 1002 2590 opus
1023 2539 1111 2578 hoc
1133 2537 1396 2577 confectum
1425 2542 1513 2584 est,
1544 2542 1588 2574 et
1617 2534 1780 2574 domus
1802 2533 1929 2572 habi-

300 2614 389 2654 tari
424 2618 603 2663 coepta.
637 2610 753 2652 Sunt
788 2618 942 2650 autem
972 2610 1019 2649 in
1049 2620 1103 2648 ea
1137 2608 1233 2648 fere
1272 2606 1338 2658 14,
1371 2606 1460 2646 illis
1488 2605 1627 2645 etiam
1657 2603 1928 2652 numeratis,

300 2695 419 2736 quae
442 2695 603 2723 curam
625 2691 961 2722 conversarum
990 2685 1149 2730 agunt.
1183 2678 1334 2718 Datur
1365 2677 1551 2716 interim
1578 2687 1744 2727 opera,
1781 2681 1878 2714 tum
1910 2684 1937 2712 a

302 2755 418 2795 viris
439 2754 546 2806 piis,
570 2760 667 2793 tum
690 2764 717 2792 a
738 2751 1026 2799 mulieribus,
1051 2750 1191 2789 etiam
1212 2747 1534 2796 nobilissimis,
1560 2751 1608 2786 ut
1638 2741 1811 2797 plures
1830 2755 1937 2784 con-

306 2831 564 2865 vertantur.

359 2985 369 3004 ¹
409 2984 674 3019 Autographae,
691 2987 783 3010 totae
800 2990 900 3009 manu
916 2981 1102 3011 Annibalis,
1119 2980 1151 3006 in
1168 2979 1246 3006 folio
1263 2978 1404 3012 duplici.
1421 2985 1473 3004 nn.
1491 2977 1541 3004 148
1557 2981 1589 3003 et
1610 2977 1669 3003 149.
