<?xml version="1.0" encoding="UTF-8"?>
<!DOCTYPE html PUBLIC "-//W3C//DTD XHTML 1.0 Transitional//EN"
    "http://www.w3.org/TR/xhtml1/DTD/xhtml1-transitional.dtd">
<html xmlns="http://www.w3.org/1999/xhtml" xml:lang="en" lang="en">
 <head>
  <title>
</title>
<meta http-equiv="Content-Type" content="text/html;charset=utf-8" />
  <meta name='ocr-system' content='tesseract 3.04.00' />
  <meta name='ocr-capabilities' content='ocr_page ocr_carea ocr_par ocr_line ocrx_word'/>
</head>
<body>
  <div class='ocr_page' id='page_1' title='image "./litteraequadrime14lain_0267.png"; bbox 0 0 2080 3392; ppageno 0'>
   <div class='ocr_carea' id='block_1_1' title="bbox 865 163 1792 204">
    <p class='ocr_par' dir='ltr' id='par_1_1' title="bbox 865 163 1792 204">
     <span class='ocr_line' id='line_1_1' title="bbox 865 163 1792 204; baseline -0.003 -1"><span class='ocrx_word' id='word_1_1' title='bbox 865 167 901 203; x_wconf 81' lang='lat' dir='ltr'><strong>A</strong></span> <span class='ocrx_word' id='word_1_2' title='bbox 910 178 947 203; x_wconf 71' lang='lat' dir='ltr'>N.</span> <span class='ocrx_word' id='word_1_3' title='bbox 980 166 1071 204; x_wconf 75' lang='lat'>1553</span> <span class='ocrx_word' id='word_1_4' title='bbox 1721 163 1792 200; x_wconf 78' lang='lat'>263</span> 
     </span>
    </p>
   </div>
   <div class='ocr_carea' id='block_1_2' title="bbox 145 260 1795 2455">
    <p class='ocr_par' dir='ltr' id='par_1_2' title="bbox 148 260 1794 742">
     <span class='ocr_line' id='line_1_2' title="bbox 153 260 1792 317; baseline -0.004 -11"><span class='ocrx_word' id='word_1_5' title='bbox 153 278 323 306; x_wconf 88' lang='lat' dir='ltr'>munus</span> <span class='ocrx_word' id='word_1_6' title='bbox 346 277 496 315; x_wconf 81' lang='lat' dir='ltr'>suum,</span> <span class='ocrx_word' id='word_1_7' title='bbox 527 276 619 317; x_wconf 91' lang='lat' dir='ltr'>quo</span> <span class='ocrx_word' id='word_1_8' title='bbox 648 265 897 317; x_wconf 80' lang='lat' dir='ltr'>publicitus</span> <span class='ocrx_word' id='word_1_9' title='bbox 929 263 1132 315; x_wconf 78' lang='lat' dir='ltr'>&#39;magno</span> <span class='ocrx_word' id='word_1_10' title='bbox 1163 274 1270 303; x_wconf 91' lang='lat' dir='ltr'>cum</span> <span class='ocrx_word' id='word_1_11' title='bbox 1290 263 1467 302; x_wconf 79' lang='lat' dir='ltr'>honore</span> <span class='ocrx_word' id='word_1_12' title='bbox 1495 260 1792 312; x_wconf 87' lang='lat' dir='ltr'>fungebatur,</span> 
     </span>
     <span class='ocr_line' id='line_1_3' title="bbox 148 330 1793 388; baseline -0.004 -11"><span class='ocrx_word' id='word_1_13' title='bbox 148 337 398 388; x_wconf 74' lang='lat' dir='ltr'>dereliquit</span> <span class='ocrx_word' id='word_1_14' title='bbox 419 336 447 376; x_wconf 63' lang='lat'>⁹·&#39;.</span> <span class='ocrx_word' id='word_1_15' title='bbox 471 336 639 376; x_wconf 81' lang='lat' dir='ltr'>Fertur</span> <span class='ocrx_word' id='word_1_16' title='bbox 662 336 804 376; x_wconf 89' lang='lat' dir='ltr'>alium</span> <span class='ocrx_word' id='word_1_17' title='bbox 825 335 1034 375; x_wconf 87' lang='lat' dir='ltr'>eiusdem</span> <span class='ocrx_word' id='word_1_18' title='bbox 1051 334 1319 382; x_wconf 85' lang='lat' dir='ltr'>functionis,</span> <span class='ocrx_word' id='word_1_19' title='bbox 1340 333 1553 384; x_wconf 83' lang='lat' dir='ltr'>exemplo</span> <span class='ocrx_word' id='word_1_20' title='bbox 1571 331 1763 372; x_wconf 90' lang='lat' dir='ltr'>alterius</span> <span class='ocrx_word' id='word_1_21' title='bbox 1780 330 1793 349; x_wconf 84' lang='lat'>⁵</span> 
     </span>
     <span class='ocr_line' id='line_1_4' title="bbox 157 403 1791 460; baseline -0.004 -12"><span class='ocrx_word' id='word_1_22' title='bbox 157 414 482 460; x_wconf 84' lang='lat' dir='ltr'>provocatum,</span> <span class='ocrx_word' id='word_1_23' title='bbox 507 419 591 447; x_wconf 90' lang='lat' dir='ltr'>suo</span> <span class='ocrx_word' id='word_1_24' title='bbox 618 407 778 447; x_wconf 88' lang='lat' dir='ltr'>itidem</span> <span class='ocrx_word' id='word_1_25' title='bbox 808 406 958 447; x_wconf 87' lang='lat' dir='ltr'>officio</span> <span class='ocrx_word' id='word_1_26' title='bbox 987 405 1177 456; x_wconf 77' lang='lat' dir='ltr'>defungi</span> <span class='ocrx_word' id='word_1_27' title='bbox 1204 405 1338 444; x_wconf 87' lang='lat' dir='ltr'>velle.</span> <span class='ocrx_word' id='word_1_28' title='bbox 1363 404 1485 443; x_wconf 90' lang='lat' dir='ltr'>Hinc</span> <span class='ocrx_word' id='word_1_29' title='bbox 1521 403 1664 444; x_wconf 89' lang='lat' dir='ltr'>etiam</span> <span class='ocrx_word' id='word_1_30' title='bbox 1689 413 1791 454; x_wconf 92' lang='lat' dir='ltr'>pro-</span> 
     </span>
     <span class='ocr_line' id='line_1_5' title="bbox 155 475 1794 529; baseline -0.002 -12"><span class='ocrx_word' id='word_1_31' title='bbox 155 480 286 519; x_wconf 62' lang='lat' dir='ltr'>venit</span> <span class='ocrx_word' id='word_1_32' title='bbox 306 485 355 519; x_wconf 89' lang='lat' dir='ltr'>ut</span> <span class='ocrx_word' id='word_1_33' title='bbox 377 490 542 519; x_wconf 91' lang='lat' dir='ltr'>eorum</span> <span class='ocrx_word' id='word_1_34' title='bbox 562 489 785 518; x_wconf 84' lang='lat' dir='ltr'>numerus</span> <span class='ocrx_word' id='word_1_35' title='bbox 804 475 839 527; x_wconf 63' lang='lat'>4,</span> <span class='ocrx_word' id='word_1_36' title='bbox 865 477 943 529; x_wconf 89' lang='lat' dir='ltr'>qui</span> <span class='ocrx_word' id='word_1_37' title='bbox 964 482 1134 516; x_wconf 83' lang='lat' dir='ltr'>octavo</span> <span class='ocrx_word' id='word_1_38' title='bbox 1157 487 1339 527; x_wconf 87' lang='lat' dir='ltr'>quoque</span> <span class='ocrx_word' id='word_1_39' title='bbox 1361 475 1434 515; x_wconf 88' lang='lat' dir='ltr'>die</span> <span class='ocrx_word' id='word_1_40' title='bbox 1457 475 1584 515; x_wconf 83' lang='lat' dir='ltr'>domi</span> <span class='ocrx_word' id='word_1_41' title='bbox 1604 479 1794 514; x_wconf 89' lang='lat' dir='ltr'>nostrae</span> 
     </span>
     <span class='ocr_line' id='line_1_6' title="bbox 157 545 1792 600; baseline -0.003 -10"><span class='ocrx_word' id='word_1_42' title='bbox 157 549 438 590; x_wconf 87' lang='lat' dir='ltr'>confitentur</span> <span class='ocrx_word' id='word_1_43' title='bbox 459 560 737 600; x_wconf 83' lang='lat' dir='ltr'>sacramque</span> <span class='ocrx_word' id='word_1_44' title='bbox 760 553 948 588; x_wconf 90' lang='lat' dir='ltr'>sumunt</span> <span class='ocrx_word' id='word_1_45' title='bbox 976 546 1326 594; x_wconf 84' lang='lat' dir='ltr'>eucharistiam,</span> <span class='ocrx_word' id='word_1_46' title='bbox 1356 558 1449 585; x_wconf 92' lang='lat' dir='ltr'>non</span> <span class='ocrx_word' id='word_1_47' title='bbox 1476 546 1630 586; x_wconf 90' lang='lat' dir='ltr'>minus</span> <span class='ocrx_word' id='word_1_48' title='bbox 1650 545 1792 585; x_wconf 88' lang='lat' dir='ltr'>virtu—</span> 
     </span>
     <span class='ocr_line' id='line_1_7' title="bbox 155 613 1793 671; baseline -0.002 -11"><span class='ocrx_word' id='word_1_49' title='bbox 155 627 252 660; x_wconf 88' lang='lat' dir='ltr'>tum</span> <span class='ocrx_word' id='word_1_50' title='bbox 275 620 563 660; x_wconf 89' lang='lat' dir='ltr'>incremento</span> <span class='ocrx_word' id='word_1_51' title='bbox 586 631 727 671; x_wconf 87' lang='lat' dir='ltr'>quarn</span> <span class='ocrx_word' id='word_1_52' title='bbox 747 618 990 658; x_wconf 89' lang='lat' dir='ltr'>hominurn</span> <span class='ocrx_word' id='word_1_53' title='bbox 1017 613 1313 658; x_wconf 85' lang='lat' dir='ltr'>multitudine</span> <span class='ocrx_word' id='word_1_54' title='bbox 1335 615 1349 634; x_wconf 87' lang='lat'>⁵</span> <span class='ocrx_word' id='word_1_55' title='bbox 1375 616 1421 656; x_wconf 91' lang='lat' dir='ltr'>in</span> <span class='ocrx_word' id='word_1_56' title='bbox 1443 617 1541 656; x_wconf 86' lang='lat' dir='ltr'>dies</span> <span class='ocrx_word' id='word_1_57' title='bbox 1562 617 1715 668; x_wconf 91' lang='lat' dir='ltr'>magis</span> <span class='ocrx_word' id='word_1_58' title='bbox 1738 629 1793 656; x_wconf 87' lang='lat' dir='ltr'>ac</span> 
     </span>
     <span class='ocr_line' id='line_1_8' title="bbox 151 692 567 742; baseline -0.002 -11"><span class='ocrx_word' id='word_1_59' title='bbox 151 692 305 742; x_wconf 89' lang='lat' dir='ltr'>magis</span> <span class='ocrx_word' id='word_1_60' title='bbox 327 696 567 741; x_wconf 79' lang='lat' dir='ltr'>augescat.</span> 
     </span>
    </p>

    <p class='ocr_par' dir='ltr' id='par_1_3' title="bbox 147 759 1793 1159">
     <span class='ocr_line' id='line_1_9' title="bbox 232 759 1789 814; baseline -0.002 -12"><span class='ocrx_word' id='word_1_61' title='bbox 232 763 282 803; x_wconf 93' lang='lat' dir='ltr'>In</span> <span class='ocrx_word' id='word_1_62' title='bbox 303 761 669 814; x_wconf 79' lang='lat' dir='ltr'>quadragesima</span> <span class='ocrx_word' id='word_1_63' title='bbox 692 761 959 801; x_wconf 87' lang='lat' dir='ltr'>audivimus</span> <span class='ocrx_word' id='word_1_64' title='bbox 981 760 1303 801; x_wconf 88' lang='lat' dir='ltr'>confessiones</span> <span class='ocrx_word' id='word_1_65' title='bbox 1326 760 1534 800; x_wconf 88' lang='lat' dir='ltr'>omnium</span> <span class='ocrx_word' id='word_1_66' title='bbox 1554 759 1650 799; x_wconf 88' lang='lat' dir='ltr'>fere</span> <span class='ocrx_word' id='word_1_67' title='bbox 1681 770 1789 810; x_wconf 89' lang='lat' dir='ltr'>pau-</span> 
     </span>
     <span class='ocr_line' id='line_1_10' title="bbox 153 830 1790 885; baseline -0.002 -12"><span class='ocrx_word' id='word_1_68' title='bbox 153 845 315 885; x_wconf 88' lang='lat' dir='ltr'>perum</span> <span class='ocrx_word' id='word_1_69' title='bbox 336 834 479 873; x_wconf 87' lang='lat' dir='ltr'>totius</span> <span class='ocrx_word' id='word_1_70' title='bbox 502 833 724 883; x_wconf 84' lang='lat' dir='ltr'>civitatis,</span> <span class='ocrx_word' id='word_1_71' title='bbox 744 844 907 873; x_wconf 90' lang='lat' dir='ltr'>eorum</span> <span class='ocrx_word' id='word_1_72' title='bbox 939 832 1080 872; x_wconf 90' lang='lat' dir='ltr'>etiam</span> <span class='ocrx_word' id='word_1_73' title='bbox 1107 832 1184 883; x_wconf 89' lang='lat' dir='ltr'>qui</span> <span class='ocrx_word' id='word_1_74' title='bbox 1212 843 1404 872; x_wconf 90' lang='lat' dir='ltr'>carcere</span> <span class='ocrx_word' id='word_1_75' title='bbox 1432 831 1697 871; x_wconf 86' lang='lat' dir='ltr'>detinentur</span> <span class='ocrx_word' id='word_1_76' title='bbox 1728 830 1790 870; x_wconf 87' lang='lat' dir='ltr'>in-</span> 
     </span>
     <span class='ocr_line' id='line_1_11' title="bbox 148 902 1792 956; baseline -0.002 -11"><span class='ocrx_word' id='word_1_77' title='bbox 148 905 283 955; x_wconf 87' lang='lat' dir='ltr'>clusi,</span> <span class='ocrx_word' id='word_1_78' title='bbox 307 905 354 945; x_wconf 88' lang='lat' dir='ltr'>in</span> <span class='ocrx_word' id='word_1_79' title='bbox 376 905 543 956; x_wconf 91' lang='lat' dir='ltr'>quibus</span> <span class='ocrx_word' id='word_1_80' title='bbox 572 904 787 944; x_wconf 86' lang='lat' dir='ltr'>omnibus</span> <span class='ocrx_word' id='word_1_81' title='bbox 810 916 893 956; x_wconf 89' lang='lat' dir='ltr'>per</span> <span class='ocrx_word' id='word_1_82' title='bbox 915 904 1120 955; x_wconf 76' lang='lat' dir='ltr'>gratiam</span> <span class='ocrx_word' id='word_1_83' title='bbox 1152 903 1241 943; x_wconf 91' lang='lat' dir='ltr'>Dei</span> <span class='ocrx_word' id='word_1_84' title='bbox 1260 914 1354 943; x_wconf 90' lang='lat' dir='ltr'>non</span> <span class='ocrx_word' id='word_1_85' title='bbox 1382 902 1581 953; x_wconf 83' lang='lat' dir='ltr'>exiguus</span> <span class='ocrx_word' id='word_1_86' title='bbox 1612 902 1792 941; x_wconf 88' lang='lat' dir='ltr'>fructus</span> 
     </span>
     <span class='ocr_line' id='line_1_12' title="bbox 153 972 1791 1028; baseline -0.002 -12"><span class='ocrx_word' id='word_1_87' title='bbox 153 976 403 1028; x_wconf 87' lang='lat' dir='ltr'>decerptus</span> <span class='ocrx_word' id='word_1_88' title='bbox 425 982 520 1016; x_wconf 83' lang='lat' dir='ltr'>est:</span> <span class='ocrx_word' id='word_1_89' title='bbox 545 976 755 1016; x_wconf 84' lang='lat' dir='ltr'>nonnulli</span> <span class='ocrx_word' id='word_1_90' title='bbox 781 975 905 1015; x_wconf 89' lang='lat' dir='ltr'>enim</span> <span class='ocrx_word' id='word_1_91' title='bbox 926 987 984 1015; x_wconf 84' lang='lat' dir='ltr'>ex</span> <span class='ocrx_word' id='word_1_92' title='bbox 1004 975 1076 1014; x_wconf 89' lang='lat' dir='ltr'>his</span> <span class='ocrx_word' id='word_1_93' title='bbox 1107 974 1280 1026; x_wconf 88' lang='lat' dir='ltr'>reperti</span> <span class='ocrx_word' id='word_1_94' title='bbox 1305 979 1426 1024; x_wconf 87' lang='lat' dir='ltr'>sunt,</span> <span class='ocrx_word' id='word_1_95' title='bbox 1450 974 1529 1024; x_wconf 87' lang='lat' dir='ltr'>qui</span> <span class='ocrx_word' id='word_1_96' title='bbox 1551 985 1577 1013; x_wconf 90' lang='lat' dir='ltr'>a</span> <span class='ocrx_word' id='word_1_97' title='bbox 1605 972 1791 1025; x_wconf 89' lang='lat' dir='ltr'>quinde-</span> 
     </span>
     <span class='ocr_line' id='line_1_13' title="bbox 147 1044 1793 1098; baseline -0.002 -11"><span class='ocrx_word' id='word_1_98' title='bbox 147 1047 242 1087; x_wconf 88' lang='lat' dir='ltr'>cim</span> <span class='ocrx_word' id='word_1_99' title='bbox 264 1054 342 1087; x_wconf 86' lang='lat' dir='ltr'>aut</span> <span class='ocrx_word' id='word_1_100' title='bbox 364 1047 603 1087; x_wconf 76' lang='lat' dir='ltr'>sexdecim</span> <span class='ocrx_word' id='word_1_101' title='bbox 624 1054 668 1087; x_wconf 88' lang='lat' dir='ltr'>et</span> <span class='ocrx_word' id='word_1_102' title='bbox 688 1046 860 1098; x_wconf 87' lang='lat' dir='ltr'>viginti</span> <span class='ocrx_word' id='word_1_103' title='bbox 881 1046 1016 1086; x_wconf 88' lang='lat' dir='ltr'>annis</span> <span class='ocrx_word' id='word_1_104' title='bbox 1038 1045 1242 1086; x_wconf 87' lang='lat' dir='ltr'>confessi</span> <span class='ocrx_word' id='word_1_105' title='bbox 1263 1057 1356 1086; x_wconf 90' lang='lat' dir='ltr'>non</span> <span class='ocrx_word' id='word_1_106' title='bbox 1377 1045 1575 1085; x_wconf 88' lang='lat' dir='ltr'>fuerant.</span> <span class='ocrx_word' id='word_1_107' title='bbox 1595 1045 1653 1084; x_wconf 89' lang='lat' dir='ltr'>Et</span> <span class='ocrx_word' id='word_1_108' title='bbox 1674 1044 1793 1084; x_wconf 89' lang='lat' dir='ltr'>haec</span> 
     </span>
     <span class='ocr_line' id='line_1_14' title="bbox 153 1119 715 1159; baseline -0.002 0"><span class='ocrx_word' id='word_1_109' title='bbox 153 1119 209 1159; x_wconf 87' lang='lat' dir='ltr'>de</span> <span class='ocrx_word' id='word_1_110' title='bbox 231 1119 440 1159; x_wconf 83' lang='lat' dir='ltr'>externis</span> <span class='ocrx_word' id='word_1_111' title='bbox 462 1119 587 1159; x_wconf 84' lang='lat' dir='ltr'>dicta</span> <span class='ocrx_word' id='word_1_112' title='bbox 609 1119 715 1158; x_wconf 87' lang='lat' dir='ltr'>sint.</span> 
     </span>
    </p>

    <p class='ocr_par' dir='ltr' id='par_1_4' title="bbox 145 1187 1795 2455">
     <span class='ocr_line' id='line_1_15' title="bbox 234 1187 1789 1240; baseline -0.002 -10"><span class='ocrx_word' id='word_1_113' title='bbox 234 1189 471 1240; x_wconf 84' lang='lat' dir='ltr'>Quantum</span> <span class='ocrx_word' id='word_1_114' title='bbox 489 1196 644 1230; x_wconf 89' lang='lat' dir='ltr'>autem</span> <span class='ocrx_word' id='word_1_115' title='bbox 665 1190 724 1230; x_wconf 84' lang='lat' dir='ltr'>ad</span> <span class='ocrx_word' id='word_1_116' title='bbox 744 1201 831 1230; x_wconf 85' lang='lat' dir='ltr'>nos</span> <span class='ocrx_word' id='word_1_117' title='bbox 853 1189 1032 1239; x_wconf 86' lang='lat' dir='ltr'>attinet,</span> <span class='ocrx_word' id='word_1_118' title='bbox 1056 1189 1150 1228; x_wconf 88' lang='lat' dir='ltr'>iarn</span> <span class='ocrx_word' id='word_1_119' title='bbox 1167 1187 1295 1228; x_wconf 87' lang='lat' dir='ltr'>domi</span> <span class='ocrx_word' id='word_1_120' title='bbox 1311 1199 1471 1228; x_wconf 89' lang='lat' dir='ltr'>sumus</span> <span class='ocrx_word' id='word_1_121' title='bbox 1493 1187 1664 1239; x_wconf 88' lang='lat' dir='ltr'>viginti</span> <span class='ocrx_word' id='word_1_122' title='bbox 1680 1193 1789 1234; x_wconf 71' lang='lat' dir='ltr'>treS,</span> 
     </span>
     <span class='ocr_line' id='line_1_16' title="bbox 150 1259 1793 1313; baseline -0.002 -12"><span class='ocrx_word' id='word_1_123' title='bbox 150 1269 461 1301; x_wconf 83' lang='lat' dir='ltr'>annumerato</span> <span class='ocrx_word' id='word_1_124' title='bbox 483 1261 574 1311; x_wconf 87' lang='lat' dir='ltr'>illo,</span> <span class='ocrx_word' id='word_1_125' title='bbox 601 1273 738 1313; x_wconf 90' lang='lat' dir='ltr'>quem</span> <span class='ocrx_word' id='word_1_126' title='bbox 759 1272 901 1312; x_wconf 91' lang='lat' dir='ltr'>supra</span> <span class='ocrx_word' id='word_1_127' title='bbox 923 1260 1182 1300; x_wconf 84' lang='lat' dir='ltr'>memoravi</span> <span class='ocrx_word' id='word_1_128' title='bbox 1203 1259 1231 1309; x_wconf 77' lang='lat'>⁶,</span> <span class='ocrx_word' id='word_1_129' title='bbox 1256 1271 1457 1311; x_wconf 90' lang='lat' dir='ltr'>quorum</span> <span class='ocrx_word' id='word_1_130' title='bbox 1482 1265 1660 1311; x_wconf 85' lang='lat' dir='ltr'>septem</span> <span class='ocrx_word' id='word_1_131' title='bbox 1688 1266 1793 1298; x_wconf 89' lang='lat' dir='ltr'>sunt</span> 
     </span>
     <span class='ocr_line' id='line_1_17' title="bbox 145 1330 1793 1381; baseline -0.002 -8"><span class='ocrx_word' id='word_1_132' title='bbox 145 1333 437 1373; x_wconf 83' lang='lat' dir='ltr'>sacerdotes.</span> <span class='ocrx_word' id='word_1_133' title='bbox 470 1332 606 1373; x_wconf 85' lang='lat' dir='ltr'>Alius</span> <span class='ocrx_word' id='word_1_134' title='bbox 628 1345 686 1372; x_wconf 81' lang='lat' dir='ltr'>ex</span> <span class='ocrx_word' id='word_1_135' title='bbox 713 1332 819 1372; x_wconf 88' lang='lat' dir='ltr'>filiis</span> <span class='ocrx_word' id='word_1_136' title='bbox 847 1331 991 1372; x_wconf 88' lang='lat' dir='ltr'>vicini</span> <span class='ocrx_word' id='word_1_137' title='bbox 1020 1332 1170 1372; x_wconf 84' lang='lat' dir='ltr'>nostri</span> <span class='ocrx_word' id='word_1_138' title='bbox 1203 1330 1397 1371; x_wconf 87' lang='lat' dir='ltr'>Antonii</span> <span class='ocrx_word' id='word_1_139' title='bbox 1431 1330 1625 1381; x_wconf 86' lang='lat' dir='ltr'>Acosta,</span> <span class='ocrx_word' id='word_1_140' title='bbox 1662 1330 1793 1370; x_wconf 87' lang='lat' dir='ltr'>cuius</span> 
     </span>
     <span class='ocr_line' id='line_1_18' title="bbox 148 1401 1789 1456; baseline -0.001 -13"><span class='ocrx_word' id='word_1_141' title='bbox 148 1404 348 1456; x_wconf 90' lang='lat' dir='ltr'>amplior</span> <span class='ocrx_word' id='word_1_142' title='bbox 368 1403 510 1445; x_wconf 68' lang='lat' dir='ltr'>*facta</span> <span class='ocrx_word' id='word_1_143' title='bbox 546 1411 616 1444; x_wconf 92' lang='lat' dir='ltr'>est</span> <span class='ocrx_word' id='word_1_144' title='bbox 644 1404 817 1444; x_wconf 89' lang='lat' dir='ltr'>mentio</span> <span class='ocrx_word' id='word_1_145' title='bbox 846 1416 969 1444; x_wconf 85' lang='lat' dir='ltr'>anno</span> <span class='ocrx_word' id='word_1_146' title='bbox 999 1403 1248 1455; x_wconf 87' lang='lat' dir='ltr'>superiori,</span> <span class='ocrx_word' id='word_1_147' title='bbox 1280 1403 1513 1443; x_wconf 88' lang='lat' dir='ltr'>admissus</span> <span class='ocrx_word' id='word_1_148' title='bbox 1539 1409 1610 1443; x_wconf 92' lang='lat' dir='ltr'>est</span> <span class='ocrx_word' id='word_1_149' title='bbox 1637 1402 1683 1442; x_wconf 90' lang='lat' dir='ltr'>in</span> <span class='ocrx_word' id='word_1_150' title='bbox 1712 1401 1789 1442; x_wconf 84' lang='lat' dir='ltr'>So-</span> 
     </span>
     <span class='ocr_line' id='line_1_19' title="bbox 149 1474 1793 1526; baseline -0.001 -11"><span class='ocrx_word' id='word_1_151' title='bbox 149 1475 368 1516; x_wconf 89' lang='lat' dir='ltr'>cietatem</span> <span class='ocrx_word' id='word_1_152' title='bbox 399 1483 626 1525; x_wconf 88' lang='lat' dir='ltr'>nostram,</span> <span class='ocrx_word' id='word_1_153' title='bbox 651 1476 729 1526; x_wconf 91' lang='lat' dir='ltr'>qui</span> <span class='ocrx_word' id='word_1_154' title='bbox 760 1487 953 1516; x_wconf 87' lang='lat' dir='ltr'>numero</span> <span class='ocrx_word' id='word_1_155' title='bbox 989 1474 1188 1515; x_wconf 84' lang='lat' dir='ltr'>fratrum</span> <span class='ocrx_word' id='word_1_156' title='bbox 1209 1486 1322 1514; x_wconf 89' lang='lat' dir='ltr'>suae</span> <span class='ocrx_word' id='word_1_157' title='bbox 1357 1474 1514 1514; x_wconf 89' lang='lat' dir='ltr'>carnis</span> <span class='ocrx_word' id='word_1_158' title='bbox 1548 1474 1793 1526; x_wconf 87' lang='lat' dir='ltr'>appositus</span> 
     </span>
     <span class='ocr_line' id='line_1_20' title="bbox 147 1546 1792 1598; baseline -0.001 -11"><span class='ocrx_word' id='word_1_159' title='bbox 147 1548 503 1598; x_wconf 86' lang='lat' dir='ltr'>quaternarium</span> <span class='ocrx_word' id='word_1_160' title='bbox 524 1547 683 1598; x_wconf 84' lang='lat' dir='ltr'>efficit;</span> <span class='ocrx_word' id='word_1_161' title='bbox 708 1553 815 1587; x_wconf 88' lang='lat' dir='ltr'>sunt</span> <span class='ocrx_word' id='word_1_162' title='bbox 847 1547 972 1587; x_wconf 87' lang='lat' dir='ltr'>enim</span> <span class='ocrx_word' id='word_1_163' title='bbox 993 1547 1040 1586; x_wconf 90' lang='lat' dir='ltr'>hi</span> <span class='ocrx_word' id='word_1_164' title='bbox 1066 1554 1268 1598; x_wconf 87' lang='lat' dir='ltr'>quatuor</span> <span class='ocrx_word' id='word_1_165' title='bbox 1294 1546 1465 1586; x_wconf 84' lang='lat' dir='ltr'>fratres</span> <span class='ocrx_word' id='word_1_166' title='bbox 1495 1557 1553 1585; x_wconf 80' lang='lat' dir='ltr'>ex</span> <span class='ocrx_word' id='word_1_167' title='bbox 1583 1546 1792 1597; x_wconf 90' lang='lat' dir='ltr'>utrisque</span> 
     </span>
     <span class='ocr_line' id='line_1_21' title="bbox 147 1616 1792 1670; baseline -0.001 -12"><span class='ocrx_word' id='word_1_168' title='bbox 147 1617 322 1658; x_wconf 84' lang='lat' dir='ltr'>eisdem</span> <span class='ocrx_word' id='word_1_169' title='bbox 342 1619 615 1670; x_wconf 87' lang='lat' dir='ltr'>parentibus</span> <span class='ocrx_word' id='word_1_170' title='bbox 632 1622 644 1641; x_wconf 80' lang='lat'><em>⁷</em></span> <span class='ocrx_word' id='word_1_171' title='bbox 665 1618 776 1670; x_wconf 85' lang='lat' dir='ltr'>nati,</span> <span class='ocrx_word' id='word_1_172' title='bbox 802 1619 987 1670; x_wconf 85' lang='lat' dir='ltr'>iamque</span> <span class='ocrx_word' id='word_1_173' title='bbox 1009 1617 1235 1658; x_wconf 85' lang='lat' dir='ltr'>Societati</span> <span class='ocrx_word' id='word_1_174' title='bbox 1254 1624 1445 1657; x_wconf 86' lang='lat' dir='ltr'>nostrae</span> <span class='ocrx_word' id='word_1_175' title='bbox 1468 1616 1689 1666; x_wconf 86' lang='lat' dir='ltr'>dedicati;</span> <span class='ocrx_word' id='word_1_176' title='bbox 1715 1617 1792 1668; x_wconf 92' lang='lat' dir='ltr'>qui</span> 
     </span>
     <span class='ocr_line' id='line_1_22' title="bbox 148 1688 1794 1741; baseline -0.001 -11"><span class='ocrx_word' id='word_1_177' title='bbox 148 1689 333 1740; x_wconf 87' lang='lat' dir='ltr'>quidem</span> <span class='ocrx_word' id='word_1_178' title='bbox 355 1701 461 1730; x_wconf 91' lang='lat' dir='ltr'>cum</span> <span class='ocrx_word' id='word_1_179' title='bbox 484 1690 684 1730; x_wconf 91' lang='lat' dir='ltr'>caeteris</span> <span class='ocrx_word' id='word_1_180' title='bbox 707 1690 923 1730; x_wconf 87' lang='lat' dir='ltr'>omnibus</span> <span class='ocrx_word' id='word_1_181' title='bbox 944 1689 1114 1729; x_wconf 90' lang='lat' dir='ltr'>mirum</span> <span class='ocrx_word' id='word_1_182' title='bbox 1136 1690 1183 1729; x_wconf 89' lang='lat' dir='ltr'>in</span> <span class='ocrx_word' id='word_1_183' title='bbox 1204 1689 1394 1729; x_wconf 87' lang='lat' dir='ltr'>modum</span> <span class='ocrx_word' id='word_1_184' title='bbox 1412 1688 1675 1741; x_wconf 87' lang='lat' dir='ltr'>proficiunt,</span> <span class='ocrx_word' id='word_1_185' title='bbox 1695 1695 1794 1728; x_wconf 92' lang='lat' dir='ltr'>tum</span> 
     </span>
     <span class='ocr_line' id='line_1_23' title="bbox 145 1760 1794 1812; baseline 0 -12"><span class='ocrx_word' id='word_1_186' title='bbox 145 1760 194 1800; x_wconf 89' lang='lat' dir='ltr'>in</span> <span class='ocrx_word' id='word_1_187' title='bbox 207 1761 333 1801; x_wconf 88' lang='lat' dir='ltr'>omni</span> <span class='ocrx_word' id='word_1_188' title='bbox 344 1772 518 1812; x_wconf 89' lang='lat' dir='ltr'>genere</span> <span class='ocrx_word' id='word_1_189' title='bbox 530 1761 772 1812; x_wconf 86' lang='lat' dir='ltr'>virtutum,</span> <span class='ocrx_word' id='word_1_190' title='bbox 791 1768 887 1801; x_wconf 89' lang='lat' dir='ltr'>tum</span> <span class='ocrx_word' id='word_1_191' title='bbox 901 1761 1105 1801; x_wconf 84' lang='lat' dir='ltr'>maxime</span> <span class='ocrx_word' id='word_1_192' title='bbox 1117 1760 1164 1800; x_wconf 90' lang='lat' dir='ltr'>in</span> <span class='ocrx_word' id='word_1_193' title='bbox 1176 1761 1338 1800; x_wconf 87' lang='lat' dir='ltr'>humili</span> <span class='ocrx_word' id='word_1_194' title='bbox 1354 1760 1619 1801; x_wconf 86' lang='lat' dir='ltr'>obedientia</span> <span class='ocrx_word' id='word_1_195' title='bbox 1631 1761 1794 1812; x_wconf 87' lang='lat' dir='ltr'>suique</span> 
     </span>
     <span class='ocr_line' id='line_1_24' title="bbox 145 1832 1795 1884; baseline -0.001 -12"><span class='ocrx_word' id='word_1_196' title='bbox 145 1832 294 1884; x_wconf 90' lang='lat' dir='ltr'>ipsius</span> <span class='ocrx_word' id='word_1_197' title='bbox 330 1832 664 1884; x_wconf 82' lang='lat' dir='ltr'>abnegatione3</span> <span class='ocrx_word' id='word_1_198' title='bbox 702 1844 849 1884; x_wconf 89' lang='lat' dir='ltr'>usque</span> <span class='ocrx_word' id='word_1_199' title='bbox 877 1832 995 1872; x_wconf 87' lang='lat' dir='ltr'>adeo</span> <span class='ocrx_word' id='word_1_200' title='bbox 1024 1832 1148 1872; x_wconf 90' lang='lat' dir='ltr'>enim</span> <span class='ocrx_word' id='word_1_201' title='bbox 1183 1832 1355 1872; x_wconf 86' lang='lat' dir='ltr'>acriter</span> <span class='ocrx_word' id='word_1_202' title='bbox 1386 1832 1576 1883; x_wconf 86' lang='lat' dir='ltr'>quilibet</span> <span class='ocrx_word' id='word_1_203' title='bbox 1604 1843 1795 1872; x_wconf 87' lang='lat' dir='ltr'>carnem</span> 
     </span>
     <span class='ocr_line' id='line_1_25' title="bbox 147 1903 1790 1956; baseline -0.001 -12"><span class='ocrx_word' id='word_1_204' title='bbox 147 1915 281 1944; x_wconf 89' lang='lat' dir='ltr'>suam</span> <span class='ocrx_word' id='word_1_205' title='bbox 302 1910 661 1956; x_wconf 89' lang='lat' dir='ltr'>persequuntur,</span> <span class='ocrx_word' id='word_1_206' title='bbox 687 1915 882 1956; x_wconf 85' lang='lat' dir='ltr'>eamque</span> <span class='ocrx_word' id='word_1_207' title='bbox 904 1910 1000 1944; x_wconf 88' lang='lat' dir='ltr'>tam</span> <span class='ocrx_word' id='word_1_208' title='bbox 1022 1904 1183 1944; x_wconf 88' lang='lat' dir='ltr'>sedulo</span> <span class='ocrx_word' id='word_1_209' title='bbox 1213 1909 1435 1955; x_wconf 87' lang='lat' dir='ltr'>satagunt</span> <span class='ocrx_word' id='word_1_210' title='bbox 1462 1903 1648 1955; x_wconf 87' lang='lat' dir='ltr'>spiritui</span> <span class='ocrx_word' id='word_1_211' title='bbox 1676 1904 1790 1943; x_wconf 88' lang='lat' dir='ltr'>subi-</span> 
     </span>
     <span class='ocr_line' id='line_1_26' title="bbox 145 1974 1793 2027; baseline 0.001 -13"><span class='ocrx_word' id='word_1_212' title='bbox 145 1985 275 2026; x_wconf 89' lang='lat' dir='ltr'>gere,</span> <span class='ocrx_word' id='word_1_213' title='bbox 301 1982 348 2015; x_wconf 90' lang='lat' dir='ltr'>ut</span> <span class='ocrx_word' id='word_1_214' title='bbox 369 1987 427 2015; x_wconf 87' lang='lat' dir='ltr'>ne</span> <span class='ocrx_word' id='word_1_215' title='bbox 453 1976 602 2016; x_wconf 87' lang='lat' dir='ltr'>latum</span> <span class='ocrx_word' id='word_1_216' title='bbox 624 1976 813 2027; x_wconf 86' lang='lat' dir='ltr'>quidem</span> <span class='ocrx_word' id='word_1_217' title='bbox 838 1976 1042 2016; x_wconf 90' lang='lat' dir='ltr'>culmum</span> <span class='ocrx_word' id='word_1_218' title='bbox 1064 1974 1078 1993; x_wconf 79' lang='lat'><strong>⁸</strong></span> <span class='ocrx_word' id='word_1_219' title='bbox 1109 1975 1249 2026; x_wconf 86' lang='lat' dir='ltr'>(quod</span> <span class='ocrx_word' id='word_1_220' title='bbox 1273 1975 1416 2025; x_wconf 89' lang='lat' dir='ltr'>aiunt)</span> <span class='ocrx_word' id='word_1_221' title='bbox 1451 1987 1556 2015; x_wconf 91' lang='lat' dir='ltr'>eam</span> <span class='ocrx_word' id='word_1_222' title='bbox 1591 1975 1747 2015; x_wconf 89' lang='lat' dir='ltr'>sinant</span> <span class='ocrx_word' id='word_1_223' title='bbox 1768 1988 1793 2015; x_wconf 86' lang='lat' dir='ltr'>a</span> 
     </span>
     <span class='ocr_line' id='line_1_27' title="bbox 147 2046 1794 2096; baseline 0 -10"><span class='ocrx_word' id='word_1_224' title='bbox 147 2051 277 2086; x_wconf 91' lang='lat' dir='ltr'>recto</span> <span class='ocrx_word' id='word_1_225' title='bbox 299 2047 497 2086; x_wconf 91' lang='lat' dir='ltr'>rationis</span> <span class='ocrx_word' id='word_1_226' title='bbox 518 2047 704 2087; x_wconf 86' lang='lat' dir='ltr'>tramite</span> <span class='ocrx_word' id='word_1_227' title='bbox 727 2047 979 2087; x_wconf 90' lang='lat' dir='ltr'>declinare.</span> <span class='ocrx_word' id='word_1_228' title='bbox 1013 2046 1253 2086; x_wconf 78' lang='lat' dir='ltr'>Exercitia</span> <span class='ocrx_word' id='word_1_229' title='bbox 1275 2046 1385 2086; x_wconf 89' lang='lat' dir='ltr'>item</span> <span class='ocrx_word' id='word_1_230' title='bbox 1408 2046 1630 2096; x_wconf 86' lang='lat' dir='ltr'>literaria,</span> <span class='ocrx_word' id='word_1_231' title='bbox 1662 2046 1794 2086; x_wconf 86' lang='lat' dir='ltr'>iuxta</span> 
     </span>
     <span class='ocr_line' id='line_1_28' title="bbox 147 2117 1792 2170; baseline 0.001 -14"><span class='ocrx_word' id='word_1_232' title='bbox 147 2117 314 2157; x_wconf 84' lang='lat' dir='ltr'>classis</span> <span class='ocrx_word' id='word_1_233' title='bbox 336 2118 703 2170; x_wconf 90' lang='lat' dir='ltr'>uniuscuiusque</span> <span class='ocrx_word' id='word_1_234' title='bbox 724 2118 1012 2169; x_wconf 86' lang='lat' dir='ltr'>facultatem,</span> <span class='ocrx_word' id='word_1_235' title='bbox 1038 2118 1244 2170; x_wconf 88' lang='lat' dir='ltr'>quotidie</span> <span class='ocrx_word' id='word_1_236' title='bbox 1267 2117 1314 2157; x_wconf 89' lang='lat' dir='ltr'>in</span> <span class='ocrx_word' id='word_1_237' title='bbox 1341 2118 1507 2158; x_wconf 89' lang='lat' dir='ltr'>melius</span> <span class='ocrx_word' id='word_1_238' title='bbox 1528 2117 1792 2169; x_wconf 85' lang='lat' dir='ltr'>provehun-</span> 
     </span>
     <span class='ocr_line' id='line_1_29' title="bbox 146 2188 1794 2242; baseline 0.001 -14"><span class='ocrx_word' id='word_1_239' title='bbox 146 2195 236 2228; x_wconf 90' lang='lat' dir='ltr'>tur.</span> <span class='ocrx_word' id='word_1_240' title='bbox 260 2188 329 2229; x_wconf 87' lang='lat' dir='ltr'>Illi</span> <span class='ocrx_word' id='word_1_241' title='bbox 349 2200 565 2242; x_wconf 85' lang='lat' dir='ltr'>namque,</span> <span class='ocrx_word' id='word_1_242' title='bbox 591 2190 669 2242; x_wconf 89' lang='lat' dir='ltr'>qui</span> <span class='ocrx_word' id='word_1_243' title='bbox 694 2190 925 2230; x_wconf 90' lang='lat' dir='ltr'>hactenus</span> <span class='ocrx_word' id='word_1_244' title='bbox 947 2189 1100 2241; x_wconf 87' lang='lat' dir='ltr'>prima</span> <span class='ocrx_word' id='word_1_245' title='bbox 1121 2190 1310 2241; x_wconf 90' lang='lat' dir='ltr'>linguae</span> <span class='ocrx_word' id='word_1_246' title='bbox 1332 2189 1507 2229; x_wconf 83' lang='lat' dir='ltr'>latinae</span> <span class='ocrx_word' id='word_1_247' title='bbox 1529 2189 1794 2229; x_wconf 88' lang='lat' dir='ltr'>rudimenta</span> 
     </span>
     <span class='ocr_line' id='line_1_30' title="bbox 148 2259 1793 2314; baseline 0.001 -15"><span class='ocrx_word' id='word_1_248' title='bbox 148 2259 428 2311; x_wconf 89' lang='lat' dir='ltr'>didicerunt,</span> <span class='ocrx_word' id='word_1_249' title='bbox 452 2261 546 2301; x_wconf 88' lang='lat' dir='ltr'>iam</span> <span class='ocrx_word' id='word_1_250' title='bbox 567 2263 705 2313; x_wconf 87' lang='lat' dir='ltr'>paulo</span> <span class='ocrx_word' id='word_1_251' title='bbox 727 2261 1051 2314; x_wconf 83' lang='lat' dir='ltr'>provectiores</span> <span class='ocrx_word' id='word_1_252' title='bbox 1073 2261 1239 2312; x_wconf 82' lang='lat' dir='ltr'>effecti,</span> <span class='ocrx_word' id='word_1_253' title='bbox 1263 2261 1492 2312; x_wconf 89' lang='lat' dir='ltr'>incipiunt</span> <span class='ocrx_word' id='word_1_254' title='bbox 1513 2261 1793 2311; x_wconf 87' lang='lat' dir='ltr'>sapientium</span> 
     </span>
     <span class='ocr_line' id='line_1_31' title="bbox 151 2331 1794 2384; baseline 0.001 -14"><span class='ocrx_word' id='word_1_255' title='bbox 151 2343 205 2370; x_wconf 91' lang='lat' dir='ltr'>ac</span> <span class='ocrx_word' id='word_1_256' title='bbox 228 2331 475 2372; x_wconf 90' lang='lat' dir='ltr'>doctorum</span> <span class='ocrx_word' id='word_1_257' title='bbox 492 2333 704 2373; x_wconf 84' lang='lat' dir='ltr'>Virorum</span> <span class='ocrx_word' id='word_1_258' title='bbox 725 2333 1039 2373; x_wconf 90' lang='lat' dir='ltr'>monumentis</span> <span class='ocrx_word' id='word_1_259' title='bbox 1062 2344 1256 2384; x_wconf 92' lang='lat' dir='ltr'>operam</span> <span class='ocrx_word' id='word_1_260' title='bbox 1281 2344 1485 2372; x_wconf 87' lang='lat' dir='ltr'>navare:</span> <span class='ocrx_word' id='word_1_261' title='bbox 1510 2332 1539 2372; x_wconf 89' lang='lat' dir='ltr'>ii</span> <span class='ocrx_word' id='word_1_262' title='bbox 1560 2343 1691 2381; x_wconf 73' lang='lat' dir='ltr'>vem,</span> <span class='ocrx_word' id='word_1_263' title='bbox 1716 2333 1794 2384; x_wconf 92' lang='lat' dir='ltr'>qui</span> 
     </span>
     <span class='ocr_line' id='line_1_32' title="bbox 145 2403 1793 2455; baseline 0.001 -13"><span class='ocrx_word' id='word_1_264' title='bbox 145 2403 321 2443; x_wconf 83' lang='lat' dir='ltr'>artium</span> <span class='ocrx_word' id='word_1_265' title='bbox 341 2403 605 2444; x_wconf 88' lang='lat' dir='ltr'>liberalium</span> <span class='ocrx_word' id='word_1_266' title='bbox 635 2404 800 2444; x_wconf 87' lang='lat' dir='ltr'>studiis</span> <span class='ocrx_word' id='word_1_267' title='bbox 829 2411 1018 2455; x_wconf 82' lang='lat' dir='ltr'>vacant,</span> <span class='ocrx_word' id='word_1_268' title='bbox 1054 2404 1113 2444; x_wconf 85' lang='lat' dir='ltr'>ad</span> <span class='ocrx_word' id='word_1_269' title='bbox 1139 2404 1278 2444; x_wconf 86' lang='lat' dir='ltr'>finem</span> <span class='ocrx_word' id='word_1_270' title='bbox 1307 2404 1567 2444; x_wconf 88' lang='lat' dir='ltr'>studiorum</span> <span class='ocrx_word' id='word_1_271' title='bbox 1602 2415 1793 2444; x_wconf 89' lang='lat' dir='ltr'>suorum</span> 
     </span>
    </p>
   </div>
   <div class='ocr_carea' id='block_1_3' title="bbox 149 2509 391 2515">
    <p class='ocr_par' dir='ltr' id='par_1_5' title="bbox 149 2509 391 2515">
     <span class='ocr_line' id='line_1_33' title="bbox 149 2509 391 2515; baseline 0 0"><span class='ocrx_word' id='word_1_272' title='bbox 149 2509 391 2515; x_wconf 95' lang='lat' dir='ltr'> </span> 
     </span>
    </p>
   </div>
   <div class='ocr_carea' id='block_1_4' title="bbox 145 2564 1789 3023">
    <p class='ocr_par' dir='ltr' id='par_1_6' title="bbox 145 2564 1789 3023">
     <span class='ocr_line' id='line_1_34' title="bbox 252 2564 593 2598; baseline 0 -7"><span class='ocrx_word' id='word_1_273' title='bbox 252 2564 398 2598; x_wconf 81' lang='lat' dir='ltr'>publice.</span> <span class='ocrx_word' id='word_1_274' title='bbox 415 2564 593 2592; x_wconf 83' lang='lat' dir='ltr'>Polancus.</span> 
     </span>
     <span class='ocr_line' id='line_1_35' title="bbox 259 2612 602 2646; baseline 0 -7"><span class='ocrx_word' id='word_1_275' title='bbox 259 2612 407 2646; x_wconf 88' lang='lat' dir='ltr'>reliquit.</span> <span class='ocrx_word' id='word_1_276' title='bbox 424 2612 602 2639; x_wconf 79' lang='lat' dir='ltr'>Polancus.</span> 
     </span>
     <span class='ocr_line' id='line_1_36' title="bbox 259 2661 1037 2696; baseline 0.001 -8"><span class='ocrx_word' id='word_1_277' title='bbox 259 2661 409 2688; x_wconf 84' lang='lat' dir='ltr'>eiusdem</span> <span class='ocrx_word' id='word_1_278' title='bbox 425 2661 542 2696; x_wconf 82' lang='lat' dir='ltr'>officii,</span> <span class='ocrx_word' id='word_1_279' title='bbox 554 2662 708 2695; x_wconf 82' lang='lat' dir='ltr'>exemplo</span> <span class='ocrx_word' id='word_1_280' title='bbox 724 2661 841 2689; x_wconf 76' lang='lat' dir='ltr'>huius,</span> <span class='ocrx_word' id='word_1_281' title='bbox 858 2661 1037 2689; x_wconf 86' lang='lat' dir='ltr'>Polancus.</span> 
     </span>
     <span class='ocr_line' id='line_1_37' title="bbox 252 2709 534 2737; baseline 0 -1"><span class='ocrx_word' id='word_1_282' title='bbox 252 2714 289 2736; x_wconf 92' lang='lat' dir='ltr'>ut</span> <span class='ocrx_word' id='word_1_283' title='bbox 306 2710 341 2736; x_wconf 82' lang='lat' dir='ltr'>ii.</span> <span class='ocrx_word' id='word_1_284' title='bbox 356 2709 534 2737; x_wconf 83' lang='lat' dir='ltr'>Polancus.</span> 
     </span>
     <span class='ocr_line' id='line_1_38' title="bbox 252 2756 793 2791; baseline 0.002 -8"><span class='ocrx_word' id='word_1_285' title='bbox 252 2764 353 2791; x_wconf 84' lang='lat' dir='ltr'>quam</span> <span class='ocrx_word' id='word_1_286' title='bbox 368 2756 596 2784; x_wconf 79' lang='lat' dir='ltr'>multitudine.</span> <span class='ocrx_word' id='word_1_287' title='bbox 613 2757 793 2784; x_wconf 78' lang='lat' dir='ltr'>Polancus.</span> 
     </span>
     <span class='ocr_line' id='line_1_39' title="bbox 198 2803 1634 2839; baseline 0 -8"><span class='ocrx_word' id='word_1_288' title='bbox 198 2803 213 2824; x_wconf 82' lang='grc'>6</span> <span class='ocrx_word' id='word_1_289' title='bbox 251 2804 343 2836; x_wconf 78' lang='lat' dir='ltr'>Scil..</span> <span class='ocrx_word' id='word_1_290' title='bbox 360 2804 567 2832; x_wconf 84' lang='lat' dir='ltr'>subdiacono</span> <span class='ocrx_word' id='word_1_291' title='bbox 583 2805 626 2832; x_wconf 86' lang='lat' dir='ltr'>ad</span> <span class='ocrx_word' id='word_1_292' title='bbox 641 2805 818 2832; x_wconf 84' lang='lat' dir='ltr'>meliorem</span> <span class='ocrx_word' id='word_1_293' title='bbox 832 2805 967 2839; x_wconf 86' lang='lat' dir='ltr'>frugem</span> <span class='ocrx_word' id='word_1_294' title='bbox 984 2813 1151 2833; x_wconf 83' lang='lat' dir='ltr'>converso</span> <span class='ocrx_word' id='word_1_295' title='bbox 1166 2809 1200 2833; x_wconf 89' lang='lat' dir='ltr'>et</span> <span class='ocrx_word' id='word_1_296' title='bbox 1216 2804 1306 2832; x_wconf 84' lang='lat' dir='ltr'>domi</span> <span class='ocrx_word' id='word_1_297' title='bbox 1321 2808 1461 2832; x_wconf 87' lang='lat' dir='ltr'>nostrae</span> <span class='ocrx_word' id='word_1_298' title='bbox 1477 2803 1634 2839; x_wconf 84' lang='lat' dir='ltr'>degente.</span> 
     </span>
     <span class='ocr_line' id='line_1_40' title="bbox 200 2851 1038 2887; baseline 0.002 -9"><span class='ocrx_word' id='word_1_299' title='bbox 200 2851 212 2870; x_wconf 86' lang='lat'>&#39;¹</span> <span class='ocrx_word' id='word_1_300' title='bbox 252 2859 294 2878; x_wconf 85' lang='lat' dir='ltr'>ex</span> <span class='ocrx_word' id='word_1_301' title='bbox 308 2856 452 2886; x_wconf 83' lang='lat' dir='ltr'>utroque</span> <span class='ocrx_word' id='word_1_302' title='bbox 468 2852 586 2879; x_wconf 87' lang='lat' dir='ltr'>eodem</span> <span class='ocrx_word' id='word_1_303' title='bbox 601 2855 756 2887; x_wconf 83' lang='lat' dir='ltr'>parente.</span> <span class='ocrx_word' id='word_1_304' title='bbox 774 2852 1038 2880; x_wconf 82' lang='lat' dir='ltr'>Maximilianus.</span> 
     </span>
     <span class='ocr_line' id='line_1_41' title="bbox 200 2897 1789 2934; baseline 0 -8"><span class='ocrx_word' id='word_1_305' title='bbox 200 2897 215 2918; x_wconf 82' lang='lat'><strong>8</strong></span> <span class='ocrx_word' id='word_1_306' title='bbox 252 2899 306 2926; x_wconf 89' lang='lat' dir='ltr'>Ita</span> <span class='ocrx_word' id='word_1_307' title='bbox 321 2899 456 2934; x_wconf 88' lang='lat' dir='ltr'>quidem</span> <span class='ocrx_word' id='word_1_308' title='bbox 468 2900 621 2934; x_wconf 86' lang='lat' dir='ltr'>hispane,</span> <span class='ocrx_word' id='word_1_309' title='bbox 639 2900 676 2926; x_wconf 75' lang='lat' dir='ltr'>ni</span> <span class='ocrx_word' id='word_1_310' title='bbox 692 2907 762 2926; x_wconf 84' lang='lat' dir='ltr'>una</span> <span class='ocrx_word' id='word_1_311' title='bbox 776 2899 883 2934; x_wconf 76' lang='lat' dir='ltr'>paja,</span> <span class='ocrx_word' id='word_1_312' title='bbox 899 2901 937 2926; x_wconf 83' lang='lat' dir='ltr'>ni</span> <span class='ocrx_word' id='word_1_313' title='bbox 951 2900 983 2927; x_wconf 82' lang='lat' dir='ltr'>el</span> <span class='ocrx_word' id='word_1_314' title='bbox 997 2907 1124 2934; x_wconf 76' lang='lat' dir='ltr'>grueso</span> <span class='ocrx_word' id='word_1_315' title='bbox 1147 2901 1189 2927; x_wconf 81' lang='lat' dir='ltr'>de</span> <span class='ocrx_word' id='word_1_316' title='bbox 1213 2907 1284 2926; x_wconf 82' lang='lat' dir='ltr'>una</span> <span class='ocrx_word' id='word_1_317' title='bbox 1305 2900 1409 2934; x_wconf 52' lang='lat' dir='ltr'>pastu</span> <span class='ocrx_word' id='word_1_318' title='bbox 1430 2899 1488 2926; x_wconf 89' lang='lat' dir='ltr'>sed</span> <span class='ocrx_word' id='word_1_319' title='bbox 1509 2899 1608 2927; x_wconf 85' lang='lat' dir='ltr'>latini</span> <span class='ocrx_word' id='word_1_320' title='bbox 1631 2899 1789 2927; x_wconf 87' lang='lat' dir='ltr'>dicebant</span> 
     </span>
     <span class='ocr_line' id='line_1_42' title="bbox 146 2947 1789 2982; baseline 0.001 -9"><span class='ocrx_word' id='word_1_321' title='bbox 146 2954 191 2974; x_wconf 83' lang='lat' dir='ltr'>ne</span> <span class='ocrx_word' id='word_1_322' title='bbox 204 2947 319 2974; x_wconf 81' lang='lat' dir='ltr'>latum</span> <span class='ocrx_word' id='word_1_323' title='bbox 335 2947 478 2980; x_wconf 73' lang='lat' dir='ltr'>quidem</span> <span class='ocrx_word' id='word_1_324' title='bbox 495 2955 668 2981; x_wconf 77' lang='lat' dir='ltr'>unguem,</span> <span class='ocrx_word' id='word_1_325' title='bbox 690 2947 777 2981; x_wconf 87' lang='lat' dir='ltr'>quod</span> <span class='ocrx_word' id='word_1_326' title='bbox 799 2947 904 2974; x_wconf 88' lang='lat' dir='ltr'>etiam</span> <span class='ocrx_word' id='word_1_327' title='bbox 921 2948 953 2974; x_wconf 91' lang='lat' dir='ltr'>in</span> <span class='ocrx_word' id='word_1_328' title='bbox 968 2947 1150 2982; x_wconf 85' lang='lat' dir='ltr'>hispanum</span> <span class='ocrx_word' id='word_1_329' title='bbox 1165 2947 1304 2975; x_wconf 85' lang='lat' dir='ltr'>transiit</span> <span class='ocrx_word' id='word_1_330' title='bbox 1321 2947 1358 2974; x_wconf 84' lang='lat' dir='ltr'>ni</span> <span class='ocrx_word' id='word_1_331' title='bbox 1374 2948 1405 2974; x_wconf 85' lang='lat' dir='ltr'>el</span> <span class='ocrx_word' id='word_1_332' title='bbox 1418 2954 1546 2980; x_wconf 76' lang='lat' dir='ltr'>grueso</span> <span class='ocrx_word' id='word_1_333' title='bbox 1560 2947 1603 2974; x_wconf 83' lang='lat' dir='ltr'>de</span> <span class='ocrx_word' id='word_1_334' title='bbox 1618 2954 1690 2974; x_wconf 82' lang='lat' dir='ltr'>una</span> <span class='ocrx_word' id='word_1_335' title='bbox 1706 2947 1789 2979; x_wconf 69' lang='lat' dir='ltr'>usta,</span> 
     </span>
     <span class='ocr_line' id='line_1_43' title="bbox 145 2995 594 3023; baseline 0.002 -2"><span class='ocrx_word' id='word_1_336' title='bbox 145 2996 187 3021; x_wconf 79' lang='lat' dir='ltr'>ni</span> <span class='ocrx_word' id='word_1_337' title='bbox 200 2995 230 3022; x_wconf 80' lang='lat' dir='ltr'>el</span> <span class='ocrx_word' id='word_1_338' title='bbox 246 2997 347 3022; x_wconf 84' lang='lat' dir='ltr'>canto</span> <span class='ocrx_word' id='word_1_339' title='bbox 362 2996 405 3022; x_wconf 80' lang='lat' dir='ltr'>de</span> <span class='ocrx_word' id='word_1_340' title='bbox 419 3003 490 3022; x_wconf 84' lang='lat' dir='ltr'>una</span> <span class='ocrx_word' id='word_1_341' title='bbox 507 2997 594 3023; x_wconf 76' lang='grc' dir='ltr'><em>ιιῆα,</em></span> 
     </span>
    </p>
   </div>
   <div class='ocr_carea' id='block_1_5' title="bbox 199 2563 218 2776">
    <p class='ocr_par' dir='ltr' id='par_1_7' title="bbox 199 2563 218 2776">
     <span class='ocr_line' id='line_1_44' title="bbox 199 2563 218 2776; textangle 90"><span class='ocrx_word' id='word_1_342' title='bbox 199 2563 218 2776; x_wconf 45' lang='lat' dir='ltr'>&lt;affigam-</span> 
     </span>
    </p>
   </div>
  </div>
 </body>
</html>
