2080 3392
291 174 360 210 374
800 171 1026 206 L1‘rrERAE
1053 179 1410 212 QUADRIMESTRES

284 269 409 320 pium
439 267 771 316 vendicabunt,
805 277 922 316 quae
943 270 1047 316 post
1080 265 1241 304 ultimo
1272 264 1332 304 ad
1358 276 1445 303 vos
1481 263 1681 314 scriptas
1704 263 1923 313 proxime·

285 338 537 387 contigere.
561 337 720 387 Itaque
741 348 834 375 non
856 336 1164 386 incongruum
1193 335 1450 383 videbitur,
1481 334 1518 373 si
1546 334 1602 373 ab
1631 333 1760 373 initio
1787 334 1915 373 scho-

284 411 354 448 lae
377 413 563 447 nostrae
585 406 828 447 exordium
848 412 1000 446 sumat
1021 406 1137 446 haec
1157 405 1381 445 narratio.
1416 404 1503 445 Ubi
1533 404 1578 443 in
1608 404 1768 455 primis
1789 404 1918 443 intel-

284 480 397 530 ligat
436 478 489 517 R.
526 477 584 518 V.
625 477 673 517 P.
711 477 962 528 plurimum
1000 477 1129 527 prius
1165 475 1442 516 desudatum
1481 481 1618 526 atque
1655 474 1919 514 laboratum

285 561 386 589 esse
416 560 555 599 quam
578 549 635 588 ab
657 548 727 598 iis,
753 558 895 599 penes
916 559 1032 599 quos
1054 552 1154 586 erat
1175 546 1430 598 praecipua
1451 545 1732 595 authoritas,
1757 551 1917 596 potue-

285 620 429 660 rimus
450 619 642 658 liberam
673 618 879 658 obtinere
907 618 1178 657 facultatem
1209 616 1448 668 aperiendi
1469 616 1677 663 scholas,
1709 621 1753 655 et
1785 626 1917 666 quos-

287 691 358 730 vis
392 690 626 729 studiosos
662 689 955 729 admittendi:
992 694 1091 728 tum
1126 687 1233 739 quia
1267 687 1419 726 nullos
1453 686 1548 726 fere
1580 698 1723 726 causa
1758 692 1920 725 nostra

292 761 484 800 haberet
505 768 729 811 patronos
758 766 857 799 tum
885 759 994 811 quia
1022 758 1321 798 adversarios
1348 769 1441 797 non
1470 768 1645 808 paucos
1676 757 1754 808 qui
1782 756 1921 807 impe-

287 832 385 871 dire
407 841 691 881 magnopere
714 829 1054 869 contendebant
1082 827 1203 880 quod
1231 828 1318 867 nri.
1353 827 1566 867 effectum
1593 827 1649 866 iri
1681 832 1919 878 cuperent.

288 901 379 941 Sed
406 901 563 941 divina
593 912 680 952 ope
711 900 900 940 tandem
932 900 1029 939 voti
1057 904 1296 949 compotes
1322 898 1434 937 facti
1461 909 1623 937 sumus
1651 897 1920 937 cedentibus

289 985 343 1013 ac
374 972 663 1012 cessantibus
693 971 784 1021 his,
815 971 893 1022 qui
913 969 1206 1022 potissimum
1236 974 1432 1009 conatus
1454 974 1639 1008 nostros
1660 968 1844 1007 irritare
1869 979 1924 1006 ac

294 1043 547 1093 infringere
568 1042 847 1082 nitebantur.
878 1041 1011 1081 Prius
1045 1051 1184 1091 quam
1211 1040 1332 1079 hanc
1354 1039 1624 1079 facultatem
1650 1038 1920 1079 obtinuisse-

292 1125 412 1164 mus,
446 1113 579 1153 multi
613 1112 798 1164 quidem
830 1111 1115 1152 accedebant
1149 1110 1365 1160 studiosi,
1395 1121 1512 1161 quos
1542 1115 1761 1161 parentes
1792 1108 1931 1148 nobis-

290 1184 599 1225 obtrudebant
639 1182 938 1233 erudiendos,
981 1182 1146 1233 quibus
1186 1193 1291 1221 cum
1329 1180 1717 1232 responderemus
1754 1178 1798 1218 id
1831 1191 1926 1218 non

289 1256 416 1308 prius
435 1255 576 1295 licere
595 1255 731 1294 nobis
753 1265 894 1306 quam
923 1253 1267 1304 accepissemus
1291 1252 1562 1292 facultatem
1583 1262 1731 1301 neque
1760 1250 1827 1289 sic
1859 1261 1924 1288 re-

289 1327 425 1378 primi
455 1331 672 1377 poterant
699 1325 811 1376 quin
838 1325 886 1364 in
911 1324 1010 1364 dies
1039 1335 1259 1364 numerus
1288 1328 1520 1363 cresceret
1547 1322 1613 1361 sic
1643 1321 1919 1360 oblatorum.

366 1397 619 1448 Postquam
652 1396 810 1447 itaque
836 1395 1035 1435 innotuit
1066 1394 1200 1434 nobis
1228 1393 1401 1433 factam
1429 1404 1530 1433 esse
1557 1397 1836 1443 potestatem
1865 1391 1921 1430 le-

289 1468 449 1519 gendi,
487 1478 659 1517 magna
694 1477 808 1506 sane
841 1477 1095 1517 puerorum
1129 1464 1286 1514 turba,
1323 1463 1455 1503 brevi
1494 1463 1716 1514 temporis
1751 1462 1925 1513 spatiO,

290 1539 476 1579 scholas
510 1544 697 1577 nostras
730 1537 1028 1587 frequentare
1062 1535 1235 1586 coepit,
1266 1535 1313 1574 in
1343 1534 1528 1586 quibus,
1567 1545 1672 1573 cum
1707 1544 1800 1572 non
1831 1532 1924 1572 sint

287 1610 375 1661 ipsi
406 1609 566 1660 pravis
597 1607 759 1647 imbuti
793 1607 1108 1658 opinionibus,
1146 1606 1253 1646 licet
1282 1604 1419 1645 facile
1446 1610 1633 1656 praeter
1660 1604 1924 1643 litterarum

289 1680 572 1729 doctrinam,
610 1691 665 1718 ea
698 1690 816 1729 quae
853 1678 912 1718 ad
945 1677 1165 1728 pietatem
1200 1681 1413 1727 spectant
1446 1675 1749 1715 fundamenta
1785 1675 1923 1713 colio-

290 1762 413 1791 care.
436 1750 560 1790 Inter
581 1749 665 1789 hos
687 1754 794 1789 sunt
820 1748 953 1788 liberi
983 1759 1076 1787 non
1103 1758 1381 1799 paucorum,
1412 1746 1489 1797 qui
1519 1751 1615 1785 tum
1644 1745 1691 1785 in
1719 1744 1824 1784 aula
1857 1756 1925 1784 re-

290 1822 368 1872 gia
389 1828 485 1861 tum
507 1821 553 1860 in
575 1820 664 1859 hac
685 1820 897 1869 civitate,
920 1819 1144 1870 primaria
1166 1817 1448 1857 authoritate
1469 1816 1649 1867 fulgent
1679 1822 1722 1855 et
1750 1815 1924 1866 praeci-

295 1903 386 1943 pua
415 1896 583 1942 gerunt
618 1890 782 1930 officia.
820 1889 1031 1940 Plerique
1067 1889 1207 1928 etiam
1233 1889 1405 1928 vellent
1435 1898 1543 1927 suos
1574 1887 1814 1943 nobiscum
1841 1886 1927 1926 sub

291 1961 454 2001 eodem
475 1967 598 2001 tecto
621 1961 790 2011 iugiter
812 1971 1132 2009 commanere,
1163 1970 1360 2010 quorum
1388 1958 1475 2009 piis
1506 1957 1748 1997 desideriis
1769 1968 1924 2008 spera-

292 2044 394 2073 mus
416 2032 685 2083 propediem
707 2043 794 2071 nos
824 2030 1169 2081 satisfacturos,
1193 2029 1270 2069 ubi
1300 2029 1518 2069 nimirum
1547 2027 1694 2079 major
1726 2039 1926 2068 commo-

291 2104 411 2143 ditas
446 2102 764 2143 aedificiorum
798 2114 901 2142 sese
936 2101 1174 2151 obtulerit,
1213 2100 1312 2140 sive
1344 2100 1390 2139 in
1418 2100 1506 2139 hoc
1533 2099 1717 2149 eodem,
1755 2099 1802 2138 in
1833 2110 1926 2150 quo

292 2175 524 2225 degimus,
554 2173 855 2222 monasterio,
893 2173 993 2212 sive
1028 2172 1156 2221 alibi,
1195 2172 1241 2211 in
1276 2171 1432 2210 vicino
1461 2170 1614 2221 aliquo
1647 2170 1752 2209 loco
1789 2169 1931 2209 aedes

296 2246 384 2286 illis
405 2245 603 2285 conduci
626 2256 681 2284 ac
701 2244 861 2295 parari
881 2248 1113 2294 poterunt.
1147 2243 1231 2282 His
1253 2241 1434 2281 accedit
1456 2241 1604 2293 quod,
1635 2252 1740 2280 cum
1769 2251 1933 2279 omnes

294 2316 366 2356 die
395 2327 577 2367 quoque
605 2315 792 2355 veneris
818 2314 1061 2354 nobiscum
1087 2313 1281 2364 pulchro
1314 2312 1474 2352 ordine
1503 2324 1557 2351 ac
1588 2311 1930 2351 modestissime

295 2386 551 2437 procedant
572 2386 618 2425 in
640 2385 837 2425 solemni
855 2384 1155 2436 processione
1187 2383 1261 2422 vel
1288 2382 1634 2434 supplicatione
1665 2382 1808 2433 (quae
1834 2381 1926 2420 sm-

294 2456 428 2506 gulis
450 2455 856 2506 ltebdonzczdz'sfit)
881 2453 890 2473 ¹
912 2455 959 2494 in
980 2456 1152 2505 templo
1174 2465 1354 2494 summo
1389 2454 1458 2504 (ut
1482 2452 1696 2502 vocant),
1732 2453 1934 2503 populus

296 2528 401 2567 hinc
428 2539 521 2566 non
551 2526 845 2566 mediocriter
873 2525 1162 2565 aedificatur.
1202 2524 1375 2564 Omnes
1401 2536 1494 2564 non
1522 2524 1569 2563 in
1598 2524 1754 2575 plures
1790 2534 1929 2573 quam

296 2600 340 2637 in
370 2604 465 2638 tres
493 2599 667 2637 classes
694 2609 775 2636 seu
803 2597 932 2636 locos
959 2602 1065 2636 sunt
1093 2595 1318 2644 distincti,
1357 2606 1639 2646 quamquam
1671 2594 1718 2633 in
1752 2593 1934 2633 duabus

296 2668 523 2708 classibus
540 2668 835 2707 inferioribus
853 2667 1027 2706 diversi
1044 2672 1150 2705 sunt
1163 2665 1364 2716 ordines,
1384 2676 1489 2705 cum
1506 2665 1594 2716 ipsi
1612 2676 1704 2704 non
1722 2663 1930 2715 ejusdem

310 2740 400 2779 sint
427 2742 598 2790 captus
624 2738 637 2756 ²
666 2744 745 2778 aut
778 2737 1071 2778 conditionis.
1110 2736 1386 2776 Doctrinam
1406 2735 1712 2775 christianam
1733 2734 1930 2775 audiunt
1992 2739 1995 2743 '

353 2924 360 2942 ¹
402 2923 534 2949 Italicis
549 2922 723 2956 descripta
740 2920 937 2949 interseruit
954 2920 1131 2947 Polancus.

353 2970 366 2989 ²
406 2970 622 3004 Capacz'tatzs
637 2970 823 3004 scripserat
837 2968 1000 2996 Erardus.
