2080 3392
284 169 357 206 302
796 169 1023 205 LITTERAE
1049 180 1407 212 QUADRnuEs‘rREs

363 264 518 316 Atque
546 265 653 304 hinc
675 265 859 304 oblatae
890 265 1115 305 materiae
1143 266 1388 306 exordium
1420 267 1697 307 sumendum
1730 268 1908 319 putavi,

281 335 403 375 unde
426 335 598 375 ultimis
618 335 1054 386 quadrimestribus,
1078 341 1127 376 ut
1148 336 1364 387 dicimus,
1383 337 1530 377 literis
1551 344 1811 378 extremam
1833 339 1911 379 im-

282 406 521 456 posuimus
542 417 753 456 manum3
778 406 997 446 nimirum
1019 412 1244 458 quantum
1270 407 1418 448 Dnus.
1450 408 1637 459 pietatis
1665 408 1712 448 in
1741 409 1912 460 populo

281 477 328 516 in
350 477 448 516 dies
477 488 651 527 augere
679 482 817 528 atque
850 477 1096 528 divulgare
1134 477 1351 528 dignetur
1381 477 1614 518 affectum.
1652 478 1757 518 Non
1791 480 1914 520 enim

281 548 489 599 primarii
504 547 786 588 cathedralis
798 548 956 600 templi
974 548 1063 588 viri
1081 549 1287 589 contenti
1302 549 1445 599 fuere,
1463 550 1546 589 sub
1564 549 1701 590 finem
1719 550 1830 590 anni
1844 551 1911 602 52,

281 625 552 670 sumptuose
581 619 786 659 maximo
820 631 925 659 cum
958 627 1126 659 ornatu
1157 620 1353 671 singulis
1381 619 1627 661 dominicis
1654 627 1698 661 et
1732 621 1916 662 festivis

283 689 442 729 diebus
476 690 744 729 venerabile
776 701 1011 742 exponere
1040 691 1302 741 incoepisse
1329 697 1678 731 sacramentum
1708 692 1756 731 in
1783 703 1918 732 usum

282 766 421 812 atque
462 761 645 800 animae
686 760 990 801 refectionem
1029 761 1237 801 omnium
1272 762 1611 802 communicari
1645 762 1915 814 volentium,

281 831 415 882 quin,
441 831 501 871 ad
534 831 762 871 maiorem
790 831 977 871 divinae
999 832 1151 871 laudis
1178 832 1439 872 ubertatem
1467 844 1750 884 suorumque
1781 845 1917 873 cona-

279 909 409 941 tuum
448 902 859 953 propagationem,
904 915 998 943 non
1038 903 1258 954 quievere
1297 915 1539 954 quousque
1581 904 1722 944 totius
1761 904 1919 956 populi

281 973 510 1024 applausu
530 972 718 1013 Patrem
739 973 963 1014 Nostrum
992 973 1255 1014 Adrianum
1279 972 1289 992 ¹
1312 974 1358 1013 in
1381 974 1544 1014 eodem
1563 974 1787 1014 haberent
1809 980 1919 1015 tem-

280 1044 371 1094 plo,
394 1050 443 1083 ut
465 1044 635 1084 ibidem
657 1044 886 1095 quotidie,
912 1045 1303 1096 quemadmodum
1325 1045 1370 1084 in
1396 1045 1509 1084 aede
1531 1044 1691 1085 Sancti
1716 1045 1918 1085 Michae-

278 1115 335 1154 lis
357 1115 519 1154 solitus
539 1115 704 1165 fuerat,
730 1115 1049 1155 confessiones
1071 1116 1266 1155 audiret.

361 1185 539 1225 Verum
561 1185 725 1225 eodem
746 1186 843 1226 fere
865 1191 1089 1238 tempore,
1115 1198 1205 1238 quo
1228 1187 1285 1226 ab
1308 1187 1529 1226 universo
1546 1187 1745 1238 praefati
1761 1188 1920 1238 templi

287 1256 346 1296 ad
367 1256 504 1296 huius
531 1257 736 1296 muneris
763 1256 1052 1297 functionem
1079 1263 1324 1309 susceptus
1347 1264 1415 1297 est
1445 1258 1664 1309 capitulo,
1699 1258 1835 1298 simul
1865 1270 1920 1298 ac

278 1338 466 1367 omnem
501 1339 639 1367 sacra
671 1328 920 1367 missarum
949 1328 1217 1368 celebrandi
1253 1328 1423 1379 officia,
1460 1341 1644 1368 necnon
1678 1329 1919 1380 quibusvis

280 1398 655 1438 christifidelibus
703 1406 1002 1439 sacramenta
1043 1399 1283 1449 tradendi,
1328 1406 1602 1450 susceperat
1641 1400 1916 1445 libertatem.

278 1470 395 1509 mira
418 1469 621 1521 quadam
642 1470 860 1521 antiquus
882 1471 956 1510 ille
979 1482 1172 1521 serpens
1190 1471 1404 1511 diabolus
1431 1471 1539 1510 hinc
1560 1471 1779 1511 incensus
1805 1471 1918 1511 invi-

284 1541 374 1590 dia,
406 1552 580 1580 novam
610 1552 803 1592 prorsus
826 1547 964 1592 atque
995 1547 1102 1581 ante
1130 1541 1240 1581 illud
1270 1548 1483 1582 nostrum
1512 1543 1752 1582 saeculum
1780 1543 1918 1593 plane

280 1612 537 1652 inauditam
573 1611 801 1651 adversus
835 1612 1101 1652 animarum
1135 1612 1397 1664 profectum
1432 1613 1585 1664 coepit
1621 1624 1917 1653 commovere

278 1683 591 1734 tragoediam,
623 1684 951 1723 nonnullorum
987 1684 1236 1723 excitando
1264 1685 1581 1735 praelatorum
1611 1684 1814 1734 animos,
1843 1696 1914 1723 eo-

277 1765 367 1805 que
401 1754 714 1805 perducendo,
747 1765 838 1805 quo
868 1755 1062 1794 subditis
1090 1755 1276 1806 suisque
1300 1755 1500 1795 oviculis
1530 1766 1793 1806 proponere
1823 1767 1916 1794 non

278 1831 569 1874 vererentur,
594 1825 734 1864 immo
757 1825 805 1864 vi
822 1825 1124 1865 authoritatis
1141 1827 1352 1865 volentes
1370 1826 1648 1877 compellere
1665 1826 1724 1866 ad
1740 1826 1915 1876 specia-

277 1898 367 1936 lem
388 1896 485 1935 voti
507 1896 853 1946 obligationem,
880 1908 929 1936 se
961 1908 1200 1948 nunquam
1220 1909 1371 1948 neque
1402 1897 1461 1936 ad
1482 1897 1526 1937 S.
1550 1896 1740 1936 Petrum
1766 1908 1915 1948 neque

277 1967 338 2006 ad
358 1965 402 2006 S.
427 1966 718 2016 Michaelcm,
743 1978 909 2018 nempe
932 1967 991 2007 ad
1016 1979 1116 2018 nos,
1148 1968 1295 2007 ituros
1324 1967 1383 2007 ad
1411 1967 1775 2018 confessionem3
1807 1968 1914 2008 alio-

279 2038 389 2089 quin
417 2044 581 2077 contra
610 2038 680 2077 ius
708 2044 751 2076 et
781 2043 1061 2089 potestatem
1094 2038 1374 2078 reiiciendae
1400 2039 1588 2089 suisque
1625 2038 1810 2078 sedibus
1839 2050 1912 2078 ex-

277 2108 537 2160 pellendae,
560 2120 701 2159 quum
723 2109 811 2148 illis
832 2109 969 2160 plena
989 2109 1137 2148 cuivis
1159 2112 1364 2149 omnium
1387 2109 1603 2149 ordinum
1626 2110 1913 2160 apostolicae

278 2180 401 2219 sedis
422 2180 704 2219 authoritate
730 2180 1117 2231 approbatorum,
1144 2180 1392 2220 confitendi
1419 2180 1478 2220 sit
1499 2180 1705 2220 libertas.
1735 2180 1913 2221 Verum

280 2251 523 2301 Dominus,
559 2251 636 2302 qui
668 2240 806 2290 nullis
834 2262 941 2301 non,
969 2251 1110 2290 etiam
1142 2251 1544 2301 abominabilibus,
1579 2251 1625 2290 in
1646 2251 1818 2291 bonum
1848 2252 1913 2291 uti

278 2322 477 2372 noverit,
506 2322 628 2361 hanc
649 2333 831 2373 quoque
850 2327 1145 2372 praetextam
1171 2321 1344 2361 diaboli
1367 2322 1684 2361 inventionem
1700 2322 1747 2361 in
1769 2322 1914 2361 multo

278 2392 503 2432 maiorem
530 2392 767 2433 fructuum
796 2393 1059 2432 ubertatem
1088 2393 1417 2444 copiosiusque
1446 2393 1709 2432 animarum
1734 2393 1914 2432 lucrum

279 2464 504 2514 pullulare
532 2463 696 2503 effecit.
728 2463 959 2514 Quoniam
980 2470 1230 2515 postquam
1258 2464 1486 2514 praedicti
1516 2463 1714 2514 praelati
1734 2463 1913 2514 gravis-

279 2533 503 2573 simorum
538 2534 820 2573 authoritate
853 2534 1076 2584 virorum,
1115 2541 1274 2584 utpote
1301 2534 1436 2574 huius
1465 2535 1616 2574 almae
1640 2534 1768 2573 urbis
1798 2533 1911 2574 Can-

279 2604 470 2654 cellarii,
490 2605 795 2655 aliorumque,
820 2616 1018 2656 quorum
1039 2605 1116 2644 hic
1139 2605 1401 2645 authoritas
1418 2616 1503 2656 pro
1533 2605 1722 2644 oraculo
1753 2604 1914 2644 haberi
1958 2647 1960 2649 ,

278 2675 538 2725 consuevit,
558 2675 617 2715 ad
634 2687 750 2726 quos
772 2675 928 2715 omnia
948 2675 1101 2715 delata
1122 2675 1323 2726 fuerunt,
1346 2675 1549 2715 convicti
1565 2680 1720 2715 essent
1736 2686 1911 2715 eorum-

280 2745 474 2796 demque
502 2745 873 2786 machinationes
903 2746 966 2785 nil
996 2746 1085 2785 nisi
1114 2747 1412 2798 deceptiones
1442 2752 1580 2797 atque
1610 2745 1781 2785 diaboli
1811 2756 1912 2785 esse

279 2816 625 2867 exagitamenta
663 2818 755 2856 iam
788 2822 1025 2868 repertum
1060 2818 1399 2868 probatumque
1435 2822 1692 2866 constaret,
1736 2816 1912 2856 maiore

339 2977 349 2996 1
389 2977 424 3004 P.
441 2977 614 3004 Adrianus
631 2977 894 3004 Adriaenssens.
