<?xml version="1.0" encoding="UTF-8"?>
<!DOCTYPE html PUBLIC "-//W3C//DTD XHTML 1.0 Transitional//EN"
    "http://www.w3.org/TR/xhtml1/DTD/xhtml1-transitional.dtd">
<html xmlns="http://www.w3.org/1999/xhtml" xml:lang="en" lang="en">
 <head>
  <title>
</title>
<meta http-equiv="Content-Type" content="text/html;charset=utf-8" />
  <meta name='ocr-system' content='tesseract 3.04.00' />
  <meta name='ocr-capabilities' content='ocr_page ocr_carea ocr_par ocr_line ocrx_word'/>
</head>
<body>
  <div class='ocr_page' id='page_1' title='image "./litteraequadrime14lain_0081.png"; bbox 0 0 2080 3392; ppageno 0'>
   <div class='ocr_carea' id='block_1_1' title="bbox 838 165 1766 205">
    <p class='ocr_par' dir='ltr' id='par_1_1' title="bbox 838 165 1766 205">
     <span class='ocr_line' id='line_1_1' title="bbox 838 165 1766 205; baseline -0.001 -1"><span class='ocrx_word' id='word_1_1' title='bbox 838 168 923 204; x_wconf 77' lang='lat' dir='ltr'>AN.</span> <span class='ocrx_word' id='word_1_2' title='bbox 955 168 1046 205; x_wconf 75' lang='lat'>1552</span> <span class='ocrx_word' id='word_1_3' title='bbox 1251 165 1262 180; x_wconf 86' lang='lat'><em>&#39;</em></span> <span class='ocrx_word' id='word_1_4' title='bbox 1720 168 1766 204; x_wconf 84' lang='lat'>77</span> 
     </span>
    </p>
   </div>
   <div class='ocr_carea' id='block_1_2' title="bbox 119 263 1769 3037">
    <p class='ocr_par' dir='ltr' id='par_1_2' title="bbox 119 263 1769 3037">
     <span class='ocr_line' id='line_1_2' title="bbox 119 263 1763 316; baseline 0 -10"><span class='ocrx_word' id='word_1_5' title='bbox 119 264 339 316; x_wconf 77' lang='lat' dir='ltr'><strong>concepit</strong></span> <span class='ocrx_word' id='word_1_6' title='bbox 359 263 546 315; x_wconf 87' lang='lat' dir='ltr'>quidem</span> <span class='ocrx_word' id='word_1_7' title='bbox 566 275 790 315; x_wconf 84' lang='lat' dir='ltr'>magnam</span> <span class='ocrx_word' id='word_1_8' title='bbox 811 263 950 304; x_wconf 84' lang='lat' dir='ltr'>Pater</span> <span class='ocrx_word' id='word_1_9' title='bbox 971 265 1091 305; x_wconf 90' lang='lat' dir='ltr'>tanti</span> <span class='ocrx_word' id='word_1_10' title='bbox 1120 264 1341 305; x_wconf 90' lang='lat' dir='ltr'>desiderii</span> <span class='ocrx_word' id='word_1_11' title='bbox 1371 266 1763 316; x_wconf 76' lang='lat' dir='ltr'>expectationem,</span> 
     </span>
     <span class='ocr_line' id='line_1_3' title="bbox 122 335 1767 388; baseline 0.001 -13"><span class='ocrx_word' id='word_1_12' title='bbox 122 336 449 387; x_wconf 79' lang='lat' dir='ltr'>delegavitque</span> <span class='ocrx_word' id='word_1_13' title='bbox 471 347 633 375; x_wconf 88' lang='lat' dir='ltr'>curam</span> <span class='ocrx_word' id='word_1_14' title='bbox 653 336 731 375; x_wconf 91' lang='lat' dir='ltr'>uni</span> <span class='ocrx_word' id='word_1_15' title='bbox 753 348 812 376; x_wconf 84' lang='lat' dir='ltr'>ex</span> <span class='ocrx_word' id='word_1_16' title='bbox 834 335 1078 387; x_wconf 86' lang='lat' dir='ltr'>fratribus,</span> <span class='ocrx_word' id='word_1_17' title='bbox 1105 336 1181 388; x_wconf 89' lang='lat' dir='ltr'>qui</span> <span class='ocrx_word' id='word_1_18' title='bbox 1203 347 1408 377; x_wconf 91' lang='lat' dir='ltr'>canones</span> <span class='ocrx_word' id='word_1_19' title='bbox 1430 341 1474 376; x_wconf 92' lang='lat' dir='ltr'>et</span> <span class='ocrx_word' id='word_1_20' title='bbox 1502 336 1767 378; x_wconf 90' lang='lat' dir='ltr'>rudimenta</span> 
     </span>
     <span class='ocr_line' id='line_1_4' title="bbox 123 407 1767 459; baseline 0 -11"><span class='ocrx_word' id='word_1_21' title='bbox 123 408 300 458; x_wconf 82' lang='lat' dir='ltr'>logices</span> <span class='ocrx_word' id='word_1_22' title='bbox 321 407 573 458; x_wconf 85' lang='lat' dir='ltr'>praefectO,</span> <span class='ocrx_word' id='word_1_23' title='bbox 600 419 655 447; x_wconf 89' lang='lat' dir='ltr'>ac</span> <span class='ocrx_word' id='word_1_24' title='bbox 677 407 776 458; x_wconf 87' lang='lat' dir='ltr'>ejus</span> <span class='ocrx_word' id='word_1_25' title='bbox 796 407 1036 458; x_wconf 88' lang='lat' dir='ltr'>fratribus,</span> <span class='ocrx_word' id='word_1_26' title='bbox 1056 420 1240 448; x_wconf 80' lang='lat' dir='ltr'>necnon</span> <span class='ocrx_word' id='word_1_27' title='bbox 1257 408 1488 459; x_wconf 79' lang='lat' dir='ltr'>aliquibus</span> <span class='ocrx_word' id='word_1_28' title='bbox 1506 407 1767 459; x_wconf 79' lang='lat' dir='ltr'>Religionis</span> 
     </span>
     <span class='ocr_line' id='line_1_5' title="bbox 123 478 1767 531; baseline 0.001 -13"><span class='ocrx_word' id='word_1_29' title='bbox 123 478 579 519; x_wconf 80' lang='lat' dir='ltr'>commendatoribus</span> <span class='ocrx_word' id='word_1_30' title='bbox 618 479 836 531; x_wconf 87' lang='lat' dir='ltr'>explicat.</span> <span class='ocrx_word' id='word_1_31' title='bbox 886 479 1039 530; x_wconf 85' lang='lat' dir='ltr'>Quam</span> <span class='ocrx_word' id='word_1_32' title='bbox 1077 491 1251 530; x_wconf 86' lang='lat' dir='ltr'>magna</span> <span class='ocrx_word' id='word_1_33' title='bbox 1290 486 1334 520; x_wconf 86' lang='lat' dir='ltr'>et</span> <span class='ocrx_word' id='word_1_34' title='bbox 1378 479 1612 520; x_wconf 88' lang='lat' dir='ltr'>mirabilia</span> <span class='ocrx_word' id='word_1_35' title='bbox 1661 486 1767 520; x_wconf 89' lang='lat' dir='ltr'>sunt</span> 
     </span>
     <span class='ocr_line' id='line_1_6' title="bbox 121 550 1768 602; baseline 0.001 -13"><span class='ocrx_word' id='word_1_36' title='bbox 121 562 265 601; x_wconf 89' lang='lat' dir='ltr'>opera</span> <span class='ocrx_word' id='word_1_37' title='bbox 302 550 415 590; x_wconf 78' lang='lat' dir='ltr'>Dei!</span> <span class='ocrx_word' id='word_1_38' title='bbox 456 551 650 590; x_wconf 89' lang='lat' dir='ltr'>allectus</span> <span class='ocrx_word' id='word_1_39' title='bbox 690 551 918 602; x_wconf 92' lang='lat' dir='ltr'>paulatim</span> <span class='ocrx_word' id='word_1_40' title='bbox 952 550 1209 602; x_wconf 89' lang='lat' dir='ltr'>spiritualis</span> <span class='ocrx_word' id='word_1_41' title='bbox 1244 551 1374 602; x_wconf 90' lang='lat' dir='ltr'>pacis</span> <span class='ocrx_word' id='word_1_42' title='bbox 1411 550 1655 591; x_wconf 88' lang='lat' dir='ltr'>dulcedine</span> <span class='ocrx_word' id='word_1_43' title='bbox 1694 552 1768 591; x_wconf 90' lang='lat' dir='ltr'>vir</span> 
     </span>
     <span class='ocr_line' id='line_1_7' title="bbox 122 621 1766 674; baseline 0.001 -14"><span class='ocrx_word' id='word_1_44' title='bbox 122 621 480 671; x_wconf 80' lang='lat' dir='ltr'>illustrissimuS,</span> <span class='ocrx_word' id='word_1_45' title='bbox 504 622 551 661; x_wconf 90' lang='lat' dir='ltr'>in</span> <span class='ocrx_word' id='word_1_46' title='bbox 572 621 846 662; x_wconf 90' lang='lat' dir='ltr'>dormitorio</span> <span class='ocrx_word' id='word_1_47' title='bbox 869 621 1136 661; x_wconf 89' lang='lat' dir='ltr'>cubiculum</span> <span class='ocrx_word' id='word_1_48' title='bbox 1169 634 1194 662; x_wconf 89' lang='lat' dir='ltr'>a</span> <span class='ocrx_word' id='word_1_49' title='bbox 1216 621 1356 662; x_wconf 87' lang='lat' dir='ltr'>Patre</span> <span class='ocrx_word' id='word_1_50' title='bbox 1378 622 1567 673; x_wconf 81' lang='lat' dir='ltr'>petivit,</span> <span class='ocrx_word' id='word_1_51' title='bbox 1601 622 1647 662; x_wconf 92' lang='lat' dir='ltr'>in</span> <span class='ocrx_word' id='word_1_52' title='bbox 1673 634 1766 674; x_wconf 93' lang='lat' dir='ltr'>quo</span> 
     </span>
     <span class='ocr_line' id='line_1_8' title="bbox 121 691 1767 745; baseline 0.002 -14"><span class='ocrx_word' id='word_1_53' title='bbox 121 698 278 743; x_wconf 88' lang='lat' dir='ltr'>posset</span> <span class='ocrx_word' id='word_1_54' title='bbox 306 703 355 731; x_wconf 92' lang='lat' dir='ltr'>se</span> <span class='ocrx_word' id='word_1_55' title='bbox 386 691 587 732; x_wconf 84' lang='lat' dir='ltr'>interdiu</span> <span class='ocrx_word' id='word_1_56' title='bbox 615 693 823 744; x_wconf 85' lang='lat' dir='ltr'>recipere</span> <span class='ocrx_word' id='word_1_57' title='bbox 851 692 1034 743; x_wconf 90' lang='lat' dir='ltr'>illicque</span> <span class='ocrx_word' id='word_1_58' title='bbox 1066 692 1316 743; x_wconf 92' lang='lat' dir='ltr'>diligenter</span> <span class='ocrx_word' id='word_1_59' title='bbox 1342 693 1490 733; x_wconf 90' lang='lat' dir='ltr'>literis</span> <span class='ocrx_word' id='word_1_60' title='bbox 1519 694 1631 733; x_wconf 91' lang='lat' dir='ltr'>dare</span> <span class='ocrx_word' id='word_1_61' title='bbox 1662 705 1767 745; x_wconf 91' lang='lat' dir='ltr'>ope-</span> 
     </span>
     <span class='ocr_line' id='line_1_9' title="bbox 120 763 1761 816; baseline -0.001 -13"><span class='ocrx_word' id='word_1_62' title='bbox 120 774 236 803; x_wconf 90' lang='lat' dir='ltr'>ram.</span> <span class='ocrx_word' id='word_1_63' title='bbox 278 763 405 803; x_wconf 86' lang='lat' dir='ltr'>Bone</span> <span class='ocrx_word' id='word_1_64' title='bbox 445 763 594 811; x_wconf 88' lang='lat' dir='ltr'>Deus,</span> <span class='ocrx_word' id='word_1_65' title='bbox 637 775 779 816; x_wconf 91' lang='lat' dir='ltr'>quam</span> <span class='ocrx_word' id='word_1_66' title='bbox 820 764 1011 814; x_wconf 78' lang='lat' dir='ltr'>elegans</span> <span class='ocrx_word' id='word_1_67' title='bbox 1052 764 1241 804; x_wconf 77' lang='lat' dir='ltr'>occasio</span> <span class='ocrx_word' id='word_1_68' title='bbox 1284 764 1468 805; x_wconf 91' lang='lat' dir='ltr'>colendi</span> <span class='ocrx_word' id='word_1_69' title='bbox 1508 765 1761 805; x_wconf 80' lang='lat' dir='ltr'>Christum!</span> 
     </span>
     <span class='ocr_line' id='line_1_10' title="bbox 121 834 1768 886; baseline 0.002 -12"><span class='ocrx_word' id='word_1_70' title='bbox 121 846 307 886; x_wconf 88' lang='lat' dir='ltr'>semper</span> <span class='ocrx_word' id='word_1_71' title='bbox 340 835 388 875; x_wconf 90' lang='lat' dir='ltr'>in</span> <span class='ocrx_word' id='word_1_72' title='bbox 422 836 636 876; x_wconf 89' lang='lat' dir='ltr'>cubiculo</span> <span class='ocrx_word' id='word_1_73' title='bbox 657 847 706 875; x_wconf 90' lang='lat' dir='ltr'>se</span> <span class='ocrx_word' id='word_1_74' title='bbox 743 836 971 875; x_wconf 88' lang='lat' dir='ltr'>continet:</span> <span class='ocrx_word' id='word_1_75' title='bbox 1012 834 1071 875; x_wconf 90' lang='lat' dir='ltr'>ad</span> <span class='ocrx_word' id='word_1_76' title='bbox 1106 836 1355 886; x_wconf 89' lang='lat' dir='ltr'>prandium</span> <span class='ocrx_word' id='word_1_77' title='bbox 1391 844 1436 876; x_wconf 92' lang='lat' dir='ltr'>et</span> <span class='ocrx_word' id='word_1_78' title='bbox 1478 837 1536 876; x_wconf 92' lang='lat' dir='ltr'>ad</span> <span class='ocrx_word' id='word_1_79' title='bbox 1572 848 1768 877; x_wconf 89' lang='lat' dir='ltr'>coenam</span> 
     </span>
     <span class='ocr_line' id='line_1_11' title="bbox 122 906 1769 961; baseline 0.002 -15"><span class='ocrx_word' id='word_1_80' title='bbox 122 907 271 947; x_wconf 90' lang='lat' dir='ltr'>solum</span> <span class='ocrx_word' id='word_1_81' title='bbox 293 906 606 959; x_wconf 84' lang='lat' dir='ltr'>proficiscitur</span> <span class='ocrx_word' id='word_1_82' title='bbox 628 907 832 947; x_wconf 89' lang='lat' dir='ltr'>domum.</span> <span class='ocrx_word' id='word_1_83' title='bbox 856 907 925 947; x_wconf 90' lang='lat' dir='ltr'>Illi</span> <span class='ocrx_word' id='word_1_84' title='bbox 945 907 1184 948; x_wconf 89' lang='lat' dir='ltr'>silentium</span> <span class='ocrx_word' id='word_1_85' title='bbox 1204 908 1378 959; x_wconf 88' lang='lat' dir='ltr'>placet,</span> <span class='ocrx_word' id='word_1_86' title='bbox 1413 908 1609 959; x_wconf 89' lang='lat' dir='ltr'>Collegii</span> <span class='ocrx_word' id='word_1_87' title='bbox 1637 909 1769 961; x_wconf 93' lang='lat' dir='ltr'>quies</span> 
     </span>
     <span class='ocr_line' id='line_1_12' title="bbox 123 978 1769 1032; baseline 0.001 -14"><span class='ocrx_word' id='word_1_88' title='bbox 123 985 191 1018; x_wconf 90' lang='lat' dir='ltr'>est</span> <span class='ocrx_word' id='word_1_89' title='bbox 221 978 447 1030; x_wconf 80' lang='lat' dir='ltr'>jucunda,</span> <span class='ocrx_word' id='word_1_90' title='bbox 484 987 623 1029; x_wconf 88' lang='lat' dir='ltr'>grata</span> <span class='ocrx_word' id='word_1_91' title='bbox 655 979 863 1019; x_wconf 89' lang='lat' dir='ltr'>omnium</span> <span class='ocrx_word' id='word_1_92' title='bbox 891 978 1091 1019; x_wconf 79' lang='lat' dir='ltr'>fratrum</span> <span class='ocrx_word' id='word_1_93' title='bbox 1125 979 1416 1019; x_wconf 88' lang='lat' dir='ltr'>consuetudo</span> <span class='ocrx_word' id='word_1_94' title='bbox 1445 986 1489 1020; x_wconf 94' lang='lat' dir='ltr'>et</span> <span class='ocrx_word' id='word_1_95' title='bbox 1516 980 1769 1032; x_wconf 83' lang='lat' dir='ltr'>praecipue</span> 
     </span>
     <span class='ocr_line' id='line_1_13' title="bbox 122 1048 1769 1101; baseline 0.002 -12"><span class='ocrx_word' id='word_1_96' title='bbox 122 1049 171 1089; x_wconf 88' lang='lat' dir='ltr'>P.</span> <span class='ocrx_word' id='word_1_97' title='bbox 191 1051 354 1100; x_wconf 87' lang='lat' dir='ltr'>nostri,</span> <span class='ocrx_word' id='word_1_98' title='bbox 380 1048 510 1101; x_wconf 83' lang='lat' dir='ltr'>eujus</span> <span class='ocrx_word' id='word_1_99' title='bbox 532 1050 719 1101; x_wconf 89' lang='lat' dir='ltr'>quidem</span> <span class='ocrx_word' id='word_1_100' title='bbox 740 1050 1078 1091; x_wconf 88' lang='lat' dir='ltr'>consuetudine</span> <span class='ocrx_word' id='word_1_101' title='bbox 1100 1051 1360 1091; x_wconf 84' lang='lat' dir='ltr'>delectatur</span> <span class='ocrx_word' id='word_1_102' title='bbox 1390 1057 1434 1091; x_wconf 91' lang='lat' dir='ltr'>et</span> <span class='ocrx_word' id='word_1_103' title='bbox 1463 1052 1769 1092; x_wconf 90' lang='lat' dir='ltr'>concionibus</span> 
     </span>
     <span class='ocr_line' id='line_1_14' title="bbox 121 1122 1767 1174; baseline 0.001 -13"><span class='ocrx_word' id='word_1_104' title='bbox 121 1122 268 1162; x_wconf 91' lang='lat' dir='ltr'>veluti</span> <span class='ocrx_word' id='word_1_105' title='bbox 301 1133 558 1173; x_wconf 90' lang='lat' dir='ltr'>suspensus</span> <span class='ocrx_word' id='word_1_106' title='bbox 592 1128 791 1163; x_wconf 91' lang='lat' dir='ltr'>tenetur.</span> <span class='ocrx_word' id='word_1_107' title='bbox 830 1122 1179 1174; x_wconf 84' lang='lat' dir='ltr'>Saepenumero</span> <span class='ocrx_word' id='word_1_108' title='bbox 1215 1129 1352 1163; x_wconf 88' lang='lat' dir='ltr'>nocte</span> <span class='ocrx_word' id='word_1_109' title='bbox 1389 1134 1444 1162; x_wconf 90' lang='lat' dir='ltr'>ac</span> <span class='ocrx_word' id='word_1_110' title='bbox 1484 1123 1557 1163; x_wconf 88' lang='lat' dir='ltr'>die</span> <span class='ocrx_word' id='word_1_111' title='bbox 1594 1123 1653 1162; x_wconf 91' lang='lat' dir='ltr'>ad</span> <span class='ocrx_word' id='word_1_112' title='bbox 1683 1123 1767 1164; x_wconf 87' lang='lat' dir='ltr'>Pa-</span> 
     </span>
     <span class='ocr_line' id='line_1_15' title="bbox 123 1193 1769 1246; baseline 0.001 -13"><span class='ocrx_word' id='word_1_113' title='bbox 123 1199 241 1233; x_wconf 87' lang='lat' dir='ltr'>trem</span> <span class='ocrx_word' id='word_1_114' title='bbox 263 1193 414 1243; x_wconf 77' lang='lat' dir='ltr'>venit,</span> <span class='ocrx_word' id='word_1_115' title='bbox 439 1193 481 1233; x_wconf 94' lang='lat' dir='ltr'>ei</span> <span class='ocrx_word' id='word_1_116' title='bbox 502 1205 586 1233; x_wconf 90' lang='lat' dir='ltr'>sua</span> <span class='ocrx_word' id='word_1_117' title='bbox 608 1194 796 1245; x_wconf 88' lang='lat' dir='ltr'>negotia</span> <span class='ocrx_word' id='word_1_118' title='bbox 820 1194 990 1246; x_wconf 87' lang='lat' dir='ltr'>aperit,</span> <span class='ocrx_word' id='word_1_119' title='bbox 1023 1194 1193 1234; x_wconf 84' lang='lat' dir='ltr'>fratres</span> <span class='ocrx_word' id='word_1_120' title='bbox 1224 1201 1365 1234; x_wconf 87' lang='lat' dir='ltr'>vocat</span> <span class='ocrx_word' id='word_1_121' title='bbox 1397 1206 1451 1234; x_wconf 91' lang='lat' dir='ltr'>ac</span> <span class='ocrx_word' id='word_1_122' title='bbox 1482 1200 1586 1234; x_wconf 85' lang='lat' dir='ltr'>orat</span> <span class='ocrx_word' id='word_1_123' title='bbox 1616 1200 1667 1234; x_wconf 90' lang='lat' dir='ltr'>ut</span> <span class='ocrx_word' id='word_1_124' title='bbox 1698 1195 1769 1234; x_wconf 91' lang='lat' dir='ltr'>sui</span> 
     </span>
     <span class='ocr_line' id='line_1_16' title="bbox 121 1264 1766 1319; baseline 0.001 -16"><span class='ocrx_word' id='word_1_125' title='bbox 121 1264 170 1304; x_wconf 91' lang='lat' dir='ltr'>in</span> <span class='ocrx_word' id='word_1_126' title='bbox 191 1265 485 1305; x_wconf 88' lang='lat' dir='ltr'>orationibus</span> <span class='ocrx_word' id='word_1_127' title='bbox 507 1265 828 1305; x_wconf 86' lang='lat' dir='ltr'>recordentur.</span> <span class='ocrx_word' id='word_1_128' title='bbox 851 1266 957 1319; x_wconf 87' lang='lat' dir='ltr'>Jam</span> <span class='ocrx_word' id='word_1_129' title='bbox 978 1266 1196 1317; x_wconf 78' lang='lat' dir='ltr'>pulvinos</span> <span class='ocrx_word' id='word_1_130' title='bbox 1218 1266 1264 1306; x_wconf 90' lang='lat' dir='ltr'>in</span> <span class='ocrx_word' id='word_1_131' title='bbox 1285 1267 1458 1317; x_wconf 92' lang='lat' dir='ltr'>templo</span> <span class='ocrx_word' id='word_1_132' title='bbox 1489 1266 1667 1306; x_wconf 90' lang='lat' dir='ltr'>sericos</span> <span class='ocrx_word' id='word_1_133' title='bbox 1700 1278 1766 1306; x_wconf 88' lang='lat' dir='ltr'>re-</span> 
     </span>
     <span class='ocr_line' id='line_1_17' title="bbox 120 1336 1767 1389; baseline 0.001 -13"><span class='ocrx_word' id='word_1_134' title='bbox 120 1336 303 1387; x_wconf 88' lang='lat' dir='ltr'>pudiat,</span> <span class='ocrx_word' id='word_1_135' title='bbox 324 1336 423 1388; x_wconf 89' lang='lat' dir='ltr'>jam</span> <span class='ocrx_word' id='word_1_136' title='bbox 441 1348 655 1388; x_wconf 89' lang='lat' dir='ltr'>gemmas</span> <span class='ocrx_word' id='word_1_137' title='bbox 676 1344 721 1377; x_wconf 87' lang='lat' dir='ltr'>et</span> <span class='ocrx_word' id='word_1_138' title='bbox 741 1338 903 1378; x_wconf 89' lang='lat' dir='ltr'>clavos</span> <span class='ocrx_word' id='word_1_139' title='bbox 926 1349 1094 1378; x_wconf 90' lang='lat' dir='ltr'>aureos</span> <span class='ocrx_word' id='word_1_140' title='bbox 1122 1338 1400 1389; x_wconf 89' lang='lat' dir='ltr'>contemnit,</span> <span class='ocrx_word' id='word_1_141' title='bbox 1430 1337 1527 1389; x_wconf 88' lang='lat' dir='ltr'>jam</span> <span class='ocrx_word' id='word_1_142' title='bbox 1557 1339 1767 1378; x_wconf 90' lang='lat' dir='ltr'>venatio-</span> 
     </span>
     <span class='ocr_line' id='line_1_18' title="bbox 120 1409 1765 1462; baseline 0.002 -15"><span class='ocrx_word' id='word_1_143' title='bbox 120 1420 204 1448; x_wconf 92' lang='lat' dir='ltr'>nes</span> <span class='ocrx_word' id='word_1_144' title='bbox 238 1415 282 1448; x_wconf 87' lang='lat' dir='ltr'>et</span> <span class='ocrx_word' id='word_1_145' title='bbox 317 1420 577 1449; x_wconf 87' lang='lat' dir='ltr'>concursus</span> <span class='ocrx_word' id='word_1_146' title='bbox 608 1421 835 1461; x_wconf 90' lang='lat' dir='ltr'>equorum</span> <span class='ocrx_word' id='word_1_147' title='bbox 865 1409 1188 1461; x_wconf 77' lang='lat' dir='ltr'>parvipendit,</span> <span class='ocrx_word' id='word_1_148' title='bbox 1226 1411 1464 1462; x_wconf 91' lang='lat' dir='ltr'>multaque</span> <span class='ocrx_word' id='word_1_149' title='bbox 1500 1410 1592 1450; x_wconf 90' lang='lat' dir='ltr'>alia</span> <span class='ocrx_word' id='word_1_150' title='bbox 1628 1410 1765 1461; x_wconf 90' lang='lat' dir='ltr'>signa</span> 
     </span>
     <span class='ocr_line' id='line_1_19' title="bbox 121 1481 1765 1533; baseline 0.001 -13"><span class='ocrx_word' id='word_1_151' title='bbox 121 1481 339 1531; x_wconf 87' lang='lat' dir='ltr'>ostendit,</span> <span class='ocrx_word' id='word_1_152' title='bbox 365 1492 422 1521; x_wconf 88' lang='lat' dir='ltr'>ex</span> <span class='ocrx_word' id='word_1_153' title='bbox 443 1482 608 1532; x_wconf 87' lang='lat' dir='ltr'>quibus</span> <span class='ocrx_word' id='word_1_154' title='bbox 630 1482 739 1533; x_wconf 91' lang='lat' dir='ltr'>quid</span> <span class='ocrx_word' id='word_1_155' title='bbox 761 1482 956 1522; x_wconf 86' lang='lat' dir='ltr'>interius</span> <span class='ocrx_word' id='word_1_156' title='bbox 978 1481 1107 1522; x_wconf 90' lang='lat' dir='ltr'>Deus</span> <span class='ocrx_word' id='word_1_157' title='bbox 1137 1482 1183 1522; x_wconf 91' lang='lat' dir='ltr'>in</span> <span class='ocrx_word' id='word_1_158' title='bbox 1211 1494 1264 1521; x_wconf 92' lang='lat' dir='ltr'>eo</span> <span class='ocrx_word' id='word_1_159' title='bbox 1297 1487 1516 1532; x_wconf 90' lang='lat' dir='ltr'>operetur</span> <span class='ocrx_word' id='word_1_160' title='bbox 1538 1482 1646 1522; x_wconf 91' lang='lat' dir='ltr'>licet</span> <span class='ocrx_word' id='word_1_161' title='bbox 1675 1482 1765 1521; x_wconf 92' lang='lat' dir='ltr'>col-</span> 
     </span>
     <span class='ocr_line' id='line_1_20' title="bbox 121 1551 1766 1605; baseline 0.001 -14"><span class='ocrx_word' id='word_1_162' title='bbox 121 1552 283 1602; x_wconf 89' lang='lat' dir='ltr'>ligere.</span> <span class='ocrx_word' id='word_1_163' title='bbox 320 1551 445 1593; x_wconf 91' lang='lat' dir='ltr'>Audi</span> <span class='ocrx_word' id='word_1_164' title='bbox 475 1552 573 1604; x_wconf 87' lang='lat' dir='ltr'>jam</span> <span class='ocrx_word' id='word_1_165' title='bbox 601 1552 809 1604; x_wconf 86' lang='lat' dir='ltr'>(quaeso)</span> <span class='ocrx_word' id='word_1_166' title='bbox 838 1553 948 1604; x_wconf 91' lang='lat' dir='ltr'>quid</span> <span class='ocrx_word' id='word_1_167' title='bbox 983 1554 1047 1593; x_wconf 91' lang='lat' dir='ltr'>illi</span> <span class='ocrx_word' id='word_1_168' title='bbox 1075 1553 1395 1605; x_wconf 89' lang='lat' dir='ltr'>superioribus</span> <span class='ocrx_word' id='word_1_169' title='bbox 1431 1553 1593 1593; x_wconf 85' lang='lat' dir='ltr'>diebus</span> <span class='ocrx_word' id='word_1_170' title='bbox 1624 1553 1766 1593; x_wconf 91' lang='lat' dir='ltr'>conti-</span> 
     </span>
     <span class='ocr_line' id='line_1_21' title="bbox 119 1624 1762 1677; baseline 0 -12"><span class='ocrx_word' id='word_1_171' title='bbox 119 1624 254 1674; x_wconf 81' lang='lat' dir='ltr'>gerit.</span> <span class='ocrx_word' id='word_1_172' title='bbox 285 1624 401 1665; x_wconf 91' lang='lat' dir='ltr'>Cum</span> <span class='ocrx_word' id='word_1_173' title='bbox 427 1625 590 1665; x_wconf 87' lang='lat' dir='ltr'>fuisset</span> <span class='ocrx_word' id='word_1_174' title='bbox 612 1625 853 1677; x_wconf 86' lang='lat' dir='ltr'>profectus</span> <span class='ocrx_word' id='word_1_175' title='bbox 886 1625 1023 1665; x_wconf 90' lang='lat' dir='ltr'>simul</span> <span class='ocrx_word' id='word_1_176' title='bbox 1056 1637 1162 1665; x_wconf 91' lang='lat' dir='ltr'>cum</span> <span class='ocrx_word' id='word_1_177' title='bbox 1191 1625 1323 1665; x_wconf 90' lang='lat' dir='ltr'>Duce</span> <span class='ocrx_word' id='word_1_178' title='bbox 1352 1637 1408 1665; x_wconf 90' lang='lat' dir='ltr'>ac</span> <span class='ocrx_word' id='word_1_179' title='bbox 1437 1636 1609 1676; x_wconf 89' lang='lat' dir='ltr'>magno</span> <span class='ocrx_word' id='word_1_180' title='bbox 1638 1625 1762 1677; x_wconf 89' lang='lat' dir='ltr'>equi-</span> 
     </span>
     <span class='ocr_line' id='line_1_22' title="bbox 120 1696 1761 1748; baseline 0.001 -13"><span class='ocrx_word' id='word_1_181' title='bbox 120 1704 218 1736; x_wconf 91' lang='lat' dir='ltr'>tum</span> <span class='ocrx_word' id='word_1_182' title='bbox 239 1697 426 1747; x_wconf 82' lang='lat' dir='ltr'>agmine</span> <span class='ocrx_word' id='word_1_183' title='bbox 454 1696 513 1737; x_wconf 88' lang='lat' dir='ltr'>ad</span> <span class='ocrx_word' id='word_1_184' title='bbox 540 1696 776 1748; x_wconf 86' lang='lat' dir='ltr'>quoddam</span> <span class='ocrx_word' id='word_1_185' title='bbox 812 1696 992 1737; x_wconf 88' lang='lat' dir='ltr'>confine</span> <span class='ocrx_word' id='word_1_186' title='bbox 1022 1697 1258 1748; x_wconf 79' lang='lat' dir='ltr'>oppidum,</span> <span class='ocrx_word' id='word_1_187' title='bbox 1283 1697 1427 1736; x_wconf 89' lang='lat' dir='ltr'>animi</span> <span class='ocrx_word' id='word_1_188' title='bbox 1449 1697 1515 1746; x_wconf 90' lang='lat' dir='ltr'>(ut</span> <span class='ocrx_word' id='word_1_189' title='bbox 1543 1696 1761 1746; x_wconf 85' lang='lat' dir='ltr'>arbitror)</span> 
     </span>
     <span class='ocr_line' id='line_1_23' title="bbox 121 1767 1766 1820; baseline -0.001 -12"><span class='ocrx_word' id='word_1_190' title='bbox 121 1767 397 1820; x_wconf 86' lang='lat' dir='ltr'>[relaxandi]</span> <span class='ocrx_word' id='word_1_191' title='bbox 425 1768 603 1819; x_wconf 80' lang='lat' dir='ltr'>gratia,</span> <span class='ocrx_word' id='word_1_192' title='bbox 635 1769 681 1808; x_wconf 92' lang='lat' dir='ltr'>in</span> <span class='ocrx_word' id='word_1_193' title='bbox 707 1780 817 1808; x_wconf 91' lang='lat' dir='ltr'>arce</span> <span class='ocrx_word' id='word_1_194' title='bbox 845 1768 965 1808; x_wconf 87' lang='lat' dir='ltr'>illius</span> <span class='ocrx_word' id='word_1_195' title='bbox 996 1768 1154 1820; x_wconf 86' lang='lat' dir='ltr'>oppidi</span> <span class='ocrx_word' id='word_1_196' title='bbox 1181 1768 1227 1808; x_wconf 92' lang='lat' dir='ltr'>in</span> <span class='ocrx_word' id='word_1_197' title='bbox 1255 1775 1431 1808; x_wconf 88' lang='lat' dir='ltr'>terram</span> <span class='ocrx_word' id='word_1_198' title='bbox 1463 1768 1615 1808; x_wconf 91' lang='lat' dir='ltr'>subito</span> <span class='ocrx_word' id='word_1_199' title='bbox 1650 1768 1766 1807; x_wconf 91' lang='lat' dir='ltr'>ceci-</span> 
     </span>
     <span class='ocr_line' id='line_1_24' title="bbox 121 1839 1768 1891; baseline 0 -13"><span class='ocrx_word' id='word_1_200' title='bbox 121 1839 207 1880; x_wconf 90' lang='lat' dir='ltr'>dit:</span> <span class='ocrx_word' id='word_1_201' title='bbox 243 1839 354 1891; x_wconf 88' lang='lat' dir='ltr'>quid</span> <span class='ocrx_word' id='word_1_202' title='bbox 388 1840 484 1880; x_wconf 88' lang='lat' dir='ltr'>dixi</span> <span class='ocrx_word' id='word_1_203' title='bbox 518 1840 699 1879; x_wconf 81' lang='lat' dir='ltr'>subito?</span> <span class='ocrx_word' id='word_1_204' title='bbox 735 1840 827 1879; x_wconf 90' lang='lat' dir='ltr'>imo</span> <span class='ocrx_word' id='word_1_205' title='bbox 867 1839 964 1880; x_wconf 84' lang='lat' dir='ltr'>fere</span> <span class='ocrx_word' id='word_1_206' title='bbox 1000 1847 1211 1880; x_wconf 88' lang='lat' dir='ltr'>mortuus</span> <span class='ocrx_word' id='word_1_207' title='bbox 1248 1851 1274 1878; x_wconf 89' lang='lat' dir='ltr'>a</span> <span class='ocrx_word' id='word_1_208' title='bbox 1316 1839 1571 1891; x_wconf 87' lang='lat' dir='ltr'>nativoque</span> <span class='ocrx_word' id='word_1_209' title='bbox 1612 1840 1768 1878; x_wconf 90' lang='lat' dir='ltr'>colore</span> 
     </span>
     <span class='ocr_line' id='line_1_25' title="bbox 120 1910 1764 1964; baseline -0.001 -13"><span class='ocrx_word' id='word_1_210' title='bbox 120 1916 326 1951; x_wconf 91' lang='lat' dir='ltr'>mutatus</span> <span class='ocrx_word' id='word_1_211' title='bbox 347 1917 392 1951; x_wconf 95' lang='lat' dir='ltr'>et</span> <span class='ocrx_word' id='word_1_212' title='bbox 412 1911 611 1964; x_wconf 83' lang='lat' dir='ltr'>pallidus</span> <span class='ocrx_word' id='word_1_213' title='bbox 640 1912 738 1951; x_wconf 91' lang='lat' dir='ltr'>sine</span> <span class='ocrx_word' id='word_1_214' title='bbox 767 1911 997 1962; x_wconf 89' lang='lat' dir='ltr'>sanguine</span> <span class='ocrx_word' id='word_1_215' title='bbox 1024 1910 1197 1962; x_wconf 85' lang='lat' dir='ltr'>jacuit;</span> <span class='ocrx_word' id='word_1_216' title='bbox 1232 1911 1481 1951; x_wconf 87' lang='lat' dir='ltr'>cadaveris</span> <span class='ocrx_word' id='word_1_217' title='bbox 1512 1911 1575 1949; x_wconf 87' lang='lat' dir='ltr'>illi</span> <span class='ocrx_word' id='word_1_218' title='bbox 1603 1910 1764 1960; x_wconf 82' lang='lat' dir='ltr'>facies,</span> 
     </span>
     <span class='ocr_line' id='line_1_26' title="bbox 121 1982 1768 2034; baseline -0.001 -12"><span class='ocrx_word' id='word_1_219' title='bbox 121 1994 291 2034; x_wconf 90' lang='lat' dir='ltr'>corpus</span> <span class='ocrx_word' id='word_1_220' title='bbox 317 1983 495 2034; x_wconf 90' lang='lat' dir='ltr'>proprii</span> <span class='ocrx_word' id='word_1_221' title='bbox 516 1983 732 2022; x_wconf 85' lang='lat' dir='ltr'>elementi</span> <span class='ocrx_word' id='word_1_222' title='bbox 761 1988 861 2022; x_wconf 91' lang='lat' dir='ltr'>erat</span> <span class='ocrx_word' id='word_1_223' title='bbox 889 1989 1142 2032; x_wconf 90' lang='lat' dir='ltr'>mutatum,</span> <span class='ocrx_word' id='word_1_224' title='bbox 1166 1982 1247 2022; x_wconf 82' lang='lat' dir='ltr'>vix</span> <span class='ocrx_word' id='word_1_225' title='bbox 1269 1987 1448 2033; x_wconf 91' lang='lat' dir='ltr'>septem</span> <span class='ocrx_word' id='word_1_226' title='bbox 1474 1982 1686 2022; x_wconf 89' lang='lat' dir='ltr'>homines</span> <span class='ocrx_word' id='word_1_227' title='bbox 1709 1982 1768 2021; x_wconf 88' lang='lat' dir='ltr'>ad</span> 
     </span>
     <span class='ocr_line' id='line_1_27' title="bbox 119 2053 1767 2107; baseline -0.001 -13"><span class='ocrx_word' id='word_1_228' title='bbox 119 2060 293 2095; x_wconf 88' lang='lat' dir='ltr'>stratas</span> <span class='ocrx_word' id='word_1_229' title='bbox 315 2054 537 2095; x_wconf 86' lang='lat' dir='ltr'>culcitras</span> <span class='ocrx_word' id='word_1_230' title='bbox 559 2061 803 2107; x_wconf 88' lang='lat' dir='ltr'>asportare</span> <span class='ocrx_word' id='word_1_231' title='bbox 825 2061 1100 2106; x_wconf 85' lang='lat' dir='ltr'>potuerunt:</span> <span class='ocrx_word' id='word_1_232' title='bbox 1125 2055 1367 2094; x_wconf 84' lang='lat' dir='ltr'>ululabant</span> <span class='ocrx_word' id='word_1_233' title='bbox 1398 2054 1521 2093; x_wconf 86' lang='lat' dir='ltr'>intus</span> <span class='ocrx_word' id='word_1_234' title='bbox 1555 2053 1767 2093; x_wconf 89' lang='lat' dir='ltr'>clamori-</span> 
     </span>
     <span class='ocr_line' id='line_1_28' title="bbox 120 2125 1768 2178; baseline -0.001 -12"><span class='ocrx_word' id='word_1_235' title='bbox 120 2126 205 2166; x_wconf 89' lang='lat' dir='ltr'>bus</span> <span class='ocrx_word' id='word_1_236' title='bbox 226 2126 425 2178; x_wconf 86' lang='lat' dir='ltr'>palatia‚</span> <span class='ocrx_word' id='word_1_237' title='bbox 449 2126 559 2166; x_wconf 89' lang='lat' dir='ltr'>Dux</span> <span class='ocrx_word' id='word_1_238' title='bbox 579 2127 792 2177; x_wconf 88' lang='lat' dir='ltr'>lugebat,</span> <span class='ocrx_word' id='word_1_239' title='bbox 815 2126 989 2166; x_wconf 87' lang='lat' dir='ltr'>fratres</span> <span class='ocrx_word' id='word_1_240' title='bbox 1010 2126 1132 2166; x_wconf 89' lang='lat' dir='ltr'>illius</span> <span class='ocrx_word' id='word_1_241' title='bbox 1155 2126 1241 2165; x_wconf 89' lang='lat' dir='ltr'>sibi</span> <span class='ocrx_word' id='word_1_242' title='bbox 1270 2137 1456 2166; x_wconf 90' lang='lat' dir='ltr'>comam</span> <span class='ocrx_word' id='word_1_243' title='bbox 1488 2137 1543 2165; x_wconf 88' lang='lat' dir='ltr'>ac</span> <span class='ocrx_word' id='word_1_244' title='bbox 1572 2125 1768 2164; x_wconf 86' lang='lat' dir='ltr'>barbam</span> 
     </span>
     <span class='ocr_line' id='line_1_29' title="bbox 121 2196 1766 2249; baseline -0.001 -13"><span class='ocrx_word' id='word_1_245' title='bbox 121 2197 402 2247; x_wconf 86' lang='lat' dir='ltr'>evellebant,</span> <span class='ocrx_word' id='word_1_246' title='bbox 439 2198 697 2238; x_wconf 89' lang='lat' dir='ltr'>haerebant</span> <span class='ocrx_word' id='word_1_247' title='bbox 732 2198 961 2237; x_wconf 88' lang='lat' dir='ltr'>columnis</span> <span class='ocrx_word' id='word_1_248' title='bbox 1001 2209 1056 2237; x_wconf 92' lang='lat' dir='ltr'>ac</span> <span class='ocrx_word' id='word_1_249' title='bbox 1090 2197 1303 2249; x_wconf 89' lang='lat' dir='ltr'>postibus</span> <span class='ocrx_word' id='word_1_250' title='bbox 1344 2197 1527 2247; x_wconf 86' lang='lat' dir='ltr'>famuli,</span> <span class='ocrx_word' id='word_1_251' title='bbox 1573 2196 1766 2247; x_wconf 87' lang='lat' dir='ltr'>cognati</span> 
     </span>
     <span class='ocr_line' id='line_1_30' title="bbox 123 2266 1768 2321; baseline -0.001 -13"><span class='ocrx_word' id='word_1_252' title='bbox 123 2270 244 2309; x_wconf 94' lang='lat' dir='ltr'>ultro</span> <span class='ocrx_word' id='word_1_253' title='bbox 265 2270 475 2321; x_wconf 92' lang='lat' dir='ltr'>citroque</span> <span class='ocrx_word' id='word_1_254' title='bbox 504 2281 745 2320; x_wconf 83' lang='lat' dir='ltr'>exangues</span> <span class='ocrx_word' id='word_1_255' title='bbox 768 2276 811 2309; x_wconf 90' lang='lat' dir='ltr'>et</span> <span class='ocrx_word' id='word_1_256' title='bbox 832 2269 1093 2320; x_wconf 88' lang='lat' dir='ltr'>perturbati</span> <span class='ocrx_word' id='word_1_257' title='bbox 1115 2269 1388 2318; x_wconf 90' lang='lat' dir='ltr'>currebant,</span> <span class='ocrx_word' id='word_1_258' title='bbox 1424 2268 1645 2319; x_wconf 85' lang='lat' dir='ltr'>lugubres</span> <span class='ocrx_word' id='word_1_259' title='bbox 1670 2266 1768 2318; x_wconf 89' lang='lat' dir='ltr'>jam</span> 
     </span>
     <span class='ocr_line' id='line_1_31' title="bbox 121 2339 1767 2391; baseline -0.002 -11"><span class='ocrx_word' id='word_1_260' title='bbox 121 2341 410 2391; x_wconf 88' lang='lat' dir='ltr'>parabantur</span> <span class='ocrx_word' id='word_1_261' title='bbox 431 2346 610 2389; x_wconf 89' lang='lat' dir='ltr'>vestes,</span> <span class='ocrx_word' id='word_1_262' title='bbox 636 2341 718 2381; x_wconf 90' lang='lat' dir='ltr'>sed</span> <span class='ocrx_word' id='word_1_263' title='bbox 739 2341 929 2381; x_wconf 89' lang='lat' dir='ltr'>tandem</span> <span class='ocrx_word' id='word_1_264' title='bbox 950 2340 1275 2381; x_wconf 86' lang='lat' dir='ltr'>misericordia</span> <span class='ocrx_word' id='word_1_265' title='bbox 1303 2340 1492 2380; x_wconf 88' lang='lat' dir='ltr'>Domini</span> <span class='ocrx_word' id='word_1_266' title='bbox 1519 2339 1767 2390; x_wconf 89' lang='lat' dir='ltr'>pristinum</span> 
     </span>
     <span class='ocr_line' id='line_1_32' title="bbox 122 2411 1763 2464; baseline -0.002 -12"><span class='ocrx_word' id='word_1_267' title='bbox 122 2414 326 2452; x_wconf 86' lang='lat' dir='ltr'>colorem</span> <span class='ocrx_word' id='word_1_268' title='bbox 349 2418 393 2452; x_wconf 91' lang='lat' dir='ltr'>et</span> <span class='ocrx_word' id='word_1_269' title='bbox 414 2413 627 2464; x_wconf 90' lang='lat' dir='ltr'>corporis</span> <span class='ocrx_word' id='word_1_270' title='bbox 650 2413 862 2453; x_wconf 86' lang='lat' dir='ltr'>eamdem</span> <span class='ocrx_word' id='word_1_271' title='bbox 893 2424 1034 2464; x_wconf 91' lang='lat' dir='ltr'>quam</span> <span class='ocrx_word' id='word_1_272' title='bbox 1066 2413 1194 2464; x_wconf 90' lang='lat' dir='ltr'>prius</span> <span class='ocrx_word' id='word_1_273' title='bbox 1225 2411 1547 2452; x_wconf 79' lang='lat' dir='ltr'>habitudinem</span> <span class='ocrx_word' id='word_1_274' title='bbox 1577 2421 1763 2461; x_wconf 90' lang='lat' dir='ltr'>recupe-</span> 
     </span>
     <span class='ocr_line' id='line_1_33' title="bbox 122 2483 1763 2536; baseline -0.002 -12"><span class='ocrx_word' id='word_1_275' title='bbox 122 2485 260 2524; x_wconf 87' lang='lat' dir='ltr'>ravit.</span> <span class='ocrx_word' id='word_1_276' title='bbox 283 2485 355 2524; x_wconf 87' lang='lat' dir='ltr'>Ex</span> <span class='ocrx_word' id='word_1_277' title='bbox 376 2495 430 2524; x_wconf 94' lang='lat' dir='ltr'>eo</span> <span class='ocrx_word' id='word_1_278' title='bbox 452 2490 661 2536; x_wconf 88' lang='lat' dir='ltr'>tempore</span> <span class='ocrx_word' id='word_1_279' title='bbox 691 2484 1073 2536; x_wconf 85' lang='lat' dir='ltr'>contemplationi</span> <span class='ocrx_word' id='word_1_280' title='bbox 1094 2496 1143 2524; x_wconf 90' lang='lat' dir='ltr'>se</span> <span class='ocrx_word' id='word_1_281' title='bbox 1165 2484 1290 2524; x_wconf 89' lang='lat' dir='ltr'>dedit</span> <span class='ocrx_word' id='word_1_282' title='bbox 1320 2483 1472 2534; x_wconf 87' lang='lat' dir='ltr'>magis</span> <span class='ocrx_word' id='word_1_283' title='bbox 1503 2493 1643 2534; x_wconf 89' lang='lat' dir='ltr'>quam</span> <span class='ocrx_word' id='word_1_284' title='bbox 1675 2487 1763 2521; x_wconf 91' lang='lat' dir='ltr'>stu-</span> 
     </span>
     <span class='ocr_line' id='line_1_34' title="bbox 121 2552 1764 2607; baseline -0.002 -11"><span class='ocrx_word' id='word_1_285' title='bbox 121 2556 197 2596; x_wconf 90' lang='lat' dir='ltr'>dio</span> <span class='ocrx_word' id='word_1_286' title='bbox 219 2564 263 2596; x_wconf 92' lang='lat' dir='ltr'>et</span> <span class='ocrx_word' id='word_1_287' title='bbox 284 2555 534 2596; x_wconf 84' lang='lat' dir='ltr'>meditatur</span> <span class='ocrx_word' id='word_1_288' title='bbox 556 2568 611 2596; x_wconf 88' lang='lat' dir='ltr'>ac</span> <span class='ocrx_word' id='word_1_289' title='bbox 633 2562 736 2596; x_wconf 90' lang='lat' dir='ltr'>orat</span> <span class='ocrx_word' id='word_1_290' title='bbox 761 2556 895 2596; x_wconf 87' lang='lat' dir='ltr'>flexis</span> <span class='ocrx_word' id='word_1_291' title='bbox 921 2556 1119 2607; x_wconf 89' lang='lat' dir='ltr'>genibus</span> <span class='ocrx_word' id='word_1_292' title='bbox 1151 2561 1447 2596; x_wconf 79' lang='lat' dir='ltr'>reverenter:</span> <span class='ocrx_word' id='word_1_293' title='bbox 1485 2553 1595 2605; x_wconf 90' lang='lat' dir='ltr'>quid</span> <span class='ocrx_word' id='word_1_294' title='bbox 1626 2552 1764 2592; x_wconf 91' lang='lat' dir='ltr'>medi-</span> 
     </span>
     <span class='ocr_line' id='line_1_35' title="bbox 121 2624 1768 2679; baseline -0.002 -12"><span class='ocrx_word' id='word_1_295' title='bbox 121 2634 246 2668; x_wconf 90' lang='lat' dir='ltr'>tatus</span> <span class='ocrx_word' id='word_1_296' title='bbox 266 2628 420 2676; x_wconf 79' lang='lat' dir='ltr'>suerit,</span> <span class='ocrx_word' id='word_1_297' title='bbox 445 2628 555 2679; x_wconf 91' lang='lat' dir='ltr'>quid</span> <span class='ocrx_word' id='word_1_298' title='bbox 576 2629 796 2679; x_wconf 87' lang='lat' dir='ltr'>senserit,</span> <span class='ocrx_word' id='word_1_299' title='bbox 821 2628 993 2679; x_wconf 90' lang='lat' dir='ltr'>quidve</span> <span class='ocrx_word' id='word_1_300' title='bbox 1016 2640 1122 2668; x_wconf 93' lang='lat' dir='ltr'>eum</span> <span class='ocrx_word' id='word_1_301' title='bbox 1138 2627 1407 2678; x_wconf 84' lang='lat' dir='ltr'>agitaverit,</span> <span class='ocrx_word' id='word_1_302' title='bbox 1432 2631 1596 2677; x_wconf 90' lang='lat' dir='ltr'>postea</span> <span class='ocrx_word' id='word_1_303' title='bbox 1618 2624 1768 2676; x_wconf 90' lang='lat' dir='ltr'>aperit</span> 
     </span>
     <span class='ocr_line' id='line_1_36' title="bbox 121 2696 1766 2750; baseline -0.003 -11"><span class='ocrx_word' id='word_1_304' title='bbox 121 2699 225 2740; x_wconf 82' lang='lat' dir='ltr'>P.1·:</span> <span class='ocrx_word' id='word_1_305' title='bbox 254 2700 580 2740; x_wconf 88' lang='lat' dir='ltr'>coenationem</span> <span class='ocrx_word' id='word_1_306' title='bbox 610 2699 872 2750; x_wconf 91' lang='lat' dir='ltr'>ingreditur</span> <span class='ocrx_word' id='word_1_307' title='bbox 903 2706 947 2739; x_wconf 91' lang='lat' dir='ltr'>et</span> <span class='ocrx_word' id='word_1_308' title='bbox 981 2699 1226 2740; x_wconf 91' lang='lat' dir='ltr'>nobiscum</span> <span class='ocrx_word' id='word_1_309' title='bbox 1247 2697 1422 2749; x_wconf 91' lang='lat' dir='ltr'>gaudet</span> <span class='ocrx_word' id='word_1_310' title='bbox 1458 2696 1766 2736; x_wconf 91' lang='lat' dir='ltr'>discumbere.</span> 
     </span>
     <span class='ocr_line' id='line_1_37' title="bbox 121 2771 1682 2823; baseline -0.004 -11"><span class='ocrx_word' id='word_1_311' title='bbox 121 2771 322 2812; x_wconf 90' lang='lat' dir='ltr'>Demum</span> <span class='ocrx_word' id='word_1_312' title='bbox 342 2771 461 2811; x_wconf 89' lang='lat' dir='ltr'>haec</span> <span class='ocrx_word' id='word_1_313' title='bbox 482 2771 653 2821; x_wconf 88' lang='lat' dir='ltr'>anima,</span> <span class='ocrx_word' id='word_1_314' title='bbox 679 2771 779 2811; x_wconf 91' lang='lat' dir='ltr'>sine</span> <span class='ocrx_word' id='word_1_315' title='bbox 800 2772 903 2823; x_wconf 91' lang='lat' dir='ltr'>lege</span> <span class='ocrx_word' id='word_1_316' title='bbox 926 2777 1066 2812; x_wconf 88' lang='lat' dir='ltr'>antea</span> <span class='ocrx_word' id='word_1_317' title='bbox 1087 2771 1270 2819; x_wconf 77' lang='lat' dir='ltr'>vivens,</span> <span class='ocrx_word' id='word_1_318' title='bbox 1295 2775 1365 2809; x_wconf 89' lang='lat' dir='ltr'>est</span> <span class='ocrx_word' id='word_1_319' title='bbox 1386 2774 1682 2819; x_wconf 87' lang='lat' dir='ltr'>recuperata.</span> 
     </span>
     <span class='ocr_line' id='line_1_38' title="bbox 201 2838 1764 2892; baseline -0.003 -10"><span class='ocrx_word' id='word_1_320' title='bbox 201 2843 355 2883; x_wconf 87' lang='lat' dir='ltr'>Festis</span> <span class='ocrx_word' id='word_1_321' title='bbox 371 2842 607 2883; x_wconf 87' lang='lat' dir='ltr'>Natalitiis</span> <span class='ocrx_word' id='word_1_322' title='bbox 625 2843 1032 2883; x_wconf 89' lang='lat' dir='ltr'>commendatores</span> <span class='ocrx_word' id='word_1_323' title='bbox 1051 2854 1212 2883; x_wconf 88' lang='lat' dir='ltr'>omnes</span> <span class='ocrx_word' id='word_1_324' title='bbox 1234 2853 1288 2881; x_wconf 92' lang='lat' dir='ltr'>ac</span> <span class='ocrx_word' id='word_1_325' title='bbox 1311 2839 1410 2892; x_wconf 85' lang='lat' dir='ltr'>ejus</span> <span class='ocrx_word' id='word_1_326' title='bbox 1431 2839 1593 2879; x_wconf 88' lang='lat' dir='ltr'>famuli</span> <span class='ocrx_word' id='word_1_327' title='bbox 1611 2838 1764 2889; x_wconf 88' lang='lat' dir='ltr'>(turba</span> 
     </span>
     <span class='ocr_line' id='line_1_39' title="bbox 119 2908 1769 2967; baseline -0.004 -13"><span class='ocrx_word' id='word_1_328' title='bbox 119 2914 309 2967; x_wconf 87' lang='lat' dir='ltr'>quidem</span> <span class='ocrx_word' id='word_1_329' title='bbox 335 2915 450 2954; x_wconf 88' lang='lat' dir='ltr'>satis</span> <span class='ocrx_word' id='word_1_330' title='bbox 481 2914 693 2966; x_wconf 89' lang='lat' dir='ltr'>copiosa)</span> <span class='ocrx_word' id='word_1_331' title='bbox 731 2914 935 2955; x_wconf 77' lang='lat' dir='ltr'>confessi</span> <span class='ocrx_word' id='word_1_332' title='bbox 963 2921 1070 2954; x_wconf 87' lang='lat' dir='ltr'>sunt</span> <span class='ocrx_word' id='word_1_333' title='bbox 1102 2913 1158 2954; x_wconf 90' lang='lat' dir='ltr'>de</span> <span class='ocrx_word' id='word_1_334' title='bbox 1185 2912 1419 2965; x_wconf 85' lang='lat' dir='ltr'>peccatis,</span> <span class='ocrx_word' id='word_1_335' title='bbox 1454 2912 1624 2951; x_wconf 89' lang='lat' dir='ltr'>missos</span> <span class='ocrx_word' id='word_1_336' title='bbox 1660 2908 1769 2948; x_wconf 88' lang='lat' dir='ltr'>fecit</span> 
     </span>
     <span class='ocr_line' id='line_1_40' title="bbox 122 2981 1765 3037; baseline -0.004 -11"><span class='ocrx_word' id='word_1_337' title='bbox 122 2987 373 3026; x_wconf 89' lang='lat' dir='ltr'>choraulas</span> <span class='ocrx_word' id='word_1_338' title='bbox 401 2993 445 3027; x_wconf 94' lang='lat' dir='ltr'>et</span> <span class='ocrx_word' id='word_1_339' title='bbox 466 2987 694 3037; x_wconf 89' lang='lat' dir='ltr'>musicos,</span> <span class='ocrx_word' id='word_1_340' title='bbox 719 2986 797 3037; x_wconf 91' lang='lat' dir='ltr'>qui</span> <span class='ocrx_word' id='word_1_341' title='bbox 824 2987 947 3026; x_wconf 91' lang='lat' dir='ltr'>illius</span> <span class='ocrx_word' id='word_1_342' title='bbox 976 2986 1183 3025; x_wconf 90' lang='lat' dir='ltr'>animum</span> <span class='ocrx_word' id='word_1_343' title='bbox 1213 2991 1353 3024; x_wconf 90' lang='lat' dir='ltr'>cantu</span> <span class='ocrx_word' id='word_1_344' title='bbox 1386 2989 1431 3023; x_wconf 93' lang='lat' dir='ltr'>et</span> <span class='ocrx_word' id='word_1_345' title='bbox 1463 2981 1587 3022; x_wconf 91' lang='lat' dir='ltr'>dulci</span> <span class='ocrx_word' id='word_1_346' title='bbox 1617 2991 1765 3021; x_wconf 88' lang='lat' dir='ltr'>armo-</span> 
     </span>
    </p>
   </div>
  </div>
 </body>
</html>
