2080 3392
847 151 930 187 ΑΝ.
963 150 1054 187 1553
1703 150 1778 188 303

124 246 312 297 fiducia,
332 246 457 286 omni
479 247 673 298 expulso
691 246 747 287 de
764 247 983 287 cordibus
1001 249 1237 299 scrupulo,
1257 248 1391 300 quasi
1411 248 1627 287 certatim
1645 259 1773 299 prae-

126 318 239 358 dicti
274 317 445 358 subditi
481 317 540 357 ad
574 316 763 357 Patrem
799 317 1049 358 confitendi
1083 319 1238 370 gratia
1274 319 1436 358 venire
1471 318 1773 358 contendunt.

207 389 358 439 Quam
370 400 483 428 Vero
501 395 638 439 grata
657 389 1053 440 acceptabilisque
1070 390 1117 429 in
1133 389 1347 441 praefata
1364 389 1409 430 S.
1429 389 1556 430 Petri
1577 390 1777 430 ecclesia

128 459 279 500 Patris
301 460 389 500 nri.
412 460 471 500 sit
498 460 780 511 praesentia,
805 460 877 500 his
898 460 1034 500 facile
1066 461 1225 511 colligi
1251 468 1407 512 potest
1435 461 1640 502 indiciis:
1672 473 1778 502 cum

130 544 189 571 ex
211 531 546 582 Magistrorum
563 531 771 572 eiusdem
788 532 1017 572 ecclesiae
1037 532 1302 583 sedulitate,
1323 545 1464 584 quam
1481 545 1575 573 non
1594 531 1776 585 [solum]

126 603 323 643 internis
345 603 488 642 animi
510 602 754 643 affectibus
770 615 936 643 verum
954 603 1095 643 etiam
1112 610 1308 644 externo
1332 611 1471 656 atque
1490 605 1644 656 operis
1663 605 1778 645 satis

126 674 510 714 demonstrarunt
533 674 699 714 effectu
716 686 722 725 3
747 674 961 714 videntes
978 674 1103 714 enim
1120 675 1167 714 in
1184 675 1282 715 dies
1301 687 1514 715 crescere
1531 687 1778 716 numerum

127 744 462 796 confitentium,
487 746 533 785 in
551 746 767 797 opposito
786 746 949 786 altaris
971 746 1257 786 venerabilis
1277 747 1564 787 sacramenti
1580 759 1705 787 nova
1724 759 1778 787 ac

126 822 402 867 sumptuosa
436 817 672 856 iusserunt
695 816 795 856 fieri
831 816 995 856 sedilia
1027 817 1209 856 caelata
1233 823 1277 857 et
1308 817 1458 857 instar
1480 830 1670 858 mensae
1705 831 1777 859 co-

127 893 287 939 aptata
310 888 356 928 in
374 894 508 939 parte
531 888 781 937 anteriore,
802 888 849 927 in
867 887 1048 939 quibus,
1070 888 1286 928 omnibus
1310 888 1558 929 dominicis
1578 889 1777 930 festivis-

126 970 216 1011 que
243 959 419 1009 diebus,
450 959 703 999 substratis
727 958 1056 1010 pulcherrimis
1078 959 1376 1009 mantilibus,
1398 960 1591 1012 scyphis
1614 972 1776 1011 argen-

125 1030 228 1079 teis,
256 1030 451 1082 aliisque
473 1030 533 1070 ad
554 1030 781 1070 maiorem
802 1030 1014 1070 internae
1032 1030 1220 1082 pietatis
1243 1031 1581 1071 excitationem
1598 1033 1779 1083 apposi-

125 1101 199 1151 tis,
225 1102 439 1141 omnibus
462 1101 915 1141 communicantibus
944 1101 1003 1141 ab
1024 1101 1190 1141 iisdem
1212 1100 1421 1142 fabricae
1450 1103 1692 1154 magistris
1712 1104 1776 1143 vi-

126 1184 238 1212 num
261 1172 618 1212 administratur
641 1171 672 1221 ¹3
698 1172 888 1224 insuper
911 1172 1041 1213 Patri
1069 1173 1363 1213 tradiderunt
1393 1174 1554 1213 claves
1581 1175 1781 1214 sacrarii

128 1255 213 1295 pro
234 1255 322 1284 usu
343 1250 741 1295 ornamentorum,
772 1255 891 1295 quae
914 1243 1087 1284 ibidem
1108 1251 1431 1296 reservantur,
1459 1255 1597 1297 atque
1625 1246 1775 1286 taber-

129 1316 285 1355 naculi
303 1326 386 1355 seu
412 1314 677 1367 repositorii
694 1314 994 1355 Venerabilis
1020 1314 1338 1362 Sacramenti2
1368 1316 1535 1368 quibus
1565 1316 1779 1357 omnibus

125 1398 210 1437 pro
235 1387 379 1426 lubito
402 1392 446 1426 et
467 1387 918 1427 communicantium
938 1386 1152 1438 profectu
1171 1387 1374 1439 quotidie
1398 1388 1465 1427 uti
1486 1389 1665 1438 valeat,
1684 1395 1781 1427 turn

124 1469 308 1510 quoque
329 1457 465 1498 facile
482 1458 657 1509 percipi
681 1464 836 1510 potest
858 1470 998 1510 quam
1018 1458 1103 1498 fuit
1129 1465 1406 1510 expectatus
1435 1460 1585 1510 patris
1607 1460 1779 1499 adven-

126 1535 201 1569 tus
228 1529 275 1568 in
304 1529 394 1569 isto
417 1530 590 1581 templo
619 1542 676 1569 ex
706 1541 960 1570 numerosa
987 1530 1309 1570 confitentium
1338 1531 1651 1582 multitudine,
1684 1536 1782 1571 tam

126 1599 443 1641 studiosorum
466 1613 606 1652 quam
623 1601 867 1651 laicorum,
888 1601 1222 1651 studiosorum,
1242 1602 1450 1654 inquam,
1467 1603 1612 1642 multo
1632 1602 1782 1642 maior

126 1671 189 1711 ibi
203 1678 273 1711 est
289 1671 567 1723 frequentia,
588 1672 932 1713 confessionem
944 1674 1341 1725 amplectentium,
1359 1685 1500 1725 quam
1517 1674 1563 1714 in
1581 1673 1781 1714 ecclesia

126 1741 172 1783 S.
196 1742 455 1793 Michaelis,
488 1744 595 1795 quia
613 1744 675 1784 ibi
696 1744 915 1795 specialis
944 1744 1234 1784 studentium
1264 1745 1576 1796 congregatio
1604 1751 1647 1785 et
1676 1757 1782 1785 con·

129 1820 297 1854 ventus
315 1815 605 1866 designatur,
626 1815 747 1855 unde
769 1816 911 1856 etiam
927 1816 1171 1868 proximus
1189 1817 1321 1856 locus
1341 1817 1678 1857 coemeterium
1696 1818 1782 1857 cle-

128 1885 274 1926 ricale
301 1892 599 1938 nuncupatus
629 1893 712 1927 est.
744 1887 816 1927 Ex
846 1887 935 1927 hac
971 1887 1094 1927 enim
1125 1899 1291 1938 messe,
1331 1887 1491 1928 divino
1527 1889 1784 1940 opitulante

128 1957 326 2007 auxilio,
370 1958 609 1998 uberiores
645 1959 1020 2010 maturioresque
1057 1959 1104 1999 in
1140 1960 1314 1999 horrea
1346 1959 1454 1999 Dni.
1494 1959 1784 2010 colligendos

131 2035 438 2080 expectamus
454 2029 649 2069 fructus.

213 2099 407 2151 Singula
429 2100 615 2152 quidem
637 2102 841 2142 scribere
865 2102 920 2142 de
938 2102 1023 2152 his,
1049 2102 1126 2154 qui
1149 2102 1517 2154 quadragesima
1539 2102 1628 2142 hac
1650 2115 1783 2154 prae-

134 2171 274 2211 terita
305 2172 364 2212 ad
395 2172 738 2213 confessionem
767 2173 1117 2223 confluxerunt,
1147 2180 1246 2213 tum
1277 2174 1336 2213 ad
1367 2175 1591 2225 templum
1618 2173 1676 2213 D.
1704 2173 1784 2214 Pe-

133 2243 208 2293 tri,
234 2250 333 2282 tum
367 2243 426 2283 ad
447 2245 671 2296 templum
698 2243 755 2284 D.
789 2244 1047 2296 Michaelis,
1083 2245 1159 2285 ubi
1195 2245 1516 2285 confessiones
1552 2245 1781 2295 audimus,

134 2315 326 2364 longam
346 2313 551 2355 futuram
573 2328 676 2356 esse
698 2316 942 2356 historiam
970 2328 1056 2356 nec
1085 2316 1131 2356 in
1159 2317 1538 2368 praesentiarum
1568 2328 1778 2357 necessa-

133 2385 254 2425 rium
282 2385 573 2437 existimans,
598 2388 866 2427 summatim
896 2388 1030 2439 quasi
1057 2387 1269 2438 tetigisse
1298 2395 1371 2427 sat
1402 2399 1505 2427 esse
1524 2394 1649 2438 puto.
1682 2388 1784 2428 Hoc

134 2457 285 2496 solum
315 2457 499 2497 silentio
535 2457 758 2498 oblivioni
791 2458 1072 2499 'tradendum
1101 2470 1197 2499 non
1224 2459 1443 2509 arbitror,
1482 2471 1575 2498 non
1607 2471 1785 2510 paucos

133 2534 316 2568 tantam
354 2540 604 2579 perperam
642 2536 863 2581 peractae
902 2531 1029 2570 vitae
1069 2531 1307 2570 invenisse
1349 2530 1687 2581 cognitionem,
1732 2537 1781 2570 ut

135 2610 231 2638 non
258 2600 425 2649 solum,
452 2599 851 2641 confessariorum
877 2602 1088 2652 consilio,
1120 2601 1469 2641 haereticorum
1497 2601 1641 2641 libros
1663 2602 1783 2642 lace—

134 2677 314 2721 rarunt,
339 2672 542 2711 vulcano
565 2671 859 2712 tradiderunt
879 2673 1106 2724 nobisque
1129 2671 1386 2713 tradendos
1409 2673 1678 2723 attulerunt,
1699 2673 1782 2713 sed

136 2741 276 2781 etiam
294 2753 469 2794 magna
487 2743 642 2783 cordis
660 2744 1020 2795 compunctione
1038 2745 1085 2784 in
1101 2750 1408 2796 peccatorum
1425 2743 1787 2784 detestationem

136 2814 381 2863 generales
402 2814 534 2854 nobis
555 2814 764 2854 fecerunt
801 2815 1136 2865 confessiones,
1167 2820 1440 2866 reputantes
1463 2827 1550 2866 pro
1578 2816 1785 2855 maxima

193 2973 201 2992 ¹
242 2973 357 3001 Habes
374 2974 427 3001 hic
443 2975 530 3009 quod
546 2974 744 3001 dubitantes
759 2975 956 3009 scripsimus
972 2982 1087 3008 supra,
1105 2980 1128 3002 t.
1143 2982 1163 3006 Ι,
1177 2982 1257 3008 pag.
1273 2974 1334 3006 686.
1350 2979 1464 3002 annot.
1481 2975 1510 3002 2.
