2080 3392
818 189 901 226 AN.
932 187 1026 226 1553
1678 183 1753 222 239·

106 291 351 342 transegit,
375 300 574 340 cumque
595 299 622 327 a
643 286 838 328 medicis
859 291 1120 333 curaretur,
1146 296 1237 324 una
1260 283 1325 324 illi
1344 282 1513 332 Patris,
1537 281 1616 333 qui
1642 280 1745 321 ade-

106 369 193 413 rat,
213 360 480 414 praesentia
500 359 666 400 solatio
688 369 861 409 magno
883 363 1008 407 erat3
1033 367 1172 408 quem
1193 354 1390 396 subinde
1412 353 1742 405 complectens,

108 433 262 475 cordis
283 431 509 472 laetitiam
530 430 752 470 eximiam
772 428 1056 469 declarabat.
1077 427 1166 467 Hic
1188 437 1381 466 cernere
1403 430 1504 465 erat
1524 436 1619 464 non
1636 435 1745 475 pau-

109 517 187 546 cos
223 504 281 545 ad
316 503 484 544 similia
521 513 670 554 aequo
707 501 860 542 animo
896 498 1090 540 ferenda
1118 510 1203 549 pro
1232 498 1322 538 Dei
1353 497 1504 549 gloria
1534 501 1744 548 paratos.

108 577 259 617 Tanta
280 575 415 627 hujus
435 573 609 626 populi,
629 573 708 625 qui
728 578 867 612 antea
886 571 1022 611 ferox
1043 577 1088 610 et
1109 569 1253 610 durae
1274 569 1474 609 cervicis
1496 567 1664 617 fuerat,
1686 567 1745 606 ad

110 648 259 689 Deum
281 645 530 686 conversio
555 649 600 684 et
620 644 747 684 vitae
770 642 965 683 mutatio
987 648 1089 682 tota
1110 639 1211 680 Deo
1233 652 1315 691 per
1337 639 1647 679 ministerium
1669 636 1748 678 So—

109 717 290 759 cietatis
320 716 559 767 tribuitur;
589 714 670 755 sed
704 713 843 765 hujus
875 713 1017 753 habet
1050 723 1145 751 non
1182 711 1423 751 minimam
1456 716 1640 762 partem
1674 709 1749 749 vir

109 800 289 830 summa
328 787 555 839 religione
594 792 638 826 et
673 786 846 838 pietate
881 790 926 824 et
965 782 1214 824 Societatis
1253 781 1588 831 amicissimus,
1627 780 1749 820 illius

110 860 336 901 dioecesis
356 859 634 910 Episcopus.

188 932 317 972 Haec
339 936 460 981 sunt,
483 929 538 970 R.
561 929 610 970 P.
636 929 683 969 in
710 928 911 978 Christo,
946 938 1065 979 quae
1092 925 1175 966 40¹·
1204 925 1277 965 his
1304 924 1542 964 mensibus
1574 922 1747 963 Divina

109 1004 293 1044 bonitas
322 1003 370 1042 in
403 1002 475 1042 his
509 1001 625 1041 locis
658 1011 740 1052 per
775 1010 886 1039 suos
915 1010 1078 1038 servos
1109 1002 1303 1049 operata
1334 1001 1419 1035 est.
1452 994 1675 1046 Superest
1701 1001 1749 1033 ut

109 1076 161 1116 T.
183 1075 231 1115 P.
255 1085 342 1114 nos
364 1084 526 1113 omnes
555 1071 656 1112 Deo
690 1077 851 1111 nostro
879 1070 1021 1110 etiam
1051 1080 1106 1108 ac
1133 1068 1275 1108 etiam
1296 1065 1604 1115 commendet,
1628 1064 1750 1116 quod

110 1153 159 1187 ut
179 1145 327 1186 facias
339 1150 496 1196 patres
509 1154 672 1183 omnes
686 1148 730 1182 et
742 1141 913 1182 fratres
926 1140 1192 1181 charissimi
1206 1139 1507 1179 vehementer
1520 1137 1747 1188 cupimus.

191 1215 519 1257 Conimbricae
540 1213 586 1253 V
608 1213 807 1253 Kalend.
831 1211 943 1263 Maji
969 1210 1084 1251 1553.

192 1431 252 1470 In
291 1433 465 1481 quarta
498 1427 708 1480 pagina,
746 1438 891 1467 manu
927 1426 1099 1465 Patris
1136 1424 1356 1464 Polanci:
1391 1424 1461 1464 Ex
1497 1422 1749 1462 Coimbria.

115 1502 261 1553 Quad.
284 1502 309 1541 5
331 1501 419 1541 cal.
443 1499 570 1550 Maii,
599 1498 715 1539 1553.
