2080 3392
816 217 898 255 AN.
928 218 1021 255 1554
1670 216 1737 253 641

94 317 224 368 gium
247 316 407 356 divina
428 315 754 356 misericordia
775 315 1032 356 ostenderit
1053 314 1298 365 beneficia,
1324 314 1382 354 ab
1403 314 1514 354 anni
1540 313 1642 353 1554
1663 325 1736 353 ex-

95 388 227 428 ordio
250 388 310 428 ad
330 388 473 428 hasce
493 388 586 428 kal.
610 387 780 439 Maias,
804 387 860 428 de
885 398 1016 427 more
1038 387 1418 439 praelibabimus.

174 458 320 499 Paulo
342 465 450 499 ante
471 459 582 499 anni
608 459 874 510 ingressum
895 458 954 499 ad
975 469 1062 498 nos
1090 469 1349 510 pervenere
1375 456 1603 509 pontificii
1624 455 1738 496 iubi-

94 531 185 570 laei
206 530 546 582 indulgentiae,
571 542 687 581 quas
708 530 918 571 universi
937 530 1100 581 gregis
1129 528 1388 581 spiritualis
1409 528 1641 579 benignus
1662 539 1740 579 pa-

96 608 194 642 stor
214 602 364 655 Julius
386 603 568 642 cunctis
600 602 846 642 catholicis
879 601 1135 650 concessit,
1167 607 1217 641 ut
1242 600 1485 641 illustriori
1512 600 1739 640 mentium

97 680 268 713 ornatu
295 672 355 712 ad
382 684 608 724 sponsum
641 673 883 713 Ecclesiae
915 672 1154 712 Christum
1186 671 1486 721 accederent,
1520 671 1743 721 efflagita-

96 750 292 796 rentque
327 750 377 784 ut
411 743 594 795 lapidea
625 744 991 784 inobedientium
1027 744 1172 784 corda
1212 744 1419 783 emolliat
1455 743 1745 794 rebellesque

98 816 279 855 animos
320 815 367 855 in
408 827 610 867 sponsae
654 827 767 856 suae
806 815 966 856 flectat
1008 815 1284 866 obsequium
1325 813 1351 852 ¹.
1393 814 1535 854 Dictu
1574 814 1745 854 mirum

97 892 272 938 quanta
307 886 501 938 spiritus
532 887 777 927 alacritate
810 886 1094 938 gandienses
1131 897 1244 926 oves
1286 897 1475 926 sacrum
1508 885 1745 925 Pontificis

98 958 269 998 summi
290 958 496 998 edictum
515 958 809 1010 exceperint3
835 964 1113 1008 argumento
1136 958 1195 997 sit
1217 957 1385 1008 ingens
1407 968 1569 997 eorum
1589 968 1745 996 nume-

98 1041 200 1081 rUS‚
224 1030 303 1081 qui
324 1036 629 1081 peccatorum
651 1041 843 1070 suorum
863 1029 1052 1069 veniam
1081 1029 1405 1079 consecuturi,
1436 1029 1635 1068 vulnera
1657 1028 1743 1079 spi-

99 1102 215 1141 ritus
237 1101 558 1153 spiritualibus
580 1101 772 1141 medicis
799 1100 1051 1150 nudantes,
1081 1100 1436 1140 immaculatum
1464 1111 1639 1151 agnum
1660 1111 1742 1150 gu-

100 1179 361 1213 staverunt.
385 1172 545 1213 Nostri
565 1184 678 1212 sane
701 1172 884 1222 Patres,
909 1171 1155 1211 audiendis
1178 1171 1315 1211 noxis
1335 1171 1679 1223 oppidanorum
1702 1177 1746 1210 et

99 1245 255 1297 gentis
277 1244 447 1297 oppido
466 1244 672 1295 vicinae,
693 1244 855 1284 diebus
872 1242 1160 1295 quindecim,
1179 1254 1326 1294 usque
1349 1242 1466 1283 adeo
1485 1243 1585 1282 sine
1607 1242 1744 1282 inter-

100 1317 322 1357 missione
343 1316 642 1366 laborarunt,
664 1321 712 1356 ut
729 1316 1050 1355 necessariam
1067 1315 1223 1365 aegris
1248 1315 1524 1366 corporibus
1547 1314 1748 1366 quietem

99 1388 322 1428 fraudare
343 1388 540 1438 integris
560 1399 678 1439 pene
699 1387 917 1427 noctibus
939 1386 1261 1426 sustinuerint.
1288 1384 1680 1437 Octingentorum
1703 1392 1748 1425 et

101 1473 155 1500 eo
196 1460 397 1512 amplius
435 1459 677 1500 hominum
716 1459 1031 1499 conscientias
1073 1469 1343 1509 purgavere
1384 1457 1582 1508 Collegii
1610 1458 1749 1497 huius

100 1531 279 1572 Patres.
304 1531 355 1572 In
376 1531 432 1571 iis
453 1537 641 1571 constat
670 1531 882 1571 extitisse
914 1530 1183 1581 plerosque,
1214 1542 1332 1581 quos
1353 1536 1532 1570 mutum
1564 1530 1748 1569 daemo-

100 1604 229 1645 nium
255 1603 563 1655 prohibuerat
594 1614 736 1654 supra
764 1602 1046 1653 vigesimum
1074 1613 1249 1641 annum
1270 1607 1466 1653 peccata
1495 1613 1580 1641 sua
1610 1601 1747 1641 confi-

99 1675 203 1716 teri.
226 1674 416 1726 Reperti
437 1680 544 1714 sunt
565 1674 658 1723 alii,
683 1674 761 1726 qui
778 1674 1013 1724 sacrilega
1030 1673 1318 1713 verecundia
1335 1684 1431 1713 non
1449 1679 1598 1713 totum
1615 1673 1749 1712 Virus

101 1747 161 1788 ad
182 1747 326 1798 pedes
346 1746 647 1786 sacerdotum
667 1751 999 1795 evomuerant,
1032 1745 1114 1785 sed
1148 1744 1273 1785 idola
1303 1744 1466 1784 Laban
1496 1744 1582 1784 sibi
1603 1756 1748 1784 reser-

102 1825 271 1859 vantes
291 1817 320 1868 ²,
344 1829 414 1869 ea,
452 1819 500 1858 in
527 1818 694 1869 quibus
722 1816 1079 1857 manifestandis
1100 1817 1227 1856 nulla
1249 1823 1350 1856 erat
1373 1816 1602 1867 confusio,
1632 1828 1749 1856 rese-

102 1896 341 1931 raverant.
365 1889 468 1930 Hac
490 1889 672 1930 ratione
695 1888 910 1929 effectum
932 1895 1023 1939 est,
1048 1887 1173 1939 quod
1202 1900 1261 1927 ex
1290 1899 1343 1927 eo
1371 1887 1621 1927 videbatur
1643 1899 1747 1927 con-

103 1962 236 2014 sequi
256 1962 549 2012 necessario‚
576 1966 623 2000 ut
644 1967 688 2000 et
709 1960 840 2000 multi
861 1966 1010 2000 totum
1031 1965 1278 2000 anteactae
1308 1959 1435 1999 vitae
1463 1959 1749 1999 curriculum

103 2035 150 2074 in
172 2033 465 2074 confessione
487 2032 661 2072 fuerint
694 2031 891 2082 emensi,
922 2037 966 2071 et
988 2031 1095 2071 'veri
1117 2031 1294 2071 domini
1323 2031 1479 2070 multis
1502 2031 1634 2070 bonis
1657 2032 1750 2071 iam

105 2105 281 2145 dudum
301 2116 385 2156 per
407 2104 503 2144 Vim
525 2104 695 2144 ablatis
715 2103 888 2143 fuerint
909 2103 1125 2143 restituti.

184 2176 236 2217 In
265 2176 523 2227 Virgineae
552 2175 897 2216 Purificationis
924 2174 1064 2221 festo,
1097 2174 1161 2214 2³
1187 2180 1293 2225 post
1322 2174 1525 2214 mediam
1563 2182 1750 2214 noctem

103 2249 236 2298 hora,
269 2259 534 2287 convenere
564 2247 612 2286 in
639 2247 840 2286 ecclesia
874 2245 1072 2297 Collegii
1106 2245 1277 2285 fratres
1314 2257 1497 2295 omnes,
1537 2245 1596 2285 ad
1631 2257 1752 2297 quos

105 2333 129 2360 e
151 2325 378 2370 suggestu
399 2318 658 2370 spiritalem
674 2318 838 2358 habuit
854 2318 1118 2358 orationem
1135 2316 1273 2356 Pater
1291 2305 1471 2356 Doctor
1488 2317 1701 2368 Baptista
1719 2316 1747 2365 ³,

107 2391 166 2431 ad
196 2389 455 2442 perfectam
487 2389 753 2429 vocationis
787 2394 978 2428 nostrae
1015 2388 1368 2428 observantiam
1395 2394 1561 2439 sponte
1588 2400 1751 2439 prope-

105 2468 265 2503 rantes
285 2461 564 2501 adhortans:
588 2459 774 2510 deinde,
799 2460 967 2499 animis
989 2458 1048 2499 ad
1070 2458 1223 2498 Deum
1245 2459 1457 2498 oratione
1486 2459 1747 2509 conversis,

108 2540 216 2574 ante
238 2541 595 2573 sacrosanctum
616 2531 791 2571 Christi
819 2542 1010 2582 corpus,
1034 2537 1170 2578 vota,
1195 2530 1363 2582 quibus
1393 2529 1622 2570 Societati
1650 2541 1753 2570 sese

107 2605 409 2653 addixerant,
434 2604 740 2653 innovarunt,
765 2609 814 2642 ut
834 2602 1153 2653 unusquisque
1176 2602 1232 2641 ab
1255 2601 1360 2641 aliis
1381 2601 1643 2652 audiretur,
1668 2601 1752 2641 Pa-

106 2683 174 2717 tre
196 2676 409 2727 Baptista
430 2680 700 2726 praeeunte,
725 2675 924 2714 caeteris
947 2680 1118 2721 autem,
1143 2685 1234 2724 quo
1257 2672 1418 2713 ordine
1436 2673 1493 2713 ab
1516 2685 1570 2713 eo
1594 2685 1752 2714 accer-

108 2749 354 2796 sebantur,
398 2746 771 2786 succedentibus.
805 2745 1051 2785 Immolata
1090 2745 1180 2784 hac
1215 2744 1473 2784 voluntatis
1512 2751 1753 2796 tamquam

109 2831 225 2860 vera
245 2818 397 2858 laudis
419 2817 597 2867 hostia,
622 2816 919 2856 hilarissimis
940 2816 1181 2856 lachrimis
1203 2815 1387 2867 suffusi,
1421 2816 1594 2857 Missae
1615 2829 1753 2857 sacro

167 2957 176 2976 ¹
216 2955 305 2983 Vide
322 2956 482 2989 Pomxcx,
502 2954 637 2986 Chron„
653 2959 675 2981 t.
691 2960 738 2987 11¹,
755 2953 893 2987 passim,
909 2952 1115 2987 praesertim
1131 2960 1209 2987 pag.
1226 2953 1269 2979 43.

166 3005 179 3024 2'
219 3004 315 3036 Gen..
331 3011 426 3030 xxm.

165 3053 179 3071 5
217 3052 364 3086 Joannes
380 3052 538 3086 Baptista
556 3051 594 3078 de
610 3050 748 3078 Bai-ma.

260 3113 372 3149 T.11.
1471 3123 1511 3154 41
