2080 3392
818 227 901 264 Ax.
934 227 1025 265 1554
1586 268 1591 274 ,
1675 228 1747 264 675)

103 330 149 363 ut
171 323 446 363 confirment
467 329 822 364 senatoresfnon
843 323 1126 364 suffecturos
1148 324 1341 364 totidem
1362 324 1618 374 magistros
1634 335 1744 364 ven-

102 395 218 434 turis
235 395 489 446 discipulis,
509 395 764 435 Proficiunt
785 395 954 435 mirum
976 395 1022 435 in
1043 396 1248 446 modum;
1273 395 1403 435 cuius
1422 394 1600 435 fructus
1620 395 1744 435 bona

102 478 213 517 pars
242 465 396 506 Patris
418 466 642 518 Cypriani
671 466 681 485 ¹
711 467 986 516 conditioni,
1019 467 1196 517 studio,
1221 467 1589 518 vigilantiaeque
1617 467 1745 507 attri-

103 538 287 577 buenda
309 543 392 577 est.
418 538 461 578 Is
481 538 850 589 gymnasiarcha
871 544 941 577 est
964 538 1143 588 primae
1164 538 1328 578 classis
1359 538 1643 587 moderator,
1668 537 1746 578 ubi

103 620 274 659 graece
315 609 525 649 carmina
561 615 906 660 componuntur
941 617 985 649 et
1026 609 1265 649 orationes
1303 609 1570 659 breviores;
1607 609 1655 649 in
1690 621 1746 649 ea

103 680 367 730 explicatur
394 679 646 729 Homerus;
670 681 811 720 habet
833 679 892 720 ad
922 680 1239 731 quadraginta
1267 679 1542 732 discipulos,
1573 680 1744 721 studio-

102 750 333 801 sissimOS,
357 751 434 801 qui
456 751 656 790 caeteris
677 750 895 801 dimissis,
919 751 1105 802 iamque
1128 763 1186 791 ex
1208 762 1337 791 more
1358 751 1570 803 repetitis
1590 752 1743 792 lectio-

102 821 252 871 nibus,
275 822 323 861 in
343 822 494 861 classe
516 830 759 862 remanent
775 823 916 872 longo
939 822 1091 873 spatio
1113 823 1273 862 audita
1296 822 1605 863 conferentes.
1635 823 1746 863 Post

100 893 272 932 festum
288 892 664 933 Resurrectionis
687 893 1009 933 declamarunt
1031 893 1227 944 publice.
1253 893 1465 933 Interfuit
1486 894 1747 945 Episcopus

101 964 476 1015 Portalegrensis
493 963 522 1013 2,
542 965 619 1015 qui
642 975 726 1004 nos
748 964 998 1015 plurimum
1020 964 1171 1014 diligit
1191 965 1237 1003 in
1255 964 1472 1014 Domin03
1496 965 1745 1005 adfuerunt

100 1036 241 1075 etiam
264 1041 521 1085 senatores,
545 1036 675 1075 multi
702 1041 946 1086 praeterea
968 1035 1147 1075 nobiles
1169 1036 1352 1087 virique
1373 1036 1555 1076 eruditi.
1580 1036 1744 1076 Decla-

102 1114 283 1146 matum
310 1112 380 1146 est
407 1106 470 1146 ita
502 1108 765 1157 eleganter,
798 1113 847 1146 ut
877 1106 1092 1146 omnibus
1123 1107 1182 1146 sit
1212 1107 1520 1147 satisfactum.
1552 1107 1745 1148 Praece—

103 1184 263 1229 ptores
283 1177 530 1217 affixerunt
559 1178 604 1217 in
627 1178 857 1217 columnis
889 1177 995 1217 atrii
1023 1179 1246 1217 nonnulla
1269 1179 1481 1218 carmina
1507 1190 1684 1230 graeca
1704 1184 1748 1218 et

103 1250 264 1289 latina.
288 1248 484 1289 Mirifice
505 1248 723 1288 delectati
751 1255 857 1288 sunt
884 1248 1017 1300 pueri
1044 1249 1132 1288 hoc
1160 1250 1454 1299 spectaculo,
1480 1260 1624 1301 supra
1652 1261 1746 1290 mo-

104 1319 214 1360 dum
250 1320 538 1360 inflammati.
575 1319 740 1360 Patres
777 1331 1063 1371 magnopere
1099 1321 1370 1360 consolatur
1406 1320 1609 1361 filiorum
1642 1333 1748 1372 pro-

102 1402 317 1442 gressus3
341 1403 436 1430 non
462 1391 615 1430 minus
650 1391 849 1430 verbera
877 1391 1085 1431 laudant.
1110 1390 1332 1431 Nonnulli
1354 1392 1493 1432 etiam
1515 1404 1657 1444 saepe
1678 1404 1747 1432 ro-

102 1470 219 1513 gant
241 1470 289 1502 ut
312 1463 620 1513 castigentur,
645 1462 849 1502 maxime
871 1462 1139 1512 nobiliores;
1164 1474 1310 1514 quare
1333 1469 1377 1503 et
1397 1464 1579 1514 gratias
1601 1471 1749 1514 agunt

103 1541 148 1574 et
177 1534 364 1574 interim
400 1545 593 1574 munera
630 1534 830 1584 mittunt,
868 1534 1057 1574 tametsi
1090 1546 1185 1574 non
1220 1535 1529 1586 accipiantur.
1560 1535 1747 1576 Confes-

103 1607 287 1646 sionum
317 1605 575 1657 cognitioni
610 1605 857 1657 pauciores
888 1605 1096 1655 student,
1133 1617 1333 1657 quorum
1362 1607 1506 1646 multo
1541 1607 1748 1647 maxima

106 1688 217 1728 pars
237 1677 540 1717 sacerdotum
560 1684 644 1726 est,
670 1677 845 1728 aliquot
866 1677 1009 1716 etiam
1030 1677 1151 1717 laici.
1176 1677 1462 1718 Exscribunt
1491 1684 1747 1718 accuratis—

105 1749 221 1788 sime
256 1760 376 1800 quae
411 1748 500 1788 sibi
534 1748 657 1789 domi
692 1755 972 1800 praeceptor
1007 1749 1244 1800 excerpit3
1282 1749 1404 1789 unde
1439 1756 1547 1789 ante
1583 1749 1750 1790 horam

103 1820 311 1860 nonnulli
333 1820 563 1860 accedunt
585 1826 633 1860 ut
660 1820 707 1860 id
729 1820 1020 1860 commodius
1040 1820 1240 1868 faciant;
1267 1827 1373 1872 post
1399 1821 1647 1861 lectionem
1670 1832 1750 1861 va-

102 1892 199 1931 rias
231 1892 533 1943 quaestiones
563 1898 740 1943 ponunt
770 1892 1016 1943 magistro,
1051 1892 1173 1932 unde
1204 1904 1404 1944 magnos
1435 1892 1616 1933 fructus
1649 1904 1749 1944 per-

104 1963 297 2015 cipiunt.
323 1962 615 2003 Confitentur
643 1963 819 2014 aliquot
846 1963 949 2014 ipsi,
975 1975 1081 2003 cum
1111 1975 1202 2015 quo
1233 1964 1583 2004 communicant
1612 1975 1749 2015 quae-

103 2035 280 2075 stiones
306 2035 531 2075 obscuras
562 2040 606 2074 et
638 2033 868 2085 difficiles;
900 2035 980 2074 vix
1014 2035 1220 2086 suppetit
1248 2041 1431 2086 tempus
1459 2041 1508 2075 ut
1536 2035 1752 2075 omnibus

104 2106 252 2157 possit
281 2105 570 2146 satisfacere.
605 2105 866 2145 Adhibetur
898 2106 940 2145 ei
971 2112 1019 2145 ut
1052 2112 1164 2157 puto
1197 2106 1403 2146 maxima
1434 2106 1563 2147 fides.
1593 2106 1752 2146 Infans

104 2175 309 2216 Domina
330 2176 568 2217 Elisabeth
589 2175 602 2194 ³
623 2188 772 2228 nuper
791 2188 895 2216 eum
913 2176 1137 2216 accersiri
1159 2177 1293 2217 iussit
1314 2184 1363 2217 ut
1380 2178 1750 2218 communicaret

105 2259 204 2288 rem
225 2247 492 2299 quamdam,
517 2259 658 2299 quam
679 2248 933 2299 expedivit.
959 2247 1255 2288 Conveniunt
1277 2249 1408 2288 multi
1425 2249 1585 2289 diebus
1608 2248 1751 2289 domi-

105 2319 223 2358 nicis
252 2324 298 2358 et
323 2318 455 2358 festis
482 2325 531 2358 ut
555 2319 612 2358 ab
640 2331 695 2358 eo
718 2319 912 2359 audiant
934 2318 1041 2359 fidei
1062 2319 1382 2370 fundamenta,
1408 2332 1527 2371 quae
1548 2320 1751 2372 perbene

107 2390 325 2441 explicat.
358 2389 409 2430 In
436 2401 632 2440 summa,
665 2390 787 2441 quod
811 2391 978 2431 attinet
1007 2391 1065 2430 ad
1088 2391 1288 2431 virtutes
1319 2398 1363 2431 et
1393 2392 1576 2442 literas,
1610 2391 1750 2432 credo

107 2462 259 2502 Deum
280 2461 385 2512 Opt.
408 2461 533 2501 Max.
559 2461 820 2509 Collegium
842 2468 1056 2502 nostrum
1078 2462 1255 2512 fovere,
1279 2468 1329 2502 ut
1357 2462 1446 2514 ipsi
1474 2463 1638 2503 melius
1659 2475 1751 2504 ser-

106 2533 263 2572 viatur
292 2540 337 2573 et
371 2533 693 2585 proximorum
729 2534 885 2583 gratia
924 2540 968 2573 et
1005 2533 1271 2574 aedificatio
1306 2535 1411 2585 plus
1445 2535 1642 2586 plusque
1676 2547 1751 2576 au—

113 2610 296 2654 geatur.

189 2674 323 2725 Quod
343 2686 457 2714 vero
486 2674 664 2714 attined
692 2675 752 2714 ad
779 2687 849 2724 ea,
874 2687 992 2727 quae
1020 2676 1291 2716 necessaria
1313 2682 1421 2716 sunt
1442 2677 1501 2716 ad
1523 2679 1669 2719 vitam
1688 2685 1753 2720 to-

108 2745 350 2786 lerandam
386 2752 429 2786 et
465 2745 524 2785 ad
561 2732 831 2786 inchoatum
867 2759 982 2798 opus
1017 2746 1031 2764 ⁴
1065 2747 1403 2798 perficiendum
1433 2748 1492 2788 ad
1527 2751 1754 2792 maiorem

164 2860 172 2878 ¹
216 2858 252 2885 Ρ.
269 2857 435 2892 Cypriani
450 2858 590 2886 Suarez.

163 2908 176 2926 *ὲ
214 2906 369 2940 Julianus
386 2906 425 2933 de
438 2906 541 2933 Alva.

162 2954 175 2971 ”’
214 2954 410 2989 Elisabeth,
428 2954 549 2989 conjux
566 2954 705 2982 infantis
721 2954 883 2989 Eduardi,
899 2959 1009 2982 mater
1024 2955 1164 2991 Mariae,
1182 2957 1350 2992 Principis
1364 2958 1569 2994 Parmensis,
1585 2964 1618 2987 et
1632 2959 1758 2988 Catha-

109 3003 221 3035 rinae,
238 3002 405 3037 Principis
420 3001 655 3035 Brigantinae.
673 3001 821 3035 FRANco,
839 3002 1009 3038 Synopsz·s
1026 3003 1224 3039 Annalium,
1241 3013 1316 3033 ann.
1339 3006 1417 3040 1554,
1434 3014 1464 3033 n.
1480 3007 1506 3034 8.

165 3052 177 3071 ⁴
215 3050 417 3078 Inchoatum
433 3050 574 3084 Collegii
598 3050 872 3086 olyssiponensis
888 3051 1090 3079 aedificium.
