2080 3392
839 188 922 224 AN.
954 188 1046 225 1552
1277 200 1283 207 ·
1718 191 1764 227 45

117 296 236 336 erga
270 296 356 324 nos
389 284 600 325 nascitur
635 290 775 336 atque
810 284 1036 325 adolescit
1070 274 1292 325 charitas.
1335 283 1525 324 Domini
1568 286 1763 338 Joannis

121 356 290 397 medici
332 355 342 375 ¹
377 361 517 407 atque
556 355 654 407 ejus
692 356 852 396 uxoris
890 356 1188 397 indeffessam
1222 355 1548 396 liberalitatem
1590 356 1763 398 Christi

121 427 308 467 nomine
326 427 587 478 appellabo,
612 427 689 479 qui
711 427 871 467 sedulo
894 432 1107 479 pugnant
1124 432 1173 466 ut
1203 427 1483 478 quicumque
1515 426 1762 468 Societatis

119 498 231 551 Jesu
254 497 344 538 hac
371 498 460 537 iter
487 497 659 538 habent
688 499 813 550 apud
842 510 891 538 se
927 497 1178 538 divertant.
1213 497 1307 538 Alii
1338 509 1524 549 quoque
1551 499 1763 549 plurimis

115 580 179 609 ex
200 569 315 609 locis
336 569 484 620 nobis,
509 581 628 620 quae
650 569 710 610 ad
740 569 1047 610 necessitates
1074 567 1210 619 hujus
1231 569 1358 608 vitae
1380 569 1678 609 inevitabiles
1698 569 1759 609 far

115 640 261 691 ciunt,
287 640 630 681 administrant.
654 641 758 694 Jam
779 652 894 681 vero
917 640 1200 680 desiderium
1221 640 1351 680 urbis
1380 651 1436 680 ac
1467 652 1762 681 communem

118 711 166 751 in
186 723 272 751 nos
292 712 585 752 voluntatem
606 712 876 763 proniorem
893 711 1340 763 propensioremque
1357 710 1510 751 effecit
1531 712 1762 752 adventus

118 782 172 822 R.
212 782 262 822 P.
299 782 551 834 Alphonsi,
590 783 721 835 cujus
756 783 1016 834 praeclaris
1051 782 1355 823 concionibus
1392 794 1447 822 ac
1483 783 1762 824 lectionibus

116 854 289 894 mirum
309 854 356 894 in
376 855 566 895 modum
587 855 894 906 capiebantur
916 854 1124 894 omnium
1146 854 1290 894 animi
1312 866 1367 894 ac
1391 854 1759 895 delectabantur.

117 924 291 966 Probat
310 926 413 977 ipsa
433 926 695 977 frequentia
717 926 764 965 in
784 926 929 966 tantis
951 925 1209 975 caloribuS,
1240 925 1437 965 attentio
1461 926 1508 965 in
1530 926 1762 966 audiendo

113 997 387 1048 singularis.
410 996 531 1037 Nam
559 997 666 1037 licet
696 997 786 1037 illis
815 997 1052 1037 mensibus
1085 1002 1242 1036 aestas
1272 997 1458 1048 magnis
1489 997 1763 1038 exardesce-

117 1074 189 1108 ret
219 1069 472 1119 caloribus,
506 1074 637 1108 tanta
665 1074 823 1108 tamen
850 1068 1097 1108 multitudo
1130 1068 1189 1108 ad
1211 1067 1496 1108 audiendum
1519 1070 1762 1110 convenie-

117 1140 219 1189 bat,
242 1146 292 1180 ut
312 1140 560 1191 pauciores
590 1140 637 1180 in
665 1140 754 1180 hac
787 1140 1176 1192 quadragesima,
1209 1140 1317 1180 huic
1344 1141 1536 1191 negotio
1574 1141 1762 1181 attribu-

116 1217 185 1262 ta,
210 1211 336 1251 coire
359 1211 591 1252 dicantur.
612 1211 768 1263 Atque
790 1211 912 1251 inter
939 1223 1044 1252 eam
1072 1211 1417 1252 multitudinem
1445 1212 1589 1263 aliqui
1618 1218 1714 1252 tam
1736 1225 1761 1252 a

117 1283 290 1333 pietate
325 1283 465 1323 alieni
493 1290 541 1323 ut
572 1295 652 1323 eos
684 1282 843 1323 dicant
877 1294 1132 1334 numquam
1169 1283 1514 1334 quodammodo
1551 1289 1689 1323 antea
1716 1284 1762 1324 in

112 1355 290 1406 templo
311 1354 440 1394 Visos
461 1353 620 1395 fuisse.
645 1354 857 1395 Attentio
878 1366 1020 1406 porro
1038 1361 1171 1395 tanta
1194 1360 1370 1406 quanta
1392 1355 1439 1394 in
1462 1362 1666 1395 mentem
1687 1367 1761 1395 ve-

116 1425 217 1466 nire
246 1432 412 1477 potest.
446 1425 611 1466 Nullus
641 1426 865 1478 strepitus
895 1426 981 1466 sub
1016 1426 1195 1478 ingenti
1225 1426 1549 1477 magnitudine
1581 1427 1758 1477 templi,

116 1497 272 1537 nullus
310 1503 582 1546 excreatus,
626 1498 752 1537 nulla
787 1498 929 1538 tussis
968 1498 1364 1538 circumsonabat.
1402 1497 1542 1548 Tum,
1580 1498 1762 1538 sublato

117 1568 274 1619 Vultu,
315 1568 420 1609 fixis
460 1569 713 1609 luminibus
753 1569 1094 1610 intentissimos
1134 1569 1321 1609 videres
1363 1569 1422 1609 ad
1462 1569 1760 1610 audiendum.

114 1640 377 1680 Intererant
404 1653 545 1692 saepe
569 1641 759 1692 quidam
786 1641 1027 1693 Episcopi,
1066 1640 1308 1692 Canonici,
1346 1640 1504 1682 Aulici
1534 1640 1695 1691 Ducis,
1737 1654 1763 1681 a

113 1711 282 1764 quibus
302 1712 524 1764 profluxit
544 1712 889 1764 pulcherrimus
917 1711 1168 1753 Societatis
1198 1724 1374 1753 rumor.
1408 1713 1609 1764 Quidam
1632 1725 1658 1752 a
1680 1712 1762 1752 Pa-

112 1789 183 1823 tre
204 1784 472 1835 petiverunt
492 1790 541 1824 ut
564 1784 793 1836 quasdam
815 1784 1041 1825 lectiones
1063 1796 1145 1836 per
1167 1790 1308 1836 typos
1337 1785 1606 1836 evulgaret,
1641 1796 1762 1825 com-

113 1866 371 1907 munesque
399 1856 557 1896 multis
585 1856 787 1907 faceret3
818 1856 857 1896 is
877 1861 1035 1896 tamen
1061 1856 1152 1896 illis
1182 1868 1438 1908 numquam
1462 1856 1656 1908 obsequi
1686 1868 1763 1896 Vo-

112 1926 210 1967 luit.
236 1927 416 1967 Verum
433 1939 523 1978 quo
538 1928 719 1978 gratior
740 1927 826 1967 fuit
849 1939 905 1967 ac
920 1928 1057 1968 nobis
1075 1927 1376 1978 fructuosior,
1396 1928 1555 1979 plures
1575 1928 1762 1978 gravio-

109 2010 280 2050 resque
302 2011 471 2039 causas
492 2000 759 2051 reliquisset
781 2006 826 2039 et
848 1999 1067 2039 desiderii
1091 2006 1134 2039 et
1157 2000 1352 2050 doloris,
1386 2000 1475 2039 nisi
1496 1999 1550 2039 R.
1581 1999 1630 2039 P.
1654 1999 1761 2039 Pro-

112 2069 365 2110 vincialem
386 2070 399 2089 ‘·'
420 2071 856 2122 expectatissimum
884 2071 1322 2122 optatissiniumque
1351 2071 1650 2111 reddidisses.
1676 2070 1761 2111 Cu-

109 2140 185 2192 jus
225 2142 457 2182 adventus
490 2142 634 2191 Duci,
677 2142 835 2193 nobis,
872 2142 998 2192 urbi,
1036 2142 1272 2182 maximae
1307 2142 1393 2182 fuit
1434 2143 1680 2194 voluptati.
1720 2142 1763 2182 Is

113 2213 361 2253 lectionem
396 2226 423 2253 a
450 2213 500 2254 P.
533 2213 778 2265 Alphonso
810 2215 1074 2254 institutam
1103 2214 1401 2265 prosequitur
1433 2220 1563 2254 tanto
1595 2214 1761 2265 spiritu

112 2283 302 2324 divinae
324 2285 582 2336 sapientiae
604 2297 659 2325 ac
681 2285 913 2335 efficacia,
937 2291 986 2325 ut
1007 2285 1174 2325 merito
1198 2285 1377 2334 dicant,
1402 2285 1527 2325 intra
1545 2284 1596 2324 40
1614 2297 1762 2325 annos

113 2355 257 2396 fuisse
291 2356 672 2397 concionatorem
707 2358 904 2407 nullum,
939 2358 1018 2409 qui
1052 2357 1225 2397 nostris
1258 2356 1469 2408 patribus
1500 2368 1593 2396 non
1622 2356 1761 2396 facile

115 2426 265 2467 cedat.
291 2427 418 2467 Bone
441 2427 589 2478 Deus,
615 2440 732 2480 quos
753 2428 956 2480 fructus,
981 2441 1097 2481 quos
1120 2435 1401 2480 proventus,
1426 2439 1545 2479 quae
1567 2428 1761 2478 egregia

114 2499 407 2538 incrementa
429 2499 689 2550 pollicetur.

191 2569 414 2621 Superest
435 2577 484 2610 ut
506 2582 657 2622 pauca
680 2571 835 2611 dicam
864 2572 920 2612 de
947 2572 1122 2611 nostris
1157 2571 1338 2611 studiis.
1372 2569 1621 2610 Lectiones
1652 2580 1756 2609 eae-

106 2641 218 2681 dem
237 2641 628 2692 interpretantur,
653 2654 770 2694 quas
791 2643 1049 2683 instituisse
1071 2654 1157 2682 nos
1180 2642 1238 2682 ad
1256 2649 1299 2681 te
1323 2642 1510 2693 scripsit
1531 2641 1581 2681 P.
1605 2640 1760 2681 Ludo-

112 2712 271 2763 vicus,
309 2713 447 2764 idque
481 2712 530 2753 fit
563 2725 657 2754 non
692 2714 791 2754 sine
827 2713 987 2754 fructu
1023 2714 1391 2754 domesticorum
1430 2724 1485 2752 ac
1516 2719 1760 2752 extraneo-

109 2794 238 2833 rum,
277 2796 393 2836 quos
423 2785 496 2824 his
531 2785 711 2826 artibus
742 2797 969 2826 conamur
1004 2786 1258 2835 instruere,
1297 2784 1759 2836 quibus‘eruditione

168 2969 176 2988 ¹
218 2969 366 3002 Joannes
381 2970 420 2997 de
436 2970 547 2998 Rosis.

165 3017 181 3035 ²⁴-
219 3017 255 3043 P·
271 3017 417 3050 ,Iacobus
432 3018 581 3054 Laynez.
