2080 3392
828 185 907 222 ΑΝ.
942 184 1033 221 1554
1673 184 1745 222 523

186 284 348 336 Itaque
369 283 546 323 reuersi
569 282 704 322 ambo
727 288 835 322 sunt
867 281 1101 321 Lutetiam
1128 281 1276 332 pridie
1306 281 1486 321 dnicae.
1515 280 1743 321 Natiuita-

106 355 167 396 tis
186 387 194 406 ,
237 367 310 395 me
348 355 496 406 pridie
535 353 709 395 feriari]
752 352 968 403 Apostoli
1005 351 1225 392 Andreae
1266 360 1373 392 ante
1413 364 1493 393 eos
1531 363 1738 392 reuerso.

106 426 228 466 R.dus
256 426 395 466 Pater
429 425 576 465 Dnus.
613 425 897 465 Paschasius
929 423 1054 475 apud
1082 424 1320 475 Episcopsi
1352 423 1504 464 adhuc
1531 430 1744 464 moratur

105 498 308 549 negotiis
329 497 579 538 Societatis
601 497 820 546 intentus,
843 495 934 547 qui.
959 496 1069 535 dum
1085 496 1175 535 loci
1192 495 1415 536 Societati
1432 496 1489 535 ab
1506 496 1742 547 Episcopo

107 568 327 609 destinati
344 569 534 608 videndi
551 575 654 619 gra,
673 568 873 609 Billoniu
893 579 951 607 ex
967 566 1092 607 Arce
1110 567 1331 618 Episcopi
1348 567 1586 618 profectus
1603 573 1741 617 esset,

107 640 363 680 honorario
392 640 525 690 vino,
556 652 582 679 a
612 639 813 691 Mgratu.
842 639 1114 679 Billoniensi
1150 639 1327 689 oblato,
1367 639 1625 678 honoratus
1655 644 1741 688 est,

108 723 222 763 erga
263 710 548 752 Societatem
582 711 785 763 plurimu
818 710 1003 750 affecto.
1042 709 1298 761 Speramus
1332 710 1540 750 maxima
1571 710 1746 750 laboris

107 783 256 823 nostri
286 793 506 833 messem,
535 783 582 822 in
611 782 700 822 hac
731 781 1002 822 Billoniensi
1028 780 1312 831 Academia,
1341 781 1593 833 aliquando
1622 781 1746 821 colli-

107 854 326 905 gendam.
345 853 493 894 Dnus.
513 854 777 906 Episcopus
793 852 990 894 mirifico
1009 852 1178 892 affectu
1198 852 1350 892 Prem.
1371 853 1571 904 excepit,
1591 858 1635 892 et
1652 864 1745 892 ma-

108 926 235 966 xima
257 937 387 977 spem
408 924 657 965 Societatis
677 924 1028 977 promouendae
1049 924 1185 963 nobis
1206 923 1372 974 donat,
1396 924 1580 974 utrique
1612 924 1745 963 colle-

106 997 198 1048 gio,
223 1001 273 1037 tu
294 996 564 1047 Parisiensi,
588 1003 687 1036 tum
707 996 994 1046 Billoniensi,
1017 995 1263 1046 promissis
1284 994 1556 1035 redditibus.

185 1068 408 1108 Facultas
429 1068 695 1119 theologica
716 1067 831 1107 nihil
848 1067 944 1118 egit
965 1066 1020 1106 de
1036 1066 1211 1106 nostris
1228 1066 1502 1117 priuilegiis.
1525 1066 1746 1106 Proximo

108 1138 253 1190 Regis
274 1139 480 1179 aduentu
502 1139 655 1191 (quem
678 1139 808 1179 aiunt
829 1138 1088 1186 imminere)
1117 1137 1316 1188 Regiam
1347 1137 1621 1177 facultatem
1642 1137 1747 1178 libe-

107 1222 210 1251 ram
232 1217 276 1251 et
297 1210 673 1261 irrefragabilem
695 1211 949 1262 impetrare
977 1208 1283 1249 studebimus.
1312 1207 1462 1249 Dnus.
1487 1208 1622 1262 Jesus
1653 1209 1748 1248 uni-

105 1293 244 1322 uersa
273 1282 468 1322 consilia
496 1282 777 1334 negotiaque
807 1280 935 1321 R.dae
965 1279 1268 1320 paternitatis
1301 1285 1424 1330 tuae,
1455 1286 1594 1331 atque
1632 1280 1748 1320 adeo

106 1353 357 1395 Societatis
369 1359 574 1402 nostrae,
594 1364 876 1405 prosperare
890 1358 934 1392 et
950 1351 1175 1404 perficere
1194 1352 1426 1403 dignetur,
1447 1351 1525 1403 qui
1543 1350 1748 1391 Paterni-

108 1431 253 1466 tatem
275 1431 407 1466 tuam
430 1425 565 1465 nobis
587 1424 665 1465 diu
686 1430 844 1465 seruet
864 1424 1145 1464 incolumem
1173 1422 1231 1463 ad
1259 1423 1484 1475 obsequii]
1512 1423 1747 1463 sanctissi-

111 1508 215 1537 mae
237 1496 499 1537 Maiestatis
521 1508 648 1537 suae.

187 1568 451 1608 Prolixitati
472 1580 605 1608 meae
626 1567 758 1608 dabis
775 1567 976 1616 Veniam,
1001 1568 1280 1617 argumento
1301 1565 1508 1606 uberiori
1527 1565 1651 1606 hanc
1673 1577 1749 1605 ex-

107 1645 316 1690 cusante,
341 1639 447 1691 quia
470 1639 671 1690 plurima
691 1644 952 1690 praetereo,
976 1650 1034 1678 ne
1067 1637 1114 1677 in
1135 1638 1356 1677 volumen
1385 1642 1633 1677 excrescat
1661 1636 1750 1688 epi—

108 1712 244 1751 stola.
268 1710 434 1751 Gratia
456 1711 564 1751 Dni.
588 1710 737 1751 nostri
756 1710 866 1763 Jesu
890 1709 1066 1750 Christi
1087 1714 1253 1759 regnet
1275 1714 1319 1748 et
1347 1708 1553 1748 abundet
1579 1708 1627 1748 in
1657 1708 1750 1748 ani-

108 1783 196 1822 mis
216 1782 405 1822 nostris.
429 1782 596 1822 Amen.

187 1853 311 1894 ΗΜΘ
334 1853 639 1894 paternitatis
667 1858 778 1893 tuae
805 1851 1050 1892 sacrificiis
1078 1858 1123 1892 et
1154 1852 1466 1903 orationibus,
1497 1851 1751 1902 itidemque

105 1931 292 1976 patrum
312 1924 605 1977 fratrumque
627 1925 786 1966 omniu
817 1924 1052 1975 precibus,
1075 1923 1282 1964 familiae
1303 1929 1494 1964 nostrae
1525 1923 1602 1974 pia
1634 1921 1752 1962 desi-

107 1996 236 2036 deria
258 1997 424 2047 iuuari,
448 1997 612 2037 humili
633 1997 977 2048 supplicatione
999 1995 1326 2047 efflagitamus.

187 2067 259 2107 Ex
281 2068 609 2108 commissione
630 2067 723 2108 Κῶ
744 2067 860 2108 Pris.
884 2067 1033 2107 nostri
1054 2066 1162 2107 Dni.
1201 2066 1446 2107 Paschasii
1473 2066 1628 2105 Broet.
1658 2064 1754 2104 Pri-

108 2138 181 2179 die
214 2139 507 2190 Epiphaniae
535 2138 709 2180 Christi
747 2139 863 2179 1554.
901 2139 1115 2179 Lutetiae
1140 2137 1397 2188 Parisiori'i,
1423 2149 1446 2177 e
1468 2137 1606 2177 domo
1628 2135 1753 2177 Clar-

109 2216 346 2251 montana.

189 2281 313 2322 R.dae
336 2281 385 2322 Ρ.
410 2288 518 2322 tuae
539 2282 759 2333 indignus
780 2281 901 2322 filius
923 2293 979 2322 ac
999 2280 1204 2321 famulus
1228 2279 1697 2332 obsequentissimus.

675 2423 926 2464 ROBERTUS
957 2423 1282 2464 CLAYssoNJUs
1314 2423 1594 2463 BRUGENsIs.

192 2637 549 2688 Superscm'ptz‘o
573 2636 623 2677 in
645 2641 814 2678 octava
828 2637 1037 2689 pagina:
1058 2637 1159 2677 R.d0
1180 2637 1228 2677 in
1249 2636 1435 2677 Christo
1456 2635 1608 2686 Patri,
1631 2635 1754 2676 Dno.

109 2708 292 2760 Ignatio
315 2709 369 2748 de
392 2708 587 2760 Loyola,
612 2707 886 2761 Praeposito
910 2708 1063 2750 Gnali.
1084 2708 1335 2749 Societatis
1355 2707 1480 2761 Jesu.

191 2779 383 2820 Romae.

190 2852 341 2891 Manu
373 2850 593 2891 Polmzcz':
619 2850 930 2901 Parisiorum,
963 2862 988 2890 e
1016 2850 1153 2891 domo
1184 2849 1575 2900 Claramontana,
1605 2849 1755 2901 pridie

125 2923 420 2974 Epiphaniae
442 2922 550 2974 Xpi.
579 2922 694 2962 1554.
719 2921 868 2973 Quad.

206 2993 472 3044 Vestigium
494 3005 626 3034 cerae
647 2997 691 3033 et
712 2992 882 3044 sigilli.
