2080 3392
311 191 383 228 578
817 188 1042 224 LITTERAE
1070 198 1426 230 QUADRmOEsTREs

312 287 479 326 efficiat
500 286 716 334 cultores,
736 295 935 334 quorum
953 283 1198 334 penuriam
1220 284 1386 323 acerbe
1408 284 1644 336 deflemus,
1669 297 1808 337 quam
1829 287 1947 328 haec

312 358 422 397 urbs
449 355 667 407 perusina
698 360 885 405 praeter
913 359 1125 394 caeteras
1152 354 1347 394 nimium
1375 355 1661 406 nimiumque
1691 358 1944 408 experitur.

311 429 361 467 ln
379 427 565 476 scholis,
586 426 624 466 si
645 438 739 465 non
759 436 995 476 numerUS,
1018 431 1276 476 proventus
1297 432 1453 465 tamen
1470 426 1792 478 undecumque
1810 440 1947 480 auge-

314 505 403 547 tur,
428 498 502 537 vel
522 503 769 548 parentum
792 496 1058 536 testimonio
1080 496 1158 547 qui
1178 495 1297 536 filios
1319 508 1427 536 suos
1456 497 1661 548 quotidie
1689 504 1733 538 et
1764 509 1947 551 compo-

314 569 497 609 sitiores
525 575 569 608 et
600 567 876 608 eruditiores
903 567 1269 618 deprehendunt.
1300 566 1391 608 Sed
1420 579 1477 607 ne
1506 568 1662 608 omnia
1689 569 1948 626 studiorum

313 652 368 679 ac
390 639 668 691 praesertim
688 639 953 678 rethoricae
974 644 1019 678 et
1040 649 1242 689 graecae
1271 639 1601 690 praelectionis
1628 640 1873 680 commoda
1903 647 1948 681 et

311 712 504 761 fructus,
530 711 607 762 qui
628 710 814 762 plurimi
836 716 956 760 sunt,
980 721 1253 761 persequar,
1278 710 1368 749 alio
1391 710 1637 750 divertam:
1662 723 1716 750 ea
1738 711 1861 751 enim
1881 717 1947 752 ta-

314 782 450 822 metsi
479 793 648 821 nomen
682 793 736 821 ac
773 781 1102 821 auctoritatem
1132 782 1266 831 (quae
1294 781 1512 820 iuvandis
1538 782 1766 832 proximis
1792 782 1948 833 singu-

312 853 400 892 lari
421 853 689 892 adiumento
718 853 809 899 est)
839 851 1063 892 Societati
1091 852 1380 903 pepererint,
1404 853 1598 892 resectis
1619 853 1797 893 interea
1825 865 1948 894 erro-

309 936 412 963 rum
435 923 652 973 salebris;
676 923 807 962 auxit
829 929 987 962 tamen
1008 923 1161 973 magis
1185 922 1374 962 assidua
1396 934 1514 973 pene
1544 924 1843 975 negotiorum
1871 925 1946 964 ad-

309 994 604 1034 ministratio.
646 993 823 1044 Quibus
857 1005 950 1033 non
985 993 1137 1032 minus
1160 993 1400 1033 daemonis
1429 994 1600 1034 astutia
1622 1000 1691 1034 est
1723 996 1944 1046 collapsa,

309 1077 448 1117 quam
486 1065 735 1105 instaurati
769 1065 943 1104 civium
980 1065 1146 1114 animi,
1187 1070 1325 1116 atque
1360 1065 1479 1104 inter
1514 1065 1631 1105 haec
1666 1066 1862 1117 contigit
1897 1072 1946 1106 ut

309 1137 490 1177 celebre
512 1137 639 1186 illud,
661 1136 783 1188 quod
805 1142 977 1176 vocant
996 1136 1263 1186 iubilaeum,
1283 1148 1367 1187 pro
1385 1136 1615 1176 britannis
1630 1143 1675 1176 et
1690 1138 1945 1188 germanis,

308 1209 397 1248 illis
419 1208 605 1259 quidem
627 1207 984 1257 confirmandis,
1009 1207 1080 1246 his
1108 1219 1222 1246 vero
1254 1207 1312 1246 ad
1340 1195 1476 1247 fidem
1504 1208 1785 1248 catholicam
1817 1209 1946 1249 redu-

307 1279 490 1329 cendis,
514 1279 561 1318 in
582 1279 753 1330 templo
776 1285 936 1318 nostro
960 1278 1335 1318 constitueretur.
1362 1278 1508 1318 Porro
1536 1279 1609 1318 hic
1639 1279 1947 1320 confluentem

306 1351 649 1391 multitudinem
678 1361 731 1389 ac
761 1349 1070 1389 multitudinis
1098 1349 1302 1389 fructum
1330 1349 1484 1389 dicere
1513 1362 1598 1389 nec
1627 1356 1768 1390 vacat
1797 1362 1947 1402 neque

306 1434 513 1473 possum.
530 1420 649 1460 Nam
669 1421 857 1461 tametsi
878 1420 1032 1460 aditus
1055 1421 1214 1472 templi
1235 1421 1348 1461 satis
1371 1421 1428 1460 sit
1447 1423 1642 1473 amplus,
1662 1421 1760 1461 fieri
1776 1434 1946 1473 nequa-

311 1505 449 1544 quam
473 1493 621 1545 potuit
643 1492 753 1543 quin
774 1504 857 1543 per
883 1498 1007 1531 totos
1035 1491 1300 1543 quindecim
1328 1492 1424 1532 fere
1452 1492 1549 1532 dies
1579 1492 1839 1544 frequentia
1867 1494 1946 1533 ho—

305 1565 480 1604 minum
515 1564 780 1614 ingressum
821 1575 914 1603 non
948 1563 1295 1613 intercluderet,
1334 1563 1604 1614 optantibus
1635 1564 1867 1615 plerisque
1903 1570 1947 1604 et

304 1635 626 1685 augustiorem
648 1634 779 1674 nobis
800 1635 968 1674 locum.
988 1634 1059 1673 Ac
1075 1645 1188 1673 sane
1206 1640 1302 1673 tum
1320 1634 1544 1685 temporis
1562 1635 1946 1685 benignissimum

304 1706 408 1746 Rmi
433 1706 671 1756 Prolegati
695 1706 928 1756 totiusque
950 1704 1153 1745 Senatus
1176 1705 1382 1745 animum
1403 1717 1563 1745 sumus
1590 1706 1791 1756 experti;
1825 1706 1944 1746 adie-

303 1783 409 1817 runt
437 1777 559 1817 enim
590 1777 653 1816 illi
685 1776 826 1816 aedes
854 1782 1040 1816 nostras
1069 1782 1113 1815 et
1145 1776 1331 1827 saepius
1358 1783 1401 1816 et
1428 1776 1696 1816 studiosius:
1730 1776 1946 1817 Patribus

301 1849 494 1898 interea,
519 1848 597 1899 qui
619 1847 692 1887 hic
716 1853 822 1886 sunt
845 1847 950 1898 duo,
972 1846 1030 1886 ad
1047 1847 1233 1886 tertiam
1251 1848 1587 1898 propemodum
1609 1848 1758 1887 noctis
1780 1848 1945 1888 horam

303 1919 561 1959 ministerio
580 1918 873 1958 Sacramenti
889 1918 1204 1969 poenitentiae
1220 1918 1511 1957 vacantibus.
1534 1919 1624 1958 Ubi
1641 1913 1780 1969 quam
1797 1920 1944 1958 multa

301 2002 449 2042 eaque
470 1990 627 2030 multis
649 1989 784 2029 annis
807 1990 992 2029 occulta
1012 1988 1188 2039 flagitia
1208 2001 1230 2028 e
1250 1989 1567 2029 confitentium
1583 1995 1772 2040 pectore
1790 1996 1940 2029 extor-

302 2062 460 2110 serint,
481 2072 622 2112 quam
644 2061 813 2100 multos
836 2060 895 2100 ad
915 2060 1032 2099 bene
1055 2060 1280 2110 beateque
1302 2060 1493 2100 vivendi
1517 2072 1728 2100 normam
1750 2061 1942 2100 reduxe-

302 2133 418 2181 rint,
443 2139 552 2183 quot
583 2132 750 2182 quibus
776 2130 872 2181 jam
900 2131 1160 2181 desperatis
1190 2142 1274 2181 pro
1304 2137 1513 2170 extrema
1536 2138 1636 2171 erat
1657 2132 1866 2172 anchora
1896 2132 1944 2172 in

302 2215 432 2255 spem
454 2204 623 2242 bonam
646 2202 893 2251 erexerint,
914 2214 1008 2242 non
1030 2209 1098 2241 est
1116 2200 1252 2252 hujus
1270 2203 1529 2253 brevitatis,
1550 2203 1624 2242 cui
1648 2214 1943 2253 summopere

301 2275 486 2325 studeo,
511 2274 679 2314 dicere.
706 2274 808 2313 Hoc
830 2273 999 2313 addam
1021 2279 1179 2313 tamen
1208 2273 1362 2324 quoad
1388 2273 1589 2314 Sanctae
1616 2274 1942 2314 Eucharistiae

304 2345 612 2386 ministerium
640 2345 827 2395 attinet,
859 2345 986 2384 nullo
1022 2356 1228 2396 unquam
1263 2352 1472 2396 tempore
1503 2345 1556 2394 (si
1584 2338 1943 2385 resurrectionis

302 2417 577 2456 Dominicae
594 2415 898 2455 festivitatem
916 2415 1091 2465 demas)
1109 2416 1265 2466 plures
1287 2427 1472 2456 sacram
1490 2416 1707 2467 synaxim
1724 2416 1941 2468 sumpsis—

303 2500 372 2537 se,
398 2487 703 2538 effectumque
726 2492 795 2526 est
815 2491 865 2526 ut
885 2486 1073 2537 plurimi
1095 2486 1291 2537 singulis
1313 2487 1618 2527 hebdomadis
1639 2488 1781 2527 semel
1803 2492 1941 2539 atque

301 2560 470 2598 iterum
492 2559 580 2598 hoc
602 2558 756 2609 ipsum
776 2562 1028 2609 praestent.
1055 2557 1174 2597 Nam
1202 2563 1246 2597 et
1267 2558 1428 2598 diebus
1449 2569 1632 2609 quoque
1658 2558 1844 2598 veneris
1873 2563 1942 2598 est

302 2630 377 2669 hic
399 2628 718 2669 confitentium
739 2639 981 2677 numerUS,
1012 2639 1148 2679 quem
1175 2634 1219 2668 et
1250 2635 1501 2669 conservat
1533 2634 1577 2669 et
1605 2634 1745 2680 auget
1775 2629 1939 2669 doctri-

302 2712 390 2740 nae
412 2700 667 2740 christiane
688 2699 962 2749 praelectio;
994 2699 1289 2739 numerosior
1319 2705 1476 2739 tamen
1505 2699 1666 2739 diebus
1695 2699 1941 2740 dominicis

303 2778 494 2811 caterva
517 2770 720 2820 confiuit;
747 2769 919 2809 habent
941 2770 1067 2809 enim
1088 2769 1141 2809 R.
1167 2769 1216 2809 P.
1240 2770 1532 2810 Everardum
1555 2770 1857 2821 epistolarum
1880 2770 1939 2810 ad

303 2843 598 2882 Timotheum
619 2842 921 2892 interpretem
938 2846 982 2880 et
1001 2840 1161 2880 utilem
1182 2846 1226 2880 et
1246 2841 1534 2892 perdoctum:
1553 2841 1661 2880 huic
1684 2840 1832 2881 eidem
1854 2852 1938 2880 sua

303 2914 459 2954 omnia
480 2920 524 2953 et
546 2913 732 2964 privata
754 2918 798 2952 et
820 2911 1007 2963 publica
1028 2912 1220 2962 negotia
1249 2912 1480 2953 commisit
1511 2912 1701 2964 quidam
1727 2923 1937 2952 summae

302 2985 594 3025 auctoritatis
618 2983 740 3035 apud
762 2995 922 3024 omnes
945 2983 1083 3033 civiS,
1108 2989 1158 3023 ut
1185 2994 1334 3034 neque
1355 2985 1499 3024 latum
1527 2983 1711 3035 quidem
1733 2994 1936 3034 unguem
