2080 3392
282 210 354 247 ‘220
795 208 842 245 Lx
851 218 1020 244 TTERAE
1046 218 1402 250 QUADRIMEsTREs

283 307 331 347 in
360 306 694 357 tranquillitate
722 316 979 345 versemur.
1017 304 1344 345 Correctorem
1375 304 1600 344 habemus
1628 303 1781 343 virum
1807 315 1912 354 pro-

282 377 392 417 bum
413 383 456 416 et
478 376 737 416 communis
758 376 969 415 utilitatis
990 375 1054 415 ita
1076 375 1306 426 cupidum,
1330 380 1379 414 ut
1397 374 1585 415 minime
1606 374 1906 414 obliviscatur

285 459 397 488 suae
418 446 651 496 utilitatis;
681 447 744 486 ait
771 447 893 486 enim
923 457 972 486 se
1001 446 1124 486 hunc
1154 446 1362 485 laborem
1392 446 1650 496 suscipere,
1679 456 1771 496 quo
1802 455 1912 484 suos

283 530 444 558 omnes
466 517 661 557 affectus
677 517 860 568 penitus
880 517 1139 567 extinguat,
1159 527 1278 567 qnos
1298 515 1459 556 habuit
1481 515 1592 555 olim
1608 514 1911 555 vehementis-

284 589 457 636 simos,
491 591 544 627 ut
571 588 705 627 aiunt
733 587 816 638 qm’
845 587 1078 627 hominem
1107 590 1356 626 noverunt.
1388 586 1704 626 Christianam
1735 586 1912 625 institu-

283 660 460 699 tionem
493 658 719 698 docentur
755 659 915 698 diebus
943 658 1074 698 festis
1105 657 1422 709 unusquisque
1458 658 1504 696 in
1537 669 1621 697 suo
1647 656 1911 708 gymnasio3

285 730 343 769 ad
366 729 672 769 confessionis
694 735 850 769 autem
869 728 1226 769 Sacramentum
1252 734 1358 768 sunt
1385 728 1570 768 venturi
1601 727 1804 779 quotidie
1835 728 1914 767 ali-

281 807 417 852 quot,
449 806 588 850 prout
617 800 714 839 dies
744 800 917 839 mensis
943 811 1049 839 cum
1077 799 1340 839 auditorum
1366 810 1560 838 numero
1591 798 1910 838 convenerint.

285 872 414 911 Haec
437 871 491 911 de
512 877 672 910 nostro
695 871 901 921 Collegio
931 871 1055 910 dicta
1082 870 1187 920 sint,
1215 870 1340 921 quod
1364 870 1441 909 ubi
1472 875 1670 921 quatuor
1697 868 1914 909 habuerit

283 942 554 993 gymnasia,
583 954 677 981 non
703 942 861 981 dubito
890 942 1020 993 quin,
1054 941 1155 981 Deo
1185 941 1358 980 nostris
1391 941 1628 980 laboribus
1657 940 1910 991 aspirante,

283 1024 506 1064 magnam
527 1013 768 1052 habiturus
790 1013 849 1052 sit
868 1012 1196 1063 frequentiam,
1221 1011 1350 1062 cujus
1379 1012 1446 1052 rei
1477 1023 1562 1051 nec
1589 1011 1698 1050 dum
1728 1010 1913 1062 quidem

285 1084 413 1123 venit
434 1083 706 1133 necessitas,
730 1084 824 1123 iam
845 1090 1002 1123 tamen
1025 1083 1248 1123 imminet.

365 1155 517 1195 Venio
537 1166 660 1194 nunc
681 1154 739 1194 ad
765 1154 984 1194 Fratrum
1004 1154 1117 1194 mihi
1140 1154 1521 1194 charissimorum
1547 1153 1819 1203 discessum,
1839 1152 1917 1203 qui

282 1232 382 1265 tam
402 1226 533 1265 multi
563 1231 606 1265 et
636 1231 730 1264 tam
757 1225 1024 1275 exercitati,
1059 1236 1163 1264 cum
1191 1225 1236 1264 in
1263 1225 1504 1264 literarum
1534 1223 1714 1273 studiis,
1752 1229 1849 1263 tum
1870 1223 1916 1262 in

284 1296 554 1336 diuinarum
575 1307 732 1335 rerum
749 1295 1141 1347 meditationibus,
1161 1302 1257 1335 tam
1285 1295 1577 1346 experientes
1604 1300 1848 1346 praeterea
1871 1293 1917 1332 in

288 1367 531 1406 audiendis
566 1366 956 1415 confessionibus,
982 1366 1027 1405 in
1049 1365 1371 1405 ministrandis
1394 1365 1702 1405 sacramentis
1725 1365 1916 1415 aliisque

287 1437 385 1477 eius
406 1437 592 1487 generis
609 1437 892 1476 salutaribus
909 1436 1087 1486 studiis,
1110 1436 1266 1476 tumin
1282 1436 1543 1486 Brasilium,
1564 1442 1661 1476 tum
1677 1436 1723 1475 in
1740 1435 1916 1475 Indiam

287 1508 416 1547 missi
438 1514 559 1558 sunt,
585 1514 633 1547 ut
655 1508 818 1547 merito
835 1519 1017 1547 summa
1039 1518 1199 1547 earum
1215 1507 1457 1546 nationum
1474 1512 1686 1558 speretur
1703 1506 1916 1557 spiritua-

287 1579 343 1619 lis
364 1579 538 1618 utilitas
564 1579 669 1618 inde
688 1584 974 1629 proventura
990 1578 1014 1617 ¹.
1034 1577 1081 1617 In
1106 1578 1282 1617 Indiam
1299 1577 1347 1616 P.
1367 1578 1599 1629 Urbanus,
1621 1576 1917 1629 quiCollegio

288 1656 451 1689 nostro
482 1649 747 1689 Coimbriae
772 1650 951 1700 integre
970 1660 1024 1688 ac
1054 1648 1301 1699 diligenter
1323 1648 1544 1699 praefuit,
1565 1654 1609 1687 et
1635 1660 1688 1687 eo
1711 1656 1918 1698 tempore

290 1720 397 1759 huic
414 1720 770 1771 Ulyssiponensi
788 1726 1018 1771 praeerat,
1039 1720 1125 1767 vir,
1142 1725 1327 1770 praeter
1340 1719 1626 1769 singularem
1643 1719 1918 1767 doctrinam,

290 1801 465 1841 magna
487 1791 533 1830 in
554 1791 691 1830 rebus
714 1797 757 1830 et
787 1791 1004 1830 humanis
1025 1797 1069 1830 et
1092 1790 1264 1830 divinis
1291 1790 1538 1841 prudentia
1565 1789 1818 1841 praeditus,
1849 1788 1920 1828 cui

294 1862 431 1901 datus
453 1868 522 1901 est
543 1862 658 1901 satis
679 1862 952 1901 commodus
975 1863 1104 1901 locus
1125 1862 1171 1900 in
1192 1860 1431 1901 Praetoria
1455 1861 1582 1900 navi.
1601 1860 1655 1900 Ei
1676 1871 1834 1899 comes
1854 1866 1923 1899 est

288 1933 427 1972 datus
441 1932 489 1971 P.
505 1933 753 1972 Balthasar
766 1932 895 1981 Diez,
911 1933 987 1983 qui
1004 1933 1095 1971 iam
1109 1933 1334 1983 grandior
1350 1938 1563 1982 receptus
1579 1931 1625 1970 in
1642 1930 1923 1971 Societatem

293 2010 403 2043 ante
425 2004 599 2055 aliquot
629 2015 790 2053 annOS,
823 2004 937 2043 satis
969 2004 1170 2043 ostendit
1196 2015 1336 2053 quam
1368 2010 1506 2053 grata
1539 2002 1596 2042 sit
1624 2002 1725 2042 Deo
1753 2001 1922 2052 Optim.

291 2074 488 2114 Maxim.
514 2075 703 2114 assidua
724 2075 985 2114 sollicitudo
1005 2086 1058 2114 ac
1076 2075 1330 2114 vehemens
1344 2074 1560 2123 studium,
1582 2073 1704 2124 quod
1722 2073 1823 2123 quis
1841 2072 1927 2112 sibi

291 2146 381 2197 ipsi
400 2145 632 2185 vincendo
652 2146 853 2185 adhibet.
871 2145 983 2196 lpse
998 2144 1360 2195 sz'bz'plzm‘mmn
1378 2144 1642 2193 detrahere,
1662 2155 1751 2183 sna
1768 2142 1923 2182 omnia

290 2220 573 2264 extenuare,
607 2227 660 2255 ac
694 2217 748 2255 de
774 2228 823 2255 se
851 2220 1092 2266 tamqncmz
1123 2216 1177 2254 de
1212 2214 1533 2265 l'gllavl'SSl'mO
1575 2214 1754 2253 Clm'stz'
1783 2225 1921 2253 servo

291 2287 496 2335 sentz‘re;
512 2287 574 2326 ad
593 2286 779 2326 labores
800 2290 955 2325 antem
976 2290 1074 2325 tam
1096 2285 1250 2324 alacm'
1267 2289 1370 2325 erat
1391 2285 1547 2324 ammo
1579 2288 1631 2324 ut
1667 2284 1923 2324 Cosmbrz'ae

290 2358 445 2397 omnis
465 2357 747 2397 conditionis
767 2357 1030 2396 Hominibus
1047 2360 1168 2395 esset
1185 2355 1563 2406 acceptissimns;
1581 2355 1921 2405 digressurum

292 2433 414 2468 certe
434 2440 613 2478 magna
645 2427 898 2467 multitudo
929 2427 990 2466 ad
1017 2426 1299 2466 vestz‘bnlmn
1330 2430 1608 2466 nostrarum
1635 2425 1820 2465 aedium
1842 2437 1920 2464 ex-

287 2500 523 2550 pectabat,
551 2510 667 2549 qnae
694 2499 935 2538 abeuntem
963 2509 1066 2537 cum
1093 2497 1337 2537 laclzrsmz's
1365 2501 1435 2537 est
1455 2501 1726 2548 prosecuta.
1756 2497 1923 2536 Frater

294 2571 491 2610 Alexius
521 2569 639 2609 Diaz
667 2570 752 2609 fuit
781 2570 960 2619 tertius,
985 2569 1166 2608 iuvenis
1194 2568 1575 2608 innocentissimo
1608 2568 1763 2606 animo
1793 2573 1838 2606 et
1865 2567 1922 2606 ad

294 2641 594 2680 serviendum
623 2641 836 2680 omnibus
870 2640 1233 2691 promptissimo.
1270 2639 1433 2679 Altera
1463 2639 1507 2678 in
1542 2638 1653 2678 navi
1686 2638 1821 2677 datus
1856 2644 1924 2677 est

293 2710 343 2751 P.
363 2711 646 2750 Franciscus
662 2711 822 2761 Viera,
843 2711 920 2761 qui
937 2711 1192 2761 permultos
1210 2721 1357 2749 annos
1373 2715 1582 2749 nostram
1596 2709 1717 2748 hanc
1736 2708 1924 2747 domum

292 2781 573 2832 gubernavit
595 2792 739 2832 usque
762 2793 815 2820 eo
836 2781 1051 2820 assiduus
1073 2780 1118 2819 in
1138 2780 1435 2831 procuranda
1457 2779 1662 2819 omnium
1689 2779 1852 2828 salute,
1874 2783 1923 2817 ut

351 2965 361 2984 ¹
401 2965 460 2991 “ut
486 2965 606 2991 merito
632 2965 790 2990 vostrum
817 2963 1036 2989 desiderium
1062 2969 1185 2989 earum
1216 2962 1400 2988 nationum
1427 2961 1538 2988 leniat
1567 2961 1707 2987 utilitas
1734 2960 1921 2994 scripserat

294 3010 438 3039 Suarez.
