2080 3392
874 165 958 203 AN.
989 164 1082 202 1553
1721 161 1793 199 3⁴29

148 266 369 307 nimirum
404 265 643 305 assiduam
678 270 722 304 et
757 264 872 304 satis
905 263 1195 314 frequentem
1228 262 1276 301 in
1313 261 1461 301 variis
1495 260 1788 310 lectionibus,

148 337 554 389 disputationibus,
578 336 897 388 epistolarum,
930 334 1195 374 orationum
1216 344 1533 384 versuumque
1563 332 1790 383 composi-

148 409 353 449 tionibus
383 408 631 460 diligenter
659 406 937 458 exercendo,
976 417 1084 446 cum
1117 416 1291 456 magna
1326 394 1425 444 tum
1454 403 1792 455 discipulorum

148 480 443 532 promotione
463 485 562 519 tum
583 478 810 528 omnium,
835 482 880 517 et
903 476 1108 517 maxime
1137 476 1323 528 quidem
1353 480 1625 527 parentum,
1658 474 1790 515 satis-

148 551 373 592 factione:
395 550 541 590 frater
563 549 611 589 in
632 548 819 589 Christo
849 547 1179 597 charissimus,
1203 545 1364 587 Simon
1384 546 1635 587 Bartholus
1659 544 1685 597 ⁸,
1719 558 1792 586 co—

148 634 252 663 ram
272 621 555 673 Magistratu
585 620 643 660 ad
671 619 904 660 Calendas
931 617 1216 658 Februarias
1243 629 1418 669 magna
1447 629 1551 658 cum
1586 617 1793 658 omnium

151 693 460 734 admiratione
494 691 657 732 habuit
688 691 964 731 orationem.
998 689 1132 730 Unus
1162 688 1496 740 discipulorum
1524 695 1794 730 nostrorum

151 765 265 818 ipsis
287 764 505 805 Calendis
529 762 707 815 Aprilis
729 773 891 803 coram
910 773 1035 802 novo
1057 761 1340 812 Magistratu
1362 760 1503 801 aliam
1524 761 1794 812 pronuntia-

151 839 239 889 vit,
264 849 318 878 eo
339 848 454 877 vero
476 835 736 887 gratiorem
758 833 906 886 quod,
930 844 984 873 ea
1008 833 1263 884 completa,
1288 832 1482 872 iuvenes
1512 832 1602 873 duo
1633 844 1792 884 seque-

152 916 314 951 rentur
336 921 443 950 cum
465 908 693 948 versibus.
719 906 929 957 Quorum
949 906 1066 946 alter
1089 916 1195 945 cum
1215 910 1347 945 tanta
1377 905 1612 945 suavitate
1643 905 1792 957 saphi-

152 994 233 1024 cos
255 981 445 1032 cecinit,
470 986 520 1020 ut
550 980 626 1020 vel
646 979 909 1019 litterarum
928 977 1115 1030 penitus
1136 982 1355 1029 expertes
1376 976 1604 1017 maiorem
1623 977 1670 1016 in
1701 988 1792 1017 mo-

152 1055 263 1095 dum
287 1053 588 1094 demulceret.

232 1124 325 1165 Res
359 1123 617 1175 spiritualis
651 1121 861 1174 quotidie
889 1121 1029 1162 sumit
1058 1121 1412 1161 incrementum.
1447 1119 1640 1171 Aliquot
1670 1119 1794 1159 iuve-

152 1208 238 1237 nes
288 1194 609 1248 spiritualibus
655 1192 893 1233 exercitiis
933 1192 1129 1232 exerciti
1167 1197 1302 1242 sunt,
1345 1202 1452 1231 cum
1499 1190 1647 1241 exitu,
1695 1190 1796 1230 Deo

152 1268 291 1318 duce,
324 1266 611 1307 felicissimo.
649 1264 939 1316 Quibusdam
965 1263 1069 1303 aliis
1096 1263 1219 1304 idem
1249 1262 1480 1314 impertiri
1507 1268 1794 1314 poteramus,

153 1338 236 1380 sed
274 1349 437 1379 eorum
478 1337 659 1377 animos
694 1335 866 1376 talibus
908 1334 1146 1375 exercitiis
1181 1333 1194 1352 ²
1230 1345 1476 1386 speramus
1514 1334 1615 1373 iore
1650 1338 1796 1373 matu-

153 1411 317 1451 riores.

234 1481 440 1523 Castella
457 1480 693 1533 equaedam
714 1480 761 1520 in
784 1478 1173 1531 quadragesima,
1209 1483 1258 1518 ut
1286 1477 1333 1517 in
1361 1477 1593 1528 superiori
1613 1475 1796 1528 quadri-

154 1554 331 1605 mestri,
354 1552 623 1603 invisimus3
647 1552 695 1591 in
716 1562 916 1603 quorum
937 1562 1030 1590 uno
1051 1556 1147 1590 tres
1169 1549 1268 1589 dies
1290 1549 1473 1600 egimus
1494 1559 1602 1588 cum
1624 1548 1798 1588 anima-

153 1637 257 1666 rum
277 1625 485 1666 maxima
508 1623 843 1664 consolatione.
870 1622 991 1662 Nam
1012 1621 1163 1661 nostri
1185 1620 1451 1661 charissimi
1477 1619 1637 1660 fratris
1661 1619 1798 1673 Joan-

152 1697 225 1738 nis
251 1697 493 1749 Baptistae
521 1694 534 1714 ⁵
564 1693 998 1747 praedicationibus
1019 1693 1085 1733 ita
1107 1692 1519 1732 inflammabantur
1542 1702 1726 1742 omnes,
1751 1697 1800 1731 ut

154 1769 214 1809 ad
235 1768 554 1809 confessiones
577 1766 656 1806 diu
677 1771 911 1817 noctuque
933 1777 993 1804 ex
1014 1763 1520 1804 circumadiacentibus
1546 1762 1683 1814 pagis
1703 1762 1797 1814 plu-

154 1839 259 1880 rimi
279 1843 628 1880 concurrerent.
652 1837 704 1877 In
725 1836 829 1877 aliis
857 1836 1047 1876 unicam
1064 1835 1226 1875 habuit
1248 1834 1525 1874 concionem
1540 1831 1570 1884 ⁴,
1593 1833 1676 1874 sed
1694 1845 1801 1874 cum

154 1911 361 1952 maximo
383 1921 568 1962 semper
590 1919 838 1959 concursu,
862 1913 921 1958 et,
945 1913 996 1948 ut
1019 1906 1206 1958 quidem
1226 1906 1274 1946 in
1297 1906 1629 1956 concionibus,
1661 1905 1729 1945 sic
1754 1905 1801 1944 in

153 1982 539 2023 confessionibus.
577 1980 666 2021 Die
702 1980 943 2020 Passionis
980 1978 1259 2019 Dominicae
1294 1989 1402 2018 cum
1440 1983 1571 2017 tanto
1614 1977 1801 2017 fervore

154 2054 527 2106 dexteritateque
561 2053 788 2105 mysteria
815 2050 1056 2092 Passionis
1077 2049 1387 2102 praedicavit,
1411 2054 1461 2089 ut
1489 2049 1622 2089 multi
1648 2048 1802 2088 valvis

154 2131 200 2165 et
234 2125 379 2165 muris
413 2124 640 2165 ecclesiae
676 2123 831 2164 scalas
867 2122 1195 2172 admoverent,
1227 2120 1353 2172 quod
1385 2120 1610 2172 populum
1644 2119 1803 2170 templi

155 2208 251 2236 non
285 2201 474 2248 caperet
509 2194 782 2247 amplitudo.
826 2193 1006 2234 Tantus
1041 2191 1426 2233 lachrimantium
1461 2197 1506 2231 et
1541 2190 1802 2231 misericor-

157 2267 283 2308 diam
305 2267 657 2319 implorantium
677 2266 763 2306 fuit
785 2265 1008 2317 strepitus
1030 2270 1080 2304 ut
1102 2264 1202 2304 eius
1229 2263 1417 2315 saepius
1443 2263 1801 2313 interrumpere-

157 2344 232 2379 tur
253 2338 562 2390 praedicatio.
587 2337 766 2378 Diebus
789 2337 1048 2388 quibusque
1069 2334 1333 2375 Dominicis
1361 2346 1456 2374 non
1486 2332 1666 2374 minore
1699 2344 1803 2372 cum

159 2410 314 2461 gratia
337 2409 661 2450 concionatur.
692 2408 939 2460 Vigesima
967 2406 1175 2448 secunda
1200 2406 1334 2456 Maii,
1366 2405 1476 2445 dum
1504 2404 1802 2456 supplicatio-

159 2493 243 2521 nes
263 2480 525 2532 generales,
550 2491 658 2520 cum
679 2490 763 2530 pro
784 2490 923 2530 pace,
953 2484 1052 2519 tum
1084 2489 1170 2530 pro
1194 2477 1317 2517 a'e‘ris
1338 2476 1577 2528 temperie,
1601 2475 1800 2515 celebra-

160 2559 337 2603 rentur,
362 2551 509 2591 voluit
531 2551 588 2591 D.
612 2550 836 2591 Vicarius
858 2561 963 2590 eum
983 2550 1031 2590 in
1052 2550 1252 2590 ecclesia
1275 2547 1536 2589 cathedrali
1564 2547 1803 2598 praedica-

160 2635 234 2675 re;
259 2624 402 2676 quod,
428 2623 517 2663 Dei
539 2623 780 2674 aspirante
800 2622 980 2673 gratia,
1010 2621 1121 2662 fecit
1144 2633 1251 2661 cum
1274 2621 1454 2672 ingenti
1486 2620 1694 2660 omnium
1729 2619 1805 2658 ad-

218 2808 229 2828 1
269 2807 383 2836 Simon
399 2807 543 2835 Bartoli.
561 2807 624 2834 Hic
641 2808 696 2834 ille
713 2810 774 2841 est,
791 2807 830 2834 de
846 2815 909 2841 quo
924 2807 958 2834 in
972 2807 1134 2841 PoLANCI,
1153 2806 1288 2838 Chron„
1304 2810 1315 2833 t
1344 2813 1390 2838 111,
1408 2812 1486 2839 pag.
1499 2804 1547 2837 29,
1559 2807 1674 2831 annot.
1692 2804 1716 2830 1.

216 2856 230 2874 2
265 2858 390 2890 postea
408 2856 453 2882 ad
469 2855 558 2882 talia
575 2855 755 2882 exercitia.
773 2854 951 2882 Polancus.

214 2903 228 2922 ⁵
266 2903 406 2936 Joannis
423 2903 603 2937 Baptistae
619 2902 745 2936 velati,
761 2910 821 2929 seu
838 2903 877 2929 de
893 2902 984 2935 Jesu.
1001 2903 1088 2930 Vide
1105 2906 1219 2930 tamen
1240 2909 1324 2936 quae
1341 2901 1381 2928 de
1397 2901 1469 2935 ejus
1486 2900 1704 2927 concionibus
1727 2900 1806 2926 dici-

162 2954 218 2977 tur
238 2951 269 2978 in
287 2951 447 2983 PoLAix-cr,
465 2950 600 2981 Chron„
615 2955 637 2976 t.
653 2957 700 2982 111,
716 2957 794 2984 pag.
810 2950 854 2983 30,
868 2959 898 2978 n.
911 2951 943 2978 51
960 2956 993 2978 et
1008 2954 1121 2978 annot.
1133 2951 1158 2977 1.

216 2998 231 3017 ⁴
268 2997 310 3025 In
327 2997 481 3024 aliorum
497 2997 653 3031 singulis
667 2997 830 3031 singulas
845 2998 969 3025 ltabmt
984 2999 1177 3026 conciones.
1195 2997 1373 3024 Polancus.
