2080 3392
876 163 960 201 AN.
992 163 1085 201 1553
1732 161 1805 198 415

152 262 314 303 lestari
335 261 768 314 phantasmatibus;
792 272 930 313 quem
950 260 1164 301 similiter
1186 260 1327 300 Pater
1349 259 1409 300 ad
1435 259 1662 311 templum
1690 257 1802 298 duci

154 333 404 386 praecipit,
429 333 687 385 eodemque
715 333 876 383 modo,
907 332 1142 372 celebrato
1170 332 1343 372 missae
1372 331 1543 382 officio,
1578 330 1804 371 liberatus

156 411 242 445 est.

237 475 434 516 Multum
469 476 657 527 quidem
685 481 945 526 occupatur
976 475 1116 515 Pater
1145 474 1478 515 satisfaciendo
1507 473 1602 525 his,
1635 473 1802 525 qui'ex

156 553 353 599 utroque
371 559 502 596 sexu,
524 553 620 587 tam
639 548 922 596 saeculares,
943 558 1084 598 quam
1100 546 1317 597 religioni
1339 546 1502 596 dediti,
1523 557 1608 597 pro
1625 545 1802 585 anima-

156 630 261 658 rum
281 629 474 658 suarum
496 618 749 658 secretiore
767 617 964 657 consilio
986 617 1240 667 confluunt,
1258 618 1349 667 vel,
1370 617 1408 656 si
1430 616 1490 657 ad
1510 628 1618 657 eum
1638 615 1803 656 venire

157 694 415 741 nequeant,
454 689 607 740 ipsum
635 687 694 728 ad
725 699 775 728 se
802 688 964 728 venire
992 688 1207 728 omnibus
1235 688 1536 739 expostulant
1567 687 1801 739 precibus.

156 761 275 801 Tam
297 760 419 800 enim
441 760 731 811 singularem
752 760 799 799 in
821 771 876 800 eo
893 759 1124 799 Dominus
1147 766 1368 811 operatur
1389 759 1609 810 gratiam,
1630 765 1679 799 ut
1696 770 1804 799 cun·

157 832 244 872 ctis
274 831 540 872 mirandum
570 831 812 881 videatur;
844 831 954 882 quia
981 830 1138 870 visum
1169 842 1263 870 non
1293 836 1363 870 est
1391 841 1673 882 quemquam
1700 840 1808 870 eum

157 903 432 952 accessisse,
454 903 532 954 qui
548 914 642 942 non
660 901 834 953 gaudio
853 902 1115 953 mentisque
1132 901 1421 942 relevatione
1443 901 1500 941 ab
1523 913 1577 941 eo
1599 901 1803 941 recedat.

155 974 297 1015 Hisce
320 980 364 1014 et
385 974 615 1014 similibus
635 980 818 1014 tantum
838 985 1066 1025 persaepe
1087 973 1302 1013 obruitur
1322 973 1644 1024 spiritualibus
1664 983 1807 1023 nego-

156 1046 248 1097 tiis,
272 1052 321 1086 ut
341 1046 424 1086 vix
446 1046 603 1085 cibum
625 1045 780 1097 quiete
801 1056 986 1085 sumere
1009 1043 1314 1085 concedatur.

239 1117 474 1169 Persaepe
496 1117 555 1157 ad
572 1116 781 1157 infirmos
802 1128 1046 1164 vocamur,
1067 1127 1122 1156 ac
1140 1116 1344 1156 maxime
1366 1115 1699 1167 praeterlapsis
1717 1115 1807 1156 die-

159 1190 261 1241 bus,
285 1189 450 1241 quibus
473 1194 664 1229 curatus
684 1187 846 1229 Sancti
866 1188 1126 1238 Michaelis,
1146 1199 1240 1228 una
1261 1199 1368 1227 cum
1387 1187 1680 1227 vice-curato
1703 1199 1805 1238 suo,

160 1266 355 1313 uterque
375 1261 572 1301 multum
593 1260 806 1312 denique,
826 1271 974 1312 usque
996 1259 1055 1300 ad
1076 1259 1202 1299 vitae
1224 1258 1616 1310 desperationem,
1641 1259 1807 1299 morbo

163 1332 368 1384 correpti
413 1331 559 1372 fuere.
608 1331 711 1372 Hoc
761 1331 996 1383 (inquam)
1034 1331 1259 1382 temporis
1299 1330 1452 1382 spatio
1501 1330 1809 1382 praecipuam

164 1404 370 1445 omnium
404 1402 740 1443 infirmantium
775 1414 938 1443 curam
968 1402 1067 1454 ipse
1094 1402 1243 1454 gessi,
1276 1413 1394 1454 quos
1424 1402 1551 1442 omni
1580 1407 1808 1452 tempore,

163 1481 304 1527 prout
324 1475 647 1515 necessarium
668 1474 842 1525 fuerat,
867 1485 963 1514 non
984 1474 1083 1514 sine
1104 1473 1260 1514 fructu
1283 1473 1347 1524 (ut
1368 1472 1629 1525 speramus)
1652 1484 1708 1512 ac
1737 1484 1810 1512 ae-

163 1546 429 1587 dificatione
467 1547 747 1596 multorum,
784 1545 1105 1586 ecclesiastica
1140 1543 1465 1585 ministrando
1492 1549 1809 1593 sacramenta,

163 1619 369 1659 visitavi.
389 1618 440 1659 In
461 1618 730 1670 praecipuis
751 1617 1101 1673 festivitatibus,
1120 1617 1168 1657 in
1189 1617 1370 1669 quibuS,
1390 1628 1475 1668 pro
1494 1617 1589 1657 ritu
1609 1616 1809 1668 patriae,

164 1690 255 1742 ipsi
275 1690 428 1730 curati
455 1689 602 1730 verbo
629 1688 718 1729 Dei
745 1701 859 1729 oves
891 1700 1001 1729 suas
1028 1700 1226 1740 pascere
1253 1694 1497 1739 tenentur,
1530 1688 1636 1728 vice
1662 1687 1814 1728 nostri

163 1762 367 1814 pastoris
401 1761 461 1801 ad
494 1762 719 1813 populum
754 1761 1030 1801 concionem
1063 1761 1239 1801 habere
1275 1760 1437 1812 coepi3
1481 1760 1606 1812 quod
1642 1759 1813 1799 exinde

165 1833 380 1874 omnibus
401 1833 585 1873 festivis
606 1833 768 1873 diebus
789 1832 930 1883 faciO,
955 1839 1044 1873 etc.
