2080 3392
866 138 950 175 AN.
981 137 1073 176 1554
1719 136 1785 171 671

230 237 583 288 superscriptio
618 236 668 275 in
698 238 872 287 quarta
896 234 1112 286 pagina:
1134 233 1194 274 Al
1215 233 1357 273 molto
1386 232 1486 272 Rs¹0
1516 244 1618 272 nro.
1640 231 1713 272 P.e
1738 233 1782 272 in

147 309 259 360 Jesu
278 307 363 348 Χ.0
390 308 420 347 il
448 307 520 348 Re
542 307 603 347 M.
627 306 809 358 Ignatio
831 305 887 346 de
908 306 1107 357 Loyola,
1132 303 1308 355 Prep.to
1328 304 1484 355 gnale.
1508 303 1626 344 della
1655 303 1785 343 Com-

150 380 324 431 pagnia
347 379 393 419 di
413 378 537 432 Jesu.

228 449 340 490 Alia
362 461 524 489 mann:
549 448 663 489 1554.
688 448 869 500 Napoli.
894 448 1027 488 insin'
1051 459 1078 487 a
1098 447 1123 486 6
1145 447 1190 487 di
1212 446 1419 496 Maggio.

820 874 1085 928 CCXCII

224 1105 273 1142 N.
294 1105 344 1142 N.

272 1170 394 1207 Patri
412 1169 583 1216 Ignatio
604 1169 657 1206 de
676 1169 859 1216 Loyola.

314 1235 600 1284 Ulyssipone‚
622 1234 646 1272 8
664 1234 766 1282 Maji
788 1234 879 1272 1554
897 1234 923 1256 ²·

897 1479 1035 1569 Jessus

225 1730 390 1771 Gratia
412 1730 601 1771 Domini
628 1731 779 1771 nostri
803 1730 913 1783 Jesu
943 1729 1117 1770 Christi
1149 1729 1270 1770 adsit
1302 1741 1488 1781 semper
1509 1730 1678 1770 animis
1707 1742 1785 1770 no-

148 1803 272 1842 stris.
298 1802 465 1842 Amen.

225 1872 518 1926 Scripturus‚
542 1873 643 1914 R.de
662 1872 822 1923 Pater,
847 1884 966 1925 quae
988 1872 1077 1912 Dei
1098 1871 1205 1924 Opt.
1235 1871 1361 1912 Max.
1384 1872 1608 1913 beneficio
1631 1875 1786 1924 proxi-

142 1946 231 1986 mis
251 1950 450 1996 quatuor
472 1944 709 1985 mensibus
731 1951 839 1985 acta
859 1950 989 1994 sunt,
1020 1943 1132 1984 iliud
1160 1943 1208 1983 in
1233 1943 1396 1995 primis
1423 1944 1597 1995 dicam,
1622 1944 1786 1985 Patres

143 2016 425 2068 fratresque,
450 2015 658 2057 eiusdem
678 2015 868 2056 Domini
887 2027 1102 2064 munere,
1121 2015 1168 2054 in
1185 2015 1510 2065 concionibus,
1535 2016 1786 2056 confessio-

143 2087 302 2139 nibus,
324 2088 603 2128 lectionibus
623 2087 881 2139 studiisque
906 2087 1150 2127 literarum
1179 2086 1407 2126 hactenus
1435 2098 1783 2137 perseverasse,

144 2159 347 2199 maiores
368 2159 416 2199 in
442 2159 541 2200 dies
570 2160 783 2210 singulos
809 2159 989 2198 fructus
1016 2157 1219 2198 ferentes
1266 2157 1548 2198 Benedictus
1577 2158 1726 2210 Deus,
1760 2172 1787 2199 a

145 2242 237 2282 quo
259 2231 415 2270 omnia
436 2231 561 2271 bona
581 2230 955 2282 proficiscuntur.

226 2301 365 2341 R dum
385 2301 472 2342 P.m
492 2301 708 2342 Natalem
730 2300 786 2341 de
807 2301 1052 2341 Lusitania
1069 2300 1387 2341 discedentem
1404 2300 1526 2340 Rduss
1542 2301 1614 2341 P.r
1635 2301 1787 2342 Miron

144 2385 290 2425 usque
329 2373 522 2414 eboram
560 2379 873 2425 prosequutus
912 2379 1001 2423 est,
1045 2372 1142 2422 ubi,
1181 2372 1381 2423 cognitis
1417 2373 1785 2425 compositisque

144 2445 305 2496 rebus,
329 2445 537 2485 calendis
557 2444 763 2485 Ianuarii
783 2444 935 2485 rediit.
965 2444 1265 2484 Intellexerat
1292 2442 1521 2494 siquidem
1551 2455 1611 2485 ex
1639 2445 1786 2485 literis

145 2517 254 2556 hinc
286 2517 480 2568 perlatis
509 2515 699 2567 negotia
734 2515 911 2565 indica,
950 2515 1192 2565 brasilica,
1227 2520 1366 2566 atque
1402 2514 1668 2567 aethiopica
1699 2517 1785 2557 sibi

144 2587 448 2639 conficienda;
469 2587 640 2628 accidit
652 2587 776 2627 enim
792 2594 842 2628 ut
859 2587 996 2627 simul
1012 2587 1059 2626 in
1076 2587 1161 2626 has
1174 2586 1445 2637 provincias
1457 2587 1782 2639 navigaretur.

223 2658 299 2699 Ad
318 2658 499 2699 Indiam
520 2659 691 2699 missus
711 2664 781 2698 est
800 2659 985 2710 legatus
1006 2658 1149 2708 Regis
1171 2656 1403 2697 Dominus
1420 2656 1585 2699 Petrus
1605 2658 1784 2699 Masca-

199 2775 208 2793 1
251 2773 500 2808 Apographum
515 2773 547 2799 in
563 2772 776 2806 quadruplici
792 2772 887 2805 f01i0,
904 2779 958 2798 nn.
973 2771 1042 2805 420,
1057 2771 1127 2805 421,
1142 2770 1197 2798 422
1217 2775 1250 2798 et
1271 2770 1332 2798 423.
1353 2770 1491 2798 Nullum
1511 2771 1616 2799 habet
1639 2774 1785 2800 subscri-

143 2826 237 2857 ptum
252 2821 403 2848 auctoris
417 2827 550 2847 nomen.
568 2819 708 2846 Certum
723 2823 838 2846 autem
854 2819 991 2846 videtur
1006 2818 1154 2852 scriptas
1169 2825 1235 2845 non
1250 2825 1324 2844 esse
1339 2819 1381 2845 ab
1398 2825 1450 2849 eo,
1465 2819 1520 2853 qui
1538 2818 1670 2853 priores
1686 2820 1786 2855 hujus

143 2870 221 2897 anni
236 2868 505 2903 quadrimestres
521 2866 720 2902 Ulyssipone
734 2866 889 2900 scripsit,
905 2873 1009 2900 supra
1024 2874 1055 2893 n.
1071 2872 1211 2900 CCLXIV‚
1235 2873 1314 2900 pag.
1335 2864 1404 2899 492,
1427 2866 1558 2894 scilicet
1573 2874 1594 2894 a
1612 2866 1786 2902 Cypriano

144 2917 287 2951 Suarez,
304 2923 403 2950 quem
418 2917 439 2943 l.
456 2923 483 2943 c.
499 2922 559 2950 per
574 2922 725 2942 errorem
740 2914 954 2948 Alphonsum
970 2913 1179 2949 Cyprianum
1199 2913 1464 2947 appellavimus.
1485 2913 1559 2941 Non
1580 2915 1667 2950 enim
1688 2915 1728 2943 de
1750 2923 1785 2942 se

146 2964 217 2999 ipse
235 2953 428 2999 Cyprianus
443 2962 636 2997 scripsisset
652 2969 737 2996 quae
752 2961 807 2988 hic
822 2961 993 2995 leguntur.
1284 2953 1288 2957 ’
