2080 3392
306 212 381 249 234
824 211 1050 248 LITTERAE
1076 220 1434 252 QUADRIMESTRES

534 540 823 568 Praecedentium
840 533 976 568 Fratris
991 540 1095 568 Marci
1111 540 1213 574 Jorge
1229 540 1425 567 litterarum
1438 541 1548 568 latina
1563 541 1675 568 versio
1693 541 1713 568 ¹.

388 942 488 983 Pax
509 942 698 983 Domini
719 944 866 984 nostri
882 944 992 997 Jesu
1014 943 1187 984 Christi
1207 942 1266 982 sit
1286 953 1471 993 semper
1490 942 1747 982 nobiscum.
1773 942 1939 982 Amen.

389 1013 506 1054 Cum
527 1025 596 1065 ea,
622 1026 740 1066 quae
761 1015 1028 1066 superiores
1049 1014 1135 1054 hos
1156 1019 1352 1065 quatuor
1374 1024 1558 1053 menses
1578 1012 1633 1053 R.
1657 1013 1706 1052 P.
1730 1012 1782 1053 T.
1806 1012 1939 1064 filios,

303 1095 425 1135 quos
445 1084 492 1124 in
513 1083 715 1125 Domino
736 1085 954 1136 genuisti,
981 1090 1236 1136 occupatos
1258 1090 1464 1134 tenuere,
1488 1083 1748 1135 scripturus
1769 1084 1871 1134 sim,
1898 1090 1942 1124 et

307 1160 415 1195 tuae
441 1155 672 1196 voluntati
700 1156 1125 1207 obtemperaturus,
1156 1154 1267 1195 illud
1297 1155 1344 1194 in
1371 1155 1533 1206 primis
1561 1154 1788 1206 occurrit,
1819 1155 1938 1206 quod

303 1225 368 1266 ad
388 1237 641 1277 puerorum
661 1227 1019 1278 institutionem,
1044 1238 1183 1278 quam
1204 1226 1300 1266 scio
1321 1225 1370 1265 Ρ.
1394 1231 1500 1266 tuae
1530 1236 1730 1276 magnae
1759 1237 1942 1277 semper

308 1308 410 1337 esse
432 1308 597 1348 curae,
621 1298 835 1349 pertinet.
862 1297 989 1348 Quos
1010 1298 1055 1337 in
1076 1297 1304 1348 proximis
1325 1297 1431 1337 huic
1451 1297 1553 1337 urbi
1580 1298 1715 1348 pagis
1745 1303 1789 1337 et
1817 1297 1940 1349 oppi-

304 1368 393 1418 dis,
413 1368 473 1408 ad
493 1369 694 1419 primum
716 1375 759 1408 et
780 1369 1036 1409 secundum
1059 1369 1269 1418 milliare,
1291 1368 1461 1408 fratres
1482 1368 1743 1419 diligenter,
1763 1369 1820 1408 ab
1841 1368 1940 1420 ipso

307 1450 452 1489 usque
473 1439 703 1490 ianuario,
722 1439 897 1479 Divina
913 1445 1165 1491 praecepta
1184 1446 1227 1479 et
1244 1439 1335 1479 alia
1352 1439 1457 1479 fidei
1474 1439 1737 1479 rudimenta
1755 1439 1937 1489 docent,

307 1521 413 1549 cum
447 1521 619 1560 magna
656 1510 997 1561 oppidanorum
1030 1510 1235 1550 omnium
1270 1510 1482 1550 utilitate.
1515 1509 1649 1550 Initio
1678 1510 1942 1562 quindecim

305 1585 384 1619 aut
423 1580 659 1620 sexdecim
693 1581 864 1621 fratres
898 1581 1019 1621 hanc
1058 1580 1442 1620 iucundissimam
1478 1581 1774 1632 provinciam
1807 1581 1940 1620 festis

302 1651 489 1701 diebus,
513 1651 676 1702 quibus
697 1663 793 1691 non
814 1658 913 1691 erat
935 1651 1316 1703 praeceptoribus
1338 1663 1480 1703 opera
1502 1651 1677 1702 danda,
1709 1651 1937 1700 obierunt;

306 1722 388 1761 sed
409 1721 623 1773 quamvis
645 1725 901 1763 multorum
925 1734 1067 1774 opera
1091 1723 1227 1762 rebus
1250 1722 1353 1762 aliis
1374 1723 1643 1762 necessaria
1663 1728 1827 1774 postea
1849 1722 1941 1762 fue-

305 1793 387 1843 rit,
412 1804 495 1833 sex
517 1799 596 1833 aut
617 1800 797 1845 septem
817 1800 974 1833 tamen
996 1794 1147 1833 adhuc
1170 1798 1476 1844 perseverant
1504 1793 1552 1833 in
1573 1792 1736 1833 eodem
1764 1793 1937 1833 labore.

305 1863 513 1904 Veniunt
543 1871 587 1904 et
618 1865 751 1915 pueri
780 1872 824 1904 et
852 1865 1064 1905 homines
1091 1876 1183 1904 non
1210 1864 1347 1915 pauci
1378 1865 1436 1904 ab
1465 1863 1635 1916 oppido
1662 1864 1863 1916 quodam
1892 1869 1942 1904 ut

306 1935 505 1986 singulis
526 1935 832 1975 hebdomadis
855 1936 912 1976 ad
934 1936 1092 1976 divina
1115 1935 1419 1976 Sacramenta
1442 1935 1684 1975 accedant.
1705 1935 1755 1975 In
1775 1935 1937 1985 altero,

306 2006 487 2057 fratris,
512 2007 590 2058 qui
611 2018 665 2046 eo
686 2007 803 2057 ibat,
828 2007 1092 2057 diligentia,
1115 2006 1292 2046 reditus
1322 2006 1367 2046 in
1400 2012 1606 2046 veterem
1636 2005 1840 2056 gratiam
1872 2010 1941 2045 est

305 2076 458 2117 factus
479 2078 536 2117 ab
558 2077 808 2128 aliquibus,
833 2078 910 2129 qui
932 2077 1037 2117 odia
1060 2077 1179 2117 inter
1207 2089 1255 2117 se
1282 2076 1524 2124 fovebant,
1557 2089 1581 2116 e
1609 2076 1775 2128 quibus
1802 2087 1935 2126 unus,

306 2159 413 2188 cum
433 2148 650 2188 iniuriam
671 2148 769 2200 ipse
791 2148 1070 2199 accepisset,
1094 2148 1276 2199 publice
1304 2148 1362 2187 ab
1393 2160 1468 2198 eo,
1500 2147 1578 2199 qui
1608 2148 1829 2197 laeserat,
1864 2158 1936 2186 ve-

307 2219 433 2258 niam
454 2219 500 2258 in
521 2220 692 2270 templo
714 2219 985 2270 postulavit,
1011 2230 1105 2258 non
1135 2219 1235 2259 sine
1265 2219 1542 2269 lachrymis,
1574 2217 1698 2269 quod
1728 2217 1965 2272 omnibus,

307 2290 405 2329 eius
427 2290 584 2341 oppidi
604 2289 689 2330 fuit
710 2290 975 2341 exemplum
996 2301 1223 2341 perquam
1244 2289 1444 2329 salubre.

389 2360 437 2400 Ρ.
462 2360 520 2400 D.
544 2360 833 2411 Goncalvius
854 2372 960 2400 cum
981 2361 1275 2400 Braccharae
1297 2360 1458 2400 fuisset
1480 2360 1656 2411 aliquot
1676 2358 1859 2409 diebus,
1893 2359 1939 2398 in

307 2432 492 2482 urbem,
523 2443 663 2483 quam
690 2431 883 2472 Portum
910 2438 1097 2481 vocant,
1131 2430 1420 2481 Lusitaniae,
1452 2437 1556 2482 post
1587 2430 1936 2482 Olissyponam,

308 2502 583 2551 maximam,
608 2503 778 2542 missus
799 2508 890 2553 est,
914 2501 1278 2553 efflagitantibus
1299 2502 1344 2542 id
1367 2508 1505 2553 atque
1527 2501 1818 2553 cupientibus
1845 2512 1938 2540 ma-

306 2573 453 2613 iorem
486 2574 534 2613 in
567 2573 756 2613 modum
785 2573 898 2624 ipsis
927 2573 1126 2623 civibus,
1156 2572 1277 2624 apud
1310 2583 1425 2624 quos
1456 2572 1772 2623 superioribus
1803 2571 1938 2611 annis

307 2643 473 2683 suerat.
502 2644 553 2683 In
580 2656 635 2683 ca
662 2644 775 2683 urbe
803 2655 896 2683 non
925 2643 1125 2683 interdiu
1156 2655 1250 2682 non
1278 2649 1419 2682 noctu
1447 2643 1576 2694 quies
1605 2642 1697 2682 ulla
1725 2641 1936 2691 dabatur,

307 2725 414 2753 cum
445 2714 553 2754 hinc
588 2720 813 2754 vocarent
848 2714 1119 2763 conciones,
1157 2713 1264 2753 hinc
1295 2719 1516 2764 urgerent
1552 2713 1704 2763 multi,
1741 2723 1939 2763 quorum

304 2785 625 2825 confessiones
646 2791 779 2824 erant
806 2784 1078 2824 audiendae.
1111 2784 1317 2835 Cumque
1346 2796 1440 2824 non
1470 2789 1626 2835 posset
1654 2783 1710 2823 D.
1742 2782 1936 2832 Goncal-

308 2855 413 2895 vius
442 2855 647 2895 omnium
680 2855 952 2895 satisfacere
983 2854 1307 2906 petitionibus,
1339 2855 1503 2906 quibus
1534 2859 1660 2894 certe
1690 2853 1940 2905 plurimum

364 3014 374 3034 ¹
412 3014 500 3042 Vide
516 3022 629 3049 supra,
645 3022 723 3049 pag.
739 3014 802 3047 228,
819 3018 889 3042 not.
905 3015 928 3041 1.
