2080 3392
314 168 384 205 518
824 169 1049 206 LITTERAE
1075 179 1430 212 QUADRIMESTRES

314 271 360 304 at
377 269 433 304 cu
448 264 563 303 lucri
579 264 801 314 spiritalis
821 264 1030 314 foenore,
1052 269 1095 303 et
1115 264 1224 304 boni
1241 264 1396 304 odoris
1412 264 1688 316 fragrantia,
1708 278 1846 316 quem
1867 267 1931 307 illi

314 334 370 373 de
390 334 522 374 nobis
542 340 786 385 gratanter
808 340 1089 385 coceperunt
1114 333 1138 374 ¹.

392 404 482 445 Sed
502 405 845 456 praestantiora
872 406 1009 456 longe
1037 404 1188 444 Patris
1214 405 1490 456 Hieronymi
1516 405 1775 446 indefessus
1805 407 1936 447 labor

314 475 611 526 studiosaque
633 476 862 515 industria
883 476 1018 515 nobis
1039 476 1264 526 suggerit.
1289 475 1379 515 Hic
1399 476 1536 516 tertio
1558 477 1631 516 die
1653 477 1710 516 ab
1733 477 1936 517 aduentu

311 558 410 596 SUO,
435 545 679 586 Natiuitati
701 546 913 597 Virginis
935 557 1086 595 sacro,
1110 546 1329 597 Episcopi
1351 547 1572 598 impulsu,
1601 547 1831 598 frequenti
1859 560 1935 587 au—

311 617 465 657 ditoru
487 618 818 657 circumstante
841 623 1045 665 caterua,
1071 605 1342 656 concionem
1367 617 1548 668 habuit,
1577 618 1677 669 ipso
1705 619 1936 669 Episcopo

310 695 569 739 praesente,
596 688 849 739 auidasque
867 688 1117 739 praebente
1134 699 1286 738 aures,
1306 688 1353 728 in
1369 699 1491 739 pago
1507 689 1806 739 Beauregard
1825 701 1935 730 nun-

311 765 493 809 cupato.
534 758 846 810 Proximoque
882 759 955 798 die
990 758 1221 798 dominico
1257 759 1379 798 intra
1414 765 1631 799 octauam
1669 759 1937 800 Natiuitatis

310 828 581 879 virgineae,
611 830 657 869 in
688 831 834 869 altero
870 840 992 880 pago
1020 829 1175 868 vicino
1207 829 1480 869 cocionatus
1510 836 1578 869 est
1608 830 1788 870 iterum.
1827 830 1937 870 Mox

311 899 452 940 R.d1⁵S'·
476 901 736 950 Episcopus
756 907 1004 951 utrumque
1026 899 1039 917 ‘³
1064 899 1122 939 ad
1143 900 1402 940 visitandos
1423 901 1650 949 infirmos,
1676 901 1933 941 incarcera-

309 976 395 1021 tos,
419 978 463 1011 et
482 983 713 1022 pauperes
734 983 815 1022 per
842 981 989 1022 pagos
1018 970 1328 1010 circuuicinos
1355 971 1554 1021 legauit:
1583 972 1747 1024 quibus
1776 972 1936 1012 decem

310 1042 439 1082 dieru
473 1042 686 1093 periodo,
724 1041 1098 1082 exhortationem
1131 1042 1592 1094 consolationemque
1627 1043 1880 1083 salutarem
1912 1056 1935 1083 e

310 1113 566 1152 visceribus
594 1113 836 1153 charitatis
864 1111 1155 1162 effundendo,
1194 1118 1251 1161 et,
1285 1113 1593 1164 eleemosynis
1622 1114 1679 1153 ab
1707 1114 1937 1165 Episcopo

309 1183 687 1235 subministratis,
711 1183 981 1224 necessitati
1002 1194 1165 1222 eorum
1185 1183 1516 1234 subueniendo‚
1542 1185 1709 1225 animis
1736 1185 1937 1236 corpori-

309 1254 485 1306 busque
509 1266 700 1305 operam
720 1254 1063 1305 impenderunt.

389 1325 497 1365 Post
531 1326 662 1376 haec,
699 1326 969 1367 imminente
1003 1331 1198 1367 sacroru
1234 1325 1400 1366 ordini]
1430 1326 1691 1376 collatione,
1725 1332 1936 1378 uterque,

307 1397 529 1448 Episcopi
549 1397 675 1437 iussu
697 1398 756 1438 ad
778 1398 940 1438 urbem
956 1398 1340 1439 Clarmontanam
1357 1397 1709 1450 proficiscentiS,
1735 1397 1938 1437 accessit

308 1468 466 1508 vicina
488 1469 715 1509 coenobii]
736 1469 839 1509 frm.
864 1469 1128 1519 Minimoi·u‚
1153 1482 1259 1510 cum
1281 1481 1461 1510 summa
1483 1469 1771 1508 humanitate
1799 1480 1825 1507 a
1855 1467 1936 1507 Pa-

307 1544 378 1578 tre
400 1538 647 1579 Minimoru
670 1546 909 1591 exceptus:
928 1540 1036 1580 hinc
1059 1541 1117 1581 ad
1134 1552 1309 1592 pagum
1326 1540 1535 1590 finitimu,
1556 1539 1847 1579 sacerdotem
1861 1550 1935 1589 ge-

307 1610 419 1649 mini
440 1610 676 1650 homicidii
697 1616 779 1651 reu
800 1612 1058 1651 moniturus
1081 1612 1284 1663 captiuu,
1309 1611 1510 1651 deflexit.

387 1680 615 1732 Tempore
636 1686 830 1721 sacroru
857 1682 1022 1722 ordini]
1053 1682 1194 1722 Rfliss·
1217 1683 1453 1734 Episcopi]
1480 1681 1715 1721 subsecuti
1737 1686 1845 1720 sunt
1877 1680 1937 1720 ad

306 1751 543 1791 ciuitatem
566 1751 948 1792 Clarmontanam
970 1753 1027 1793 ab
1050 1754 1306 1805 eodemque
1337 1752 1467 1792 missi
1500 1752 1559 1792 ad
1585 1751 1694 1791 fres.
1724 1750 1934 1791 Domini-

306 1834 463 1871 canos,
489 1822 611 1873 apud
632 1835 747 1874 quos
768 1824 969 1874 benigne
991 1825 1188 1875 excepti,
1213 1823 1393 1863 duabus
1414 1823 1630 1863 noctibus
1652 1822 1821 1862 ibidem
1845 1833 1938 1861 mo-

305 1893 395 1932 rati
415 1900 537 1933 sunt:
560 1894 667 1933 hinc
689 1894 748 1934 ad
769 1894 939 1934 fratres
961 1906 1016 1934 ac
1039 1894 1297 1934 Monachos
1318 1893 1661 1941 Benedictinos,
1682 1892 1804 1944 apud
1823 1904 1939 1944 quos

305 1964 496 2003 totidem
518 1972 671 2004 tresue
693 1971 855 2004 noctes
876 1965 1173 2016 quieuerunt,
1204 1965 1449 2016 utrobique
1477 1964 1636 2015 templi
1663 1975 1718 2003 ac
1746 1974 1937 2003 mensae

305 2035 539 2074 consortio
562 2035 896 2076 humanissime
926 2037 1156 2076 honorati.
1186 2036 1356 2076 Postea
1382 2041 1576 2086 uterque
1604 2034 1938 2074 Nosocomium

305 2116 387 2145 seu
415 2106 772 2156 xenodochium,
810 2105 952 2146 R.diSS·
976 2107 1197 2158 Episcopi
1227 2118 1382 2156 suasu,
1421 2105 1547 2156 adiit,
1585 2105 1709 2156 quod
1740 2105 1787 2144 in
1826 2105 1938 2144 urbe

305 2176 648 2217 Clarmontensi
669 2177 807 2217 situm
829 2184 912 2228 est,
939 2177 1149 2218 infirmos
1170 2178 1512 2217 consolaturus.
1539 2175 1601 2216 At
1623 2188 1650 2215 a
1670 2175 1791 2215 Dno.
1815 2175 1932 2216 Can-

306 2247 495 2287 cellario
518 2247 659 2287 RssflSS·
682 2248 917 2300 Episcopi,
942 2248 1220 2300 qui'praeest
1238 2248 1492 2288 redditibus
1509 2247 1788 2287 xenodochii
1806 2247 1936 2287 mini-

305 2319 524 2367 strandis,
550 2319 669 2358 mira
691 2331 746 2359 ac
768 2331 891 2359 noua
913 2319 1204 2359 humanitate
1226 2319 1411 2370 excepti
1436 2319 1588 2358 ambo.

386 2388 626 2429 Postremo
649 2389 786 2430 demi]
807 2390 894 2441 die,
919 2401 1008 2441 quo
1030 2390 1330 2430 Claromonte
1351 2389 1533 2429 rediere
1555 2388 1614 2428 ad
1639 2387 1812 2428 Arcem
1832 2388 1935 2439 Epi-

305 2460 438 2511 scopi
468 2460 772 2511 Beauregard
803 2466 1109 2512 nucupatam,
1143 2460 1191 2500 P.
1223 2460 1539 2511 Hieronymus
1565 2459 1612 2499 in
1642 2459 1935 2498 xenodochio

306 2530 540 2570 sacrificiu
572 2531 742 2571 Missae
771 2532 954 2582 obtulit,
986 2538 1030 2571 et
1058 2532 1299 2571 cocionem
1329 2531 1388 2571 ad
1421 2530 1630 2570 infirmos
1656 2536 1700 2569 et
1728 2535 1936 2570 astantes

307 2601 544 2641 auditores
572 2602 746 2641 habuit.
784 2601 1019 2642 Reuersus
1054 2602 1114 2642 ad
1148 2601 1321 2642 Arcem
1347 2601 1567 2652 Episcopi
1595 2605 1652 2640 cu
1677 2600 1746 2640 fre
1775 2607 1936 2640 nostro

307 2671 515 2722 Morelio,
538 2684 648 2712 mox
669 2684 695 2712 a
717 2672 859 2712 R.d1⁵S·
883 2673 1004 2712 Dno.
1029 2673 1278 2713 remittitur
1305 2672 1365 2712 ad
1386 2672 1621 2712 ciuitatem
1643 2671 1935 2712 Clarmonta-

308 2755 431 2793 nam,
455 2750 503 2782 ut
524 2743 717 2783 infirmis
739 2744 1020 2783 xenodochii
1042 2749 1151 2795 spus
1172 2750 1217 2783 et
1238 2743 1448 2794 corporis
1469 2742 1588 2782 ferat
1610 2742 1847 2793 suppetias
1865 2754 1935 2781 sa-

362 2877 370 2897 ¹
413 2878 504 2910 Quae
521 2886 539 2904 a
554 2880 693 2905 vocibus
710 2878 860 2905 Praeter
873 2878 990 2904 divini
1010 2878 1181 2912 hucusque
1198 2878 1424 2909 continentur,
1440 2878 1528 2904 linea
1543 2877 1749 2911 superducta
1768 2878 1933 2904 cancella-

309 2926 360 2952 vit
376 2925 551 2958 Polancus,
568 2934 607 2952 ne
624 2926 709 2953 forte
725 2934 809 2960 quae
826 2926 866 2952 iis
882 2930 1067 2952 narrantur
1081 2926 1114 2952 in
1131 2925 1320 2959 exemplum
1335 2925 1533 2952 transirent.

363 2971 377 2991 2
415 2972 555 3006 Le-Bas,
572 2974 713 3005 scilicet,
730 2978 762 3000 et
778 2973 891 3000 Morel.
