2080 3392
338 158 402 195 104
846 158 1071 195 LITTERAE
1099 168 1457 200 QUADRMESTRES

333 255 629 306 promiscuae
649 254 774 294 vitae
797 265 878 293 seu
900 253 1061 293 variae
1086 253 1393 304 professionis
1423 254 1685 294 hominibus
1708 254 1966 294 accedenti-

333 326 420 365 bus
441 325 688 365 ministrat.
711 324 922 365 Infirmos
952 335 1007 363 ac
1028 323 1332 363 moribundos
1353 323 1634 375 frequentat,
1665 324 1830 375 quibus
1861 336 1966 364 con-

334 396 550 436 fessionis
572 408 626 436 ac
648 395 869 446 spiritalis
891 395 1224 434 consolationis
1241 394 1409 434 author
1430 399 1513 444 est,
1537 406 1826 446 quorumque
1861 407 1965 435 con-

335 467 562 507 fessiones
579 466 730 515 audit,
754 465 843 504 nisi
863 464 1068 505 secunda
1091 465 1167 505 illa
1189 470 1293 516 post
1310 464 1610 515 naufragium
1631 465 1789 505 tabula
1805 477 1966 517 pecca-

336 544 488 577 torum
517 542 842 588 tempestatem
862 536 1118 576 incolumes
1154 536 1391 575 evaserint
1420 542 1499 575 aut
1530 536 1577 575 in
1599 536 1789 576 alterius
1816 536 1969 576 sinum

336 608 653 648 conscientiae
677 619 788 646 suae
810 618 953 646 onera
976 607 1209 658 deponere
1231 607 1407 646 malint.

415 678 504 718 Sed
521 690 577 718 ne
595 678 853 729 promissae
869 678 1113 717 brevitatis
1130 678 1297 717 limites
1316 677 1591 728 spiritalium
1609 677 1968 728 occupationum

335 749 573 789 enarratio
596 754 838 799 excurrat,
859 749 918 788 ad
937 748 1248 799 negotiorum,
1273 748 1508 799 privilegii
1535 747 1849 799 consequendi
1878 754 1969 788 stu-

336 820 461 859 dium
484 826 526 859 et
549 819 743 870 Collegii
765 819 1046 858 erectionem
1074 819 1398 870 spectantium,
1423 818 1783 869 explicationem
1804 830 1966 870 prope-

337 903 508 940 ramus,
547 902 686 942 quam
725 890 856 929 brevi
891 889 1107 929 methodo
1142 901 1485 941 percurremus.
1523 889 1719 939 Collegii
1754 889 1967 939 erigendi

336 962 622 1011 facultatem,
646 962 738 1000 iam
760 967 866 1000 ante
893 961 1129 1000 biennium
1156 960 1266 1010 fere,
1299 972 1325 999 a
1357 960 1485 1011 Rege
1516 959 1913 1000 Christianissimo
1941 960 1964 1011 ¹,

337 1032 733 1073 Reverendissimi
772 1031 1035 1071 Cardinalis
1074 1031 1353 1081 Lotharingi
1387 1030 1400 1048 ‘²
1427 1031 1711 1082 patrocinio,
1748 1030 1971 1071 Societati

336 1115 625 1153 concessam,
646 1104 693 1142 in
718 1103 976 1142 Academia
997 1102 1265 1152 Parisiensi,
1288 1101 1486 1142 Senatus
1508 1101 1786 1142 Parisiensis
1807 1101 1968 1141 suffra-

337 1175 465 1225 gium
481 1175 679 1214 necdum
696 1173 1005 1223 confirmavit,
1025 1173 1200 1224 negotii
1218 1184 1462 1212 successus
1485 1173 1728 1224 aliquoties
1750 1172 1877 1212 facto
1899 1184 1974 1223 pe-

338 1247 484 1286 riculo
507 1257 672 1297 parum
698 1245 831 1284 nobis
862 1250 1108 1284 annuente.
1142 1243 1286 1295 Atqui
1312 1243 1434 1283 R.0¹¹18
1456 1243 1593 1283 Pater
1624 1250 1799 1293 noster,
1827 1243 1977 1283 divini

337 1317 560 1369 praesidii
593 1323 636 1356 et
667 1316 926 1355 amicorum
952 1315 1121 1354 fiducia
1150 1315 1311 1364 fretus,
1342 1315 1518 1365 negotii
1552 1314 1802 1354 admodum
1835 1314 1971 1354 ardui

339 1389 415 1429 diu
438 1394 647 1439 optatum
670 1387 807 1426 finem
827 1386 983 1426 facere
1006 1386 1220 1437 proximo
1246 1385 1389 1436 Regis
1411 1386 1615 1425 adventu
1646 1386 1873 1425 sollicitus
1903 1397 1972 1425 sa-

338 1466 487 1509 taget,
528 1459 665 1509 idque
700 1458 818 1497 Rmi.
857 1457 1120 1497 Cardinalis
1158 1458 1303 1497 altera
1339 1457 1672 1496 intercessione
1712 1457 1969 1507 efflagitata

339 1531 492 1582 (quem
530 1542 620 1570 una
657 1541 763 1569 cum
796 1528 924 1579 Rege
962 1527 1232 1579 propediem
1259 1528 1334 1567 hic
1363 1529 1731 1579 praestolamur)
1750 1559 1757 1576 ‚
1797 1534 1974 1579 utpote,

339 1601 728 1654 quemadmodum
751 1611 799 1639 se
816 1599 1064 1640 Societatis
1083 1605 1400 1650 protectorem
1416 1599 1672 1650 professus,
1692 1599 1934 1649 Privilegii
1949 1610 1976 1638 a

339 1673 467 1723 Rege
499 1671 733 1722 impetrati
758 1677 863 1722 post
892 1670 1043 1710 Deum
1071 1671 1206 1710 nobis
1235 1670 1402 1710 author
1437 1670 1663 1720 extiterit,
1698 1670 1761 1710 ita
1792 1681 1977 1721 quoque

340 1745 488 1783 altera
509 1743 612 1782 vice
638 1741 918 1793 persuadeat
939 1741 1056 1791 Regi
1078 1747 1126 1780 ut
1151 1740 1373 1781 Senatum
1396 1741 1442 1780 in
1464 1740 1704 1791 Privilegii
1735 1740 1980 1782 confirma.

340 1815 512 1854 tionem
530 1814 757 1853 inducere
775 1819 818 1852 et
833 1812 1079 1852 Societatis
1097 1812 1441 1863 promotionem
1457 1812 1516 1851 ad
1533 1811 1780 1863 Evangelii
1801 1811 1981 1851 uberio-

340 1897 440 1926 rem
461 1885 667 1924 fructum
690 1883 974 1935 persuadere
994 1883 1227 1933 dignetur,
1249 1883 1307 1922 ad
1324 1883 1427 1922 Iesu
1444 1882 1636 1933 Christi,
1659 1883 1825 1922 summi
1841 1882 1984 1933 Regis

342 1969 397 1996 ac
431 1955 733 2004 Monarchae,
766 1954 1024 2005 gloriosum
1053 1965 1221 1993 nomen
1253 1954 1635 2004 propagandum.
1666 1953 1804 1993 Faxit
1825 1952 1986 1993 divina

341 2027 549 2079 potentia
570 2032 618 2065 ut
640 2037 756 2076 opus
784 2025 906 2064 istud
934 2024 1135 2075 grande,
1162 2037 1187 2064 a
1209 2024 1347 2064 Patre
1369 2025 1581 2075 Baptista
1612 2036 1834 2075 prospere
1867 2023 1979 2063 huc-

342 2110 485 2149 usque
508 2097 797 2148 perductum,
819 2095 970 2135 Patris
988 2095 1229 2135 Paschasii
1248 2107 1390 2146 opera
1406 2095 1672 2135 felicissime
1690 2094 1978 2146 perficiatur,

342 2169 475 2209 cuius
495 2168 596 2219 pios
624 2172 819 2206 conatus
847 2165 968 2205 Rffflss
993 2165 1125 2206 Pat.is
1148 2172 1254 2205 tuae
1275 2165 1459 2206 Sanctis
1481 2166 1772 2205 orationibus
1794 2177 1984 2216 promo-

348 2239 527 2279 vendos
549 2249 806 2289 speramus.

425 2307 866 2349 Reverendissimus
889 2306 1117 2347 Dominus
1139 2307 1399 2358 Episcopus
1420 2306 1825 2347 Claramontensis
1855 2305 1883 2357 ⁵,
1908 2305 1985 2346 So-

350 2380 533 2421 cietatis
555 2385 744 2419 nostrae
766 2384 1005 2430 patronus,
1028 2378 1215 2417 domum
1232 2377 1535 2417 habitationis
1551 2384 1760 2426 nostrae,
1778 2377 1985 2428 gratuita

351 2452 495 2502 ipsius
514 2450 816 2491 concessione
833 2448 967 2488 nobis
983 2449 1276 2499 permissam.
1294 2449 1451 2499 elapso
1466 2460 1623 2488 mense
1642 2449 1882 2499 ingressus
1901 2453 1983 2488 est:

348 2528 510 2562 nostro
535 2521 782 2572 colloquio,
806 2519 943 2559 Patre
979 2519 1184 2569 absente,
1217 2519 1507 2559 familiariter
1535 2519 1815 2559 delectatus:
1848 2530 1988 2570 quam

349 2593 486 2633 nobis
504 2593 626 2632 dono
644 2591 932 2643 promittere,
952 2590 1112 2629 habita
1128 2590 1321 2640 Collegii
1339 2590 1549 2640 erigendi
1564 2595 1793 2641 potestate
1809 2590 1865 2628 ab
1885 2590 1985 2640 ipso
2021 2591 2024 2595 ’

354 2663 542 2713 Senatu,
568 2667 857 2714 perseverat,
884 2667 928 2701 et
950 2660 1178 2700 Dominae
1203 2655 1682 2712 Margaretae,'Regis
1709 2660 1859 2700 sorori
1880 2672 1986 2711 pru-

408 2826 415 2845 ¹
459 2825 625 2851 chricus
641 2824 682 2850 ΙΙ.

405 2873 418 2891 ‘2
457 2872 598 2899 Carolus
622 2872 661 2898 de
684 2871 805 2903 Guisa,
831 2870 999 2898 Guisanus
1024 2869 1233 2900 CardinaliS,
1256 2869 1313 2895 sed
1335 2869 1377 2895 ab
1399 2876 1485 2895 anno
1510 2869 1577 2895 1550
1598 2868 1843 2903 Lotharingius
1866 2869 1990 2895 dictus.

358 2920 445 2946 Vide
461 2919 629 2951 POLANco,
648 2919 781 2951 Clzron„
799 2923 823 2945 t.
840 2925 873 2951 η,
889 2925 968 2951 pag.
984 2916 1027 2949 90,
1045 2921 1112 2942 not.
1130 2917 1153 2942 1.

407 2967 420 2985 ⁵
462 2966 662 2993 Guilielmus
679 2966 721 2992 du
736 2965 830 2992 Prat.
