2080 3392
819 211 902 248 AN.
934 211 1026 249 1553
1701 211 1750 248 89

104 307 473 349 contemnendus
494 307 732 359 profectus
753 321 760 349 :
795 309 1024 360 siquidem
1044 308 1276 358 nonnulli,
1308 307 1386 358 qui
1407 307 1747 358 reprehenden-

103 379 210 419 dam
231 379 278 419 in
301 378 519 430 coniugio
543 390 598 419 ac
620 379 761 419 etiam
783 379 830 419 in
853 380 1056 420 divortio
1074 379 1224 419 vitam
1243 377 1492 429 ducebant,
1512 377 1559 417 in
1575 378 1748 418 bonum

104 456 277 490 statum
304 450 529 490 divinitus
557 451 805 491 instaurati
836 462 938 491 sese
968 457 1266 502 receperunt.
1295 449 1392 490 Alii
1420 461 1447 489 a
1476 449 1749 489 concubinis

101 534 150 562 se
171 522 478 562 extricarunt.
501 520 646 562 Porro
670 522 886 562 mulieres
908 522 1141 574 quaedam
1169 534 1196 561 a
1224 520 1478 561 damnabili
1508 526 1635 560 statu
1665 532 1751 572 per

100 593 290 633 Domini
304 592 623 633 fortitudinem
640 599 945 644 emerserunt3
965 593 1086 633 inter
1102 604 1219 644 quas
1235 593 1315 632 uni
1332 591 1585 644 praecipue
1606 592 1741 643 (quae

102 664 417 705 meretriciam
437 665 631 705 vivebat
651 664 818 715 vitam)
847 676 932 716 per
955 664 1176 704 vitiorum
1206 664 1424 704 tenebras
1444 663 1657 714 vaganti,
1681 663 1751 702 sic

102 735 331 776 Dominus
352 735 518 786 illuxit,
550 743 599 776 ut
623 737 930 776 vehementer
951 736 1124 776 malum
1150 734 1261 775 illud
1291 746 1460 785 perosa
1492 746 1547 774 ac
1575 734 1751 774 abomi-

102 813 229 858 nata,
253 808 396 847 nollet
425 818 634 859 unquam
660 807 752 847 nisi
779 807 840 846 ad
859 806 972 847 illud
998 805 1262 846 deflendum
1294 818 1406 846 suae
1428 806 1682 846 memoriae
1703 806 1751 846 in

102 885 343 930 posterum
364 878 535 919 offerri.

183 949 513 990 Confessiones
547 950 689 990 etiam
724 962 809 1001 pro
847 949 1186 990 consuetudine
1219 949 1402 989 octavis
1430 955 1474 988 et
1501 949 1749 1000 quintisde-

102 1016 237 1056 cimis
259 1016 518 1067 quibusque
546 1016 711 1056 diebus
742 1027 968 1067 magnum
997 1016 1339 1056 incrementum
1369 1022 1676 1065 susceperunt
1706 1023 1753 1055 et

101 1086 148 1126 in
170 1086 269 1126 dies
290 1087 601 1138 augebuntur.
627 1087 873 1127 Concedat
893 1087 1028 1127 nobis
1045 1086 1280 1127 Dominus
1296 1086 1485 1126 fervore
1507 1085 1755 1126 charitatis

101 1158 319 1198 inundari
340 1159 525 1209 iugiter.
550 1158 718 1199 Amen.

182 1228 378 1281 Insuper
400 1226 810 1270 xenodochiorum
836 1236 881 1270 et
901 1229 1222 1270 custodiarum
1244 1231 1471 1270 exercitia
1492 1242 1586 1270 non
1614 1230 1750 1270 inter-

101 1301 366 1351 mittuntur,
383 1301 590 1352 quinimo
608 1301 745 1342 modo
762 1307 878 1341 nata
897 1303 1143 1341 voluntate
1160 1301 1496 1352 suscipiuntur,
1516 1308 1559 1341 et
1578 1312 1751 1352 cogno·

102 1373 249 1413 scitur
265 1384 563 1424 nequaquam
580 1373 713 1424 perdi
731 1385 925 1425 operam
940 1385 947 1424 ;
967 1373 1106 1425 idque
1125 1373 1241 1413 satis
1258 1373 1535 1424 intelligitur
1553 1386 1612 1413 ex
1629 1385 1749 1413 com-

100 1445 238 1485 modo
260 1445 384 1496 quod
406 1445 496 1485 illis
517 1445 709 1485 advenit
732 1445 978 1485 animabus
1005 1446 1131 1485 haud
1159 1445 1362 1496 vulgari,
1396 1456 1507 1484 nam
1535 1444 1594 1484 ad
1622 1445 1750 1485 vitae

99 1516 364 1567 diriguntur
383 1516 774 1566 emendationem,
795 1523 839 1557 et
857 1517 1008 1557 morbi
1024 1517 1215 1567 donum,
1237 1517 1362 1568 quod
1379 1529 1406 1556 a
1424 1515 1627 1556 Domino
1646 1528 1748 1567 per-

99 1588 290 1640 cipiunt,
310 1596 449 1639 grata
472 1595 625 1629 mente
640 1590 1002 1641 amplectuntur.

177 1659 337 1711 Aliqui
359 1661 500 1700 etiam
521 1672 580 1700 ex
602 1661 777 1712 ignotis
797 1659 805 1679 ¹
825 1661 1094 1701 invisuntur
1111 1660 1238 1700 domi
1255 1672 1383 1710 suae,
1403 1660 1481 1711 qui
1499 1671 1601 1699 sese
1619 1656 1746 1699 com-

97 1731 335 1771 mittentes
366 1732 599 1772 voluntati
620 1732 833 1783 Domini,
867 1732 931 1771 nil
953 1731 1079 1772 aliud
1101 1738 1319 1771 asserunt
1342 1743 1391 1771 se
1414 1731 1533 1770 velle
1555 1736 1748 1782 praeter

98 1801 252 1842 Patris
273 1803 423 1843 nostri
483 1803 824 1855 praesentiam,
849 1810 898 1844 ut
914 1803 1033 1843 hora
1063 1802 1230 1843 mortis
1258 1803 1581 1843 consolatione
1609 1802 1666 1842 ab
1695 1814 1749 1841 eo

98 1880 294 1925 accepta
320 1873 651 1915 refocillentur.
678 1874 880 1926 Magnus
903 1875 1027 1915 enim
1053 1880 1124 1914 est
1155 1886 1303 1925 amor,
1328 1886 1419 1925 quo
1450 1873 1660 1925 diligitur
1689 1874 1750 1914 ab

104 1945 334 1985 omnibus.

180 2016 262 2056 Est
282 2023 529 2068 praeterea
550 2018 597 2058 in
614 2018 702 2058 hoc
721 2018 892 2069 oppido
910 2018 1224 2057 litteratorum
1242 2017 1289 2057 in
1306 2017 1520 2057 omnibus
1539 2017 1746 2056 scientiis

99 2088 284 2139 insigne
313 2089 562 2140 collegium
591 2088 618 2127 ³.
649 2089 823 2130 Rector
860 2101 915 2129 ac
947 2089 1025 2129 alii
1052 2090 1264 2129 nonnulli
1293 2089 1418 2129 domi
1452 2088 1749 2128 confitentur:

99 2172 158 2199 ex
198 2160 365 2212 quibus
400 2161 651 2212 theologus
692 2161 883 2213 quidam
920 2168 1192 2212 promotus,
1235 2160 1556 2212 superioribus
1587 2160 1750 2200 diebus

99 2232 327 2272 exercitia
355 2233 584 2284 poposcit,
615 2239 842 2284 expetens
873 2232 1049 2272 erudiri
1079 2233 1138 2272 ad
1167 2233 1407 2284 puriorem
1436 2231 1625 2271 Domini
1656 2232 1747 2271 cul-

98 2310 211 2342 tum.
237 2303 382 2343 Nobis
403 2310 560 2344 autem
581 2304 854 2344 domesticis
883 2304 1276 2356 occupationibus
1298 2303 1437 2343 valde
1463 2302 1751 2354 praepeditis

99 2380 143 2414 et
166 2381 331 2414 exorta
360 2374 514 2415 Patris
534 2375 804 2416 infirmitate
831 2388 925 2416 non
947 2381 1200 2427 potuerunt
1233 2375 1298 2414 illi
1326 2374 1548 2426 proponi;
1578 2373 1752 2413 missus

99 2452 257 2485 tamen
278 2445 363 2486 fuit
385 2446 444 2486 ad
464 2447 604 2487 aliam
625 2446 875 2487 Societatis
904 2447 1108 2498 domum,
1132 2454 1182 2486 ut
1211 2446 1433 2486 desiderii
1454 2456 1646 2496 compos
1674 2443 1747 2484 fie-

99 2524 184 2566 ret,
209 2517 301 2568 qui,
324 2516 528 2557 Domino
549 2518 768 2569 propitio,
794 2519 988 2558 uberem
1009 2518 1268 2570 reportabit
1290 2518 1552 2557 utilitatem.

178 2588 393 2628 Invisunt
419 2589 562 2629 etiam
589 2589 712 2630 hanc
741 2590 931 2630 domum
962 2590 1107 2641 aliqui
1133 2589 1367 2640 religiosi,
1409 2588 1487 2639 qui
1522 2587 1748 2628 exercitia

153 2748 161 2768 ¹
205 2748 271 2783 Sic;
288 2749 347 2776 sed
363 2748 496 2777 librarii
511 2749 671 2777 mendum
685 2753 737 2777 est
752 2758 813 2785 pro
829 2751 998 2784 aegrotis,
1015 2756 1052 2777 ut
1071 2755 1169 2785 patet
1183 2758 1223 2777 ex
1240 2749 1358 2776 italica
1372 2749 1530 2776 versione
1546 2749 1635 2776 infra
1646 2749 1751 2783 subji—

104 2797 236 2824 cienda.

152 2844 166 2863 2
204 2844 241 2871 P.
254 2844 402 2877 Joannes
418 2844 607 2879 Gonzalez,
624 2846 679 2880 qui
697 2846 844 2873 caeteris
859 2846 1057 2874 Vallisoleti
1073 2850 1248 2880 praeerat.

153 2892 167 2911 3
206 2891 396 2926 Collegium
411 2893 521 2928 majus
537 2893 580 2920 de
597 2893 707 2920 Semta
725 2893 824 2921 Cruz.
842 2894 926 2921 “Los
942 2894 1137 2929 Colegiales
1152 2894 1393 2928 posesionados
1409 2893 1528 2920 sueton
1543 2892 1587 2919 20:
1604 2892 1642 2918 de
1661 2893 1750 2918 ellos

99 2940 166 2967 seis
182 2941 346 2974 teOlogos,
362 2948 471 2968 nueve
489 2942 696 2976 canonistas,
720 2947 790 2969 tres
811 2942 960 2970 medicos
984 2951 1006 2978 y
1029 2943 1088 2970 dos
1104 2943 1330 2977 capellanes.„
1346 2942 1508 2968 Historia
1530 2942 1571 2968 de
1588 2941 1642 2967 las
1667 2940 1748 2966 Uni-

100 2989 323 3021 versz‘dczdes,
339 2988 526 3024 Colegz'osy
539 2990 663 3016 demtis
680 2990 1006 3018 establecz'mz‘entos
1020 2991 1063 3018 de
1084 2990 1302 3018 Ensenanza
1319 2998 1361 3016 en
1377 2989 1536 3023 Espanal
1552 2996 1612 3023 por
1630 2988 1669 3014 D.
1687 2986 1746 3014 Vr-

98 3042 204 3063 cssxrss
220 3043 266 3063 DE
286 3044 329 3063 LA
344 3036 491 3072 mere,
508 3042 531 3064 t.
545 3044 580 3072 11,
594 3044 674 3072 pag.
689 3038 734 3065 22.
