2080 3392
860 183 944 222 AN.
975 183 1068 222 1554
1721 183 1793 221 599

142 279 586 330 reprehensionibus
625 287 942 322 convocatam
980 281 1256 322 concionem
1294 281 1596 333 reprehendit
1616 314 1624 333 ,
1666 281 1793 333 quod

142 355 237 390 tam
266 352 406 402 pauci
440 353 626 393 illorum
662 365 716 394 eo
751 360 962 406 tempore
992 353 1224 406 (alioquin
1258 354 1582 404 sanctissimo)
1615 354 1791 406 dipplo-

141 428 266 462 mate
287 422 567 473 fruerentur;
594 425 712 465 adeo
735 431 937 466 ventura
959 432 1108 466 morte
1138 431 1277 478 atque
1300 425 1475 476 judicio
1504 437 1585 466 eos
1613 432 1791 478 perter-

141 493 247 545 ruit,
271 502 321 534 ut
342 507 401 535 ex
422 496 494 535 his
515 508 609 537 non
629 497 783 548 pauci,
806 504 1004 550 accepta
1020 504 1217 550 paterna
1236 498 1586 549 ammonitione,
1607 504 1790 538 senten—

141 565 256 606 tiam
291 568 518 608 mutarint
554 580 651 609 non
685 569 871 609 fruendi
908 569 1214 621 dipplomate‚
1251 581 1435 609 necnon
1471 569 1790 610 confessarios

142 638 343 679 adierint
370 646 419 679 ut
446 647 747 691 praesentem
772 641 1114 693 indulgentiam
1147 642 1465 692 lucrarentur3
1497 642 1576 682 alii
1604 641 1790 682 Patrem

140 709 332 750 domum
362 710 665 753 festinantem
695 713 1064 764 comitabantur,
1099 719 1148 753 ut
1180 714 1370 753 veniam
1402 725 1596 753 suorum
1626 725 1788 765 pecca-

141 787 311 832 torum,
350 782 561 823 adhibita
597 785 808 835 generali
845 785 1142 825 confessione
1163 818 1170 835 ,
1210 791 1623 837 consequerentur.
1662 785 1788 826 Idem

139 852 212 892 P.r
232 855 418 894 curavit
440 855 529 895 hoc
551 856 885 907 quadrimestri
902 862 951 896 ut
969 857 1223 896 nonnullae
1241 857 1462 896 mulieres
1479 868 1534 897 ac
1551 857 1658 908 viri,
1678 869 1787 908 quo-

139 936 243 965 rum
265 926 393 965 salus
414 927 619 967 maxime
641 927 1024 979 pereclitabatur,
1045 927 1091 967 in
1112 928 1364 979 pristinum
1386 933 1560 968 statum
1576 929 1786 969 restitue-

140 1002 318 1047 rentur,
342 1009 540 1048 quorum
572 999 691 1039 alius
726 999 890 1040 decem
920 1011 1071 1039 annos
1105 1011 1211 1039 cum
1243 999 1446 1050 quadam
1470 1000 1663 1040 muliere
1695 1005 1786 1040 tur-

138 1068 261 1119 piter
280 1069 482 1120 vixerat,
509 1071 628 1111 alius
658 1078 836 1123 septem
858 1083 951 1111 non
973 1071 1127 1111 minus
1156 1071 1401 1111 inhoneste
1429 1072 1577 1112 vitam
1607 1078 1786 1112 transe-

137 1146 289 1191 gerat,
314 1141 433 1181 alius
455 1153 538 1181 sex
560 1143 750 1183 veneris
778 1142 1011 1183 illecebris
1039 1154 1088 1182 se
1117 1148 1267 1182 totum
1298 1143 1584 1193 tradiderat;
1618 1155 1677 1183 ex
1714 1144 1788 1184 his

138 1211 230 1252 duo
268 1213 557 1253 matrimonii
590 1214 778 1255 vinculo
816 1226 866 1254 se
897 1214 1167 1265 alligarunt3
1206 1221 1472 1265 postremus
1507 1226 1622 1254 vero
1655 1214 1788 1266 jussu

99 1275 104 1281 ’
138 1282 231 1323 Rdi
271 1283 635 1337 Archiepiscopi
675 1286 917 1326 Valentini
958 1285 966 1304 ¹
1009 1286 1056 1326 in
1096 1286 1239 1325 aliam
1284 1286 1528 1336 regionem
1572 1287 1784 1327 secessit.

139 1355 314 1396 Omitto
338 1357 462 1396 enim
484 1359 629 1397 multa
649 1358 876 1408 divortia,
899 1358 1005 1398 lites
1022 1364 1161 1409 atque
1178 1357 1381 1409 injurgia
1400 1357 1528 1408 (sic),
1545 1369 1665 1408 quae
1684 1370 1786 1410 pas-

137 1427 227 1467 sim
248 1428 295 1467 in
312 1428 400 1467 hac
420 1429 533 1468 urbe
547 1429 829 1480 excitantur,
845 1441 965 1481 quae
986 1441 1129 1481 opera
1147 1435 1416 1469 nostrorum
1434 1428 1626 1469 Patrum
1643 1430 1787 1470 multa

136 1499 183 1538 in
196 1499 447 1550 pristinum
461 1501 588 1540 vitae
605 1512 755 1552 genus
773 1501 1098 1552 restituuntur,
1116 1508 1460 1552 componuntur
1478 1513 1533 1541 ac
1546 1501 1784 1553 sedantur;

136 1570 274 1621 quod,
299 1571 338 1611 si
360 1571 476 1611 haec
498 1572 685 1623 singula
706 1572 948 1623 sigillatim
979 1579 1136 1612 essent
1167 1572 1440 1623 scribenda,
1471 1573 1590 1613 haec
1620 1579 1785 1613 nostra

135 1641 332 1693 epistola
354 1645 476 1683 ultra
499 1643 688 1683 modum
711 1649 1022 1684 excresceret.
1052 1644 1170 1684 Illud
1199 1650 1356 1684 autem
1384 1645 1568 1684 silentio
1596 1656 1691 1684 non
1720 1644 1783 1684 in-

135 1714 344 1753 volvam:
377 1726 484 1754 curn
506 1715 697 1766 quidam
718 1715 838 1755 alius
867 1715 916 1756 P.
951 1727 1194 1756 carcerem
1221 1716 1417 1766 viseret,
1443 1727 1556 1755 casu
1577 1728 1627 1755 se
1657 1716 1784 1756 obtu-

135 1784 186 1824 lit
209 1785 400 1836 quidam
423 1786 470 1825 in
491 1787 693 1827 vinculis
715 1787 954 1838 alligatus,
979 1787 1056 1839 qui
1077 1799 1319 1839 nunquam
1342 1788 1389 1827 in
1410 1793 1507 1827 toto
1530 1799 1642 1827 suae
1659 1787 1786 1827 Vitae

132 1856 367 1896 curriculo
390 1857 679 1898 confessario
703 1858 902 1898 crimina
922 1864 1191 1910 aperuerat:
1209 1858 1390 1898 factum
1406 1865 1476 1899 est
1495 1859 1688 1899 tandem
1705 1859 1782 1899 ad-

132 1926 475 1968 hortationibus
493 1929 804 1969 nostriPatris
823 1936 870 1970 ut
888 1936 986 1970 tota
1004 1930 1128 1970 illius
1144 1930 1241 1969 vita
1259 1931 1470 1981 generali
1488 1930 1783 1970 confessione

131 1998 272 2039 fuerit
295 2006 532 2040 enarrata.
558 2000 893 2041 Confitentium
921 2013 1181 2041 concursus
1211 2007 1351 2053 atque
1384 2013 1571 2052 eorum,
1605 2001 1684 2053 qui
1713 2013 1783 2042 sa-

129 2081 261 2110 cram
281 2071 633 2112 Eucharistiam
655 2073 855 2124 singulis
877 2073 1041 2113 diebus
1059 2072 1321 2122 dominicis,
1341 2073 1474 2113 festis
1491 2085 1546 2113 ac
1561 2072 1782 2125 profestis

127 2140 441 2193 frequentant,
466 2149 625 2184 tantus
647 2152 732 2196 est,
757 2153 805 2186 ut
830 2145 913 2186 vix
934 2151 1135 2197 quatuor
1158 2157 1213 2185 ac
1237 2157 1378 2196 saepe
1401 2145 1605 2196 quinque
1627 2156 1780 2184 sacer·

129 2211 263 2252 dotes
283 2214 465 2264 possint
487 2215 527 2254 ei
548 2227 723 2267 magna
745 2229 803 2256 ex
824 2223 958 2268 parte
980 2216 1270 2267 satisfacere,
1294 2217 1360 2256 ita
1378 2222 1428 2255 ut
1445 2217 1577 2256 multi
1595 2216 1782 2256 illorum

134 2295 274 2335 saepe
296 2292 529 2335 cogantur
553 2287 644 2327 alio
668 2298 717 2327 se
736 2288 965 2328 conferre.

213 2354 346 2396 Nunc
364 2356 475 2396 illud
493 2366 707 2409 superest
724 2365 773 2399 ut
790 2365 1061 2400 nostrorum
1081 2359 1343 2399 studiorum
1364 2359 1596 2399 rationem
1614 2359 1778 2410 paucis

133 2427 400 2467 reddamus.
439 2428 509 2468 Ex
545 2429 631 2480 his,
665 2430 743 2481 qui
778 2430 1019 2470 litterariis
1051 2431 1216 2470 studiis
1249 2442 1299 2470 se
1327 2430 1535 2480 tradunt,
1573 2436 1778 2480 quatuor

134 2498 399 2549 theologiae
428 2500 724 2552 incumbunt,
754 2513 875 2542 unus
895 2501 1238 2554 philosophiae,
1262 2501 1354 2541 duo
1378 2501 1678 2541 dialecticae:
1709 2513 1776 2541 se-

130 2569 221 2608 mel
262 2569 308 2609 in
353 2569 650 2611 hebdomada
690 2573 737 2611 in
770 2578 933 2613 nostro
977 2573 1187 2624 Collegio
1224 2572 1454 2613 habentur
1490 2572 1776 2613 assertiones

132 2645 230 2680 tam
250 2639 526 2681 dialecticae
549 2648 593 2682 et
613 2642 954 2695 philosophiae,
977 2656 1118 2696 quam
1135 2644 1418 2695 theologiae:
1438 2655 1578 2695 saepe
1597 2656 1655 2684 ex
1673 2652 1789 2684 cae-=

128 2711 241 2750 teris
264 2711 578 2761 scholasticis,
603 2713 682 2764 qui
704 2714 896 2766 cupiunt
916 2715 964 2755 in
984 2727 1232 2755 numerum
1254 2715 1453 2755 aliorum
1473 2714 1675 2755 fratrum
1696 2727 1773 2755 an-

128 2783 382 2833 numerari,
407 2784 637 2824 accedunt
668 2785 728 2825 ad
751 2786 1190 2837 argumentandum.
1220 2786 1323 2826 Hac
1350 2786 1717 2838 quadragesima
1745 2798 1772 2826 a

126 2852 330 2903 quodam
347 2853 493 2894 fratre
511 2855 558 2894 in
575 2856 820 2896 academia
837 2856 1093 2897 Valentina
1109 2857 1255 2897 ferme
1272 2863 1370 2897 tota
1387 2856 1658 2897 Aristotelis
1675 2857 1768 2898 dia-

179 3011 190 3030 ¹
230 3011 262 3039 Is
278 3017 357 3040 tunc
373 3018 447 3041 erat
464 3013 496 3041 S.
514 3014 661 3042 Thomas
674 3022 695 3042 a
709 3015 909 3043 villanova.
