<?xml version="1.0" encoding="UTF-8"?>
<!DOCTYPE html PUBLIC "-//W3C//DTD XHTML 1.0 Transitional//EN"
    "http://www.w3.org/TR/xhtml1/DTD/xhtml1-transitional.dtd">
<html xmlns="http://www.w3.org/1999/xhtml" xml:lang="en" lang="en">
 <head>
  <title>
</title>
<meta http-equiv="Content-Type" content="text/html;charset=utf-8" />
  <meta name='ocr-system' content='tesseract 3.04.00' />
  <meta name='ocr-capabilities' content='ocr_page ocr_carea ocr_par ocr_line ocrx_word'/>
</head>
<body>
  <div class='ocr_page' id='page_1' title='image "./litteraequadrime14lain_0186.png"; bbox 0 0 2080 3392; ppageno 0'>
   <div class='ocr_carea' id='block_1_1' title="bbox 305 206 1421 248">
    <p class='ocr_par' dir='ltr' id='par_1_1' title="bbox 305 206 1421 248">
     <span class='ocr_line' id='line_1_1' title="bbox 305 206 1421 248; baseline -0.001 -4"><span class='ocrx_word' id='word_1_1' title='bbox 305 209 372 244; x_wconf 58' lang='lat'>182</span> <span class='ocrx_word' id='word_1_2' title='bbox 814 206 1037 242; x_wconf 76' lang='lat' dir='ltr'><strong>LITTERAE</strong></span> <span class='ocrx_word' id='word_1_3' title='bbox 1065 216 1421 248; x_wconf 77' lang='lat' dir='ltr'>QUADRIMESTRES</span> 
     </span>
    </p>
   </div>
   <div class='ocr_carea' id='block_1_2' title="bbox 300 302 1946 3055">
    <p class='ocr_par' dir='ltr' id='par_1_2' title="bbox 300 302 1941 2203">
     <span class='ocr_line' id='line_1_2' title="bbox 300 302 1931 355; baseline 0.001 -11"><span class='ocrx_word' id='word_1_4' title='bbox 300 305 524 355; x_wconf 74' lang='lat' dir='ltr'>piendam</span> <span class='ocrx_word' id='word_1_5' title='bbox 546 305 718 344; x_wconf 91' lang='lat' dir='ltr'>luctum</span> <span class='ocrx_word' id='word_1_6' title='bbox 741 309 785 342; x_wconf 84' lang='lat' dir='ltr'>ct</span> <span class='ocrx_word' id='word_1_7' title='bbox 805 302 849 341; x_wconf 93' lang='lat' dir='ltr'>in</span> <span class='ocrx_word' id='word_1_8' title='bbox 873 302 1059 341; x_wconf 86' lang='lat' dir='ltr'>miseria</span> <span class='ocrx_word' id='word_1_9' title='bbox 1082 302 1353 353; x_wconf 81' lang='lat' dir='ltr'>patientiam</span> <span class='ocrx_word' id='word_1_10' title='bbox 1376 303 1761 354; x_wconf 80' lang='lat' dir='ltr'><strong>amplectendam.</strong></span> <span class='ocrx_word' id='word_1_11' title='bbox 1787 305 1850 345; x_wconf 87' lang='lat' dir='ltr'>Et</span> <span class='ocrx_word' id='word_1_12' title='bbox 1879 309 1931 344; x_wconf 79' lang='lat' dir='ltr'>nt</span> 
     </span>
     <span class='ocr_line' id='line_1_3' title="bbox 304 373 1930 426; baseline 0 -11"><span class='ocrx_word' id='word_1_13' title='bbox 304 376 477 415; x_wconf 78' lang='lat' dir='ltr'>rectius</span> <span class='ocrx_word' id='word_1_14' title='bbox 497 386 573 414; x_wconf 81' lang='lat' dir='ltr'>eos</span> <span class='ocrx_word' id='word_1_15' title='bbox 595 374 786 413; x_wconf 78' lang='lat' dir='ltr'>dicendo</span> <span class='ocrx_word' id='word_1_16' title='bbox 808 377 963 412; x_wconf 80' lang='lat' dir='ltr'>teneat</span> <span class='ocrx_word' id='word_1_17' title='bbox 983 376 1026 412; x_wconf 88' lang='lat' dir='ltr'>et</span> <span class='ocrx_word' id='word_1_18' title='bbox 1046 377 1223 412; x_wconf 81' lang='lat' dir='ltr'>mentes</span> <span class='ocrx_word' id='word_1_19' title='bbox 1244 374 1305 412; x_wconf 87' lang='lat' dir='ltr'>ad</span> <span class='ocrx_word' id='word_1_20' title='bbox 1325 373 1502 413; x_wconf 77' lang='lat' dir='ltr'>coelam</span> <span class='ocrx_word' id='word_1_21' title='bbox 1529 374 1733 424; x_wconf 81' lang='lat' dir='ltr'>alliciat,</span> <span class='ocrx_word' id='word_1_22' title='bbox 1763 375 1930 426; x_wconf 89' lang='lat' dir='ltr'>impor-</span> 
     </span>
     <span class='ocr_line' id='line_1_4' title="bbox 304 444 1932 496; baseline -0.001 -9"><span class='ocrx_word' id='word_1_23' title='bbox 304 454 369 487; x_wconf 83' lang='lat' dir='ltr'>tat</span> <span class='ocrx_word' id='word_1_24' title='bbox 392 457 548 486; x_wconf 89' lang='lat' dir='ltr'>secum</span> <span class='ocrx_word' id='word_1_25' title='bbox 572 456 739 496; x_wconf 86' lang='lat' dir='ltr'>panem</span> <span class='ocrx_word' id='word_1_26' title='bbox 766 447 808 483; x_wconf 85' lang='lat' dir='ltr'>et</span> <span class='ocrx_word' id='word_1_27' title='bbox 830 444 1025 493; x_wconf 66' lang='lat' dir='ltr'>singulis</span> <span class='ocrx_word' id='word_1_28' title='bbox 1050 447 1240 494; x_wconf 84' lang='lat' dir='ltr'>partem</span> <span class='ocrx_word' id='word_1_29' title='bbox 1267 445 1508 494; x_wconf 86' lang='lat' dir='ltr'>elargitur.</span> <span class='ocrx_word' id='word_1_30' title='bbox 1537 444 1725 493; x_wconf 86' lang='lat' dir='ltr'>Cuncti,</span> <span class='ocrx_word' id='word_1_31' title='bbox 1759 445 1932 486; x_wconf 82' lang='lat' dir='ltr'>Christi</span> 
     </span>
     <span class='ocr_line' id='line_1_5' title="bbox 303 514 1931 567; baseline -0.002 -8"><span class='ocrx_word' id='word_1_32' title='bbox 303 521 406 560; x_wconf 86' lang='lat' dir='ltr'>Iesu</span> <span class='ocrx_word' id='word_1_33' title='bbox 426 516 736 567; x_wconf 72' lang='lat' dir='ltr'>benignitate,</span> <span class='ocrx_word' id='word_1_34' title='bbox 761 521 867 553; x_wconf 82' lang='lat' dir='ltr'>sunt</span> <span class='ocrx_word' id='word_1_35' title='bbox 895 514 1095 554; x_wconf 86' lang='lat' dir='ltr'>confessi</span> <span class='ocrx_word' id='word_1_36' title='bbox 1123 520 1167 554; x_wconf 89' lang='lat' dir='ltr'>et</span> <span class='ocrx_word' id='word_1_37' title='bbox 1197 516 1313 553; x_wconf 83' lang='lat' dir='ltr'>alter</span> <span class='ocrx_word' id='word_1_38' title='bbox 1343 515 1478 554; x_wconf 87' lang='lat' dir='ltr'>alteri</span> <span class='ocrx_word' id='word_1_39' title='bbox 1506 515 1792 556; x_wconf 79' lang='lat' dir='ltr'>condonavit</span> <span class='ocrx_word' id='word_1_40' title='bbox 1819 516 1931 556; x_wconf 88' lang='lat' dir='ltr'>iniu-</span> 
     </span>
     <span class='ocr_line' id='line_1_6' title="bbox 302 585 1932 638; baseline -0.001 -10"><span class='ocrx_word' id='word_1_41' title='bbox 302 590 398 629; x_wconf 87' lang='lat' dir='ltr'>rias</span> <span class='ocrx_word' id='word_1_42' title='bbox 420 593 654 638; x_wconf 83' lang='lat' dir='ltr'>acceptas.</span> <span class='ocrx_word' id='word_1_43' title='bbox 680 585 742 625; x_wconf 78' lang='lat' dir='ltr'>At</span> <span class='ocrx_word' id='word_1_44' title='bbox 763 597 877 624; x_wconf 84' lang='lat' dir='ltr'>vero</span> <span class='ocrx_word' id='word_1_45' title='bbox 899 596 1003 624; x_wconf 92' lang='lat' dir='ltr'>cum</span> <span class='ocrx_word' id='word_1_46' title='bbox 1025 586 1117 624; x_wconf 90' lang='lat' dir='ltr'>illic</span> <span class='ocrx_word' id='word_1_47' title='bbox 1138 585 1327 636; x_wconf 85' lang='lat' dir='ltr'>quidam</span> <span class='ocrx_word' id='word_1_48' title='bbox 1347 585 1682 636; x_wconf 75' lang='lat' dir='ltr'>custodiretur,</span> <span class='ocrx_word' id='word_1_49' title='bbox 1707 587 1785 638; x_wconf 88' lang='lat' dir='ltr'>qui</span> <span class='ocrx_word' id='word_1_50' title='bbox 1805 588 1932 627; x_wconf 91' lang='lat' dir='ltr'>nullo</span> 
     </span>
     <span class='ocr_line' id='line_1_7' title="bbox 303 655 1933 708; baseline -0.002 -9"><span class='ocrx_word' id='word_1_51' title='bbox 303 659 440 699; x_wconf 88' lang='lat' dir='ltr'>modo</span> <span class='ocrx_word' id='word_1_52' title='bbox 475 669 529 697; x_wconf 87' lang='lat' dir='ltr'>ac</span> <span class='ocrx_word' id='word_1_53' title='bbox 564 657 744 696; x_wconf 87' lang='lat' dir='ltr'>ratione</span> <span class='ocrx_word' id='word_1_54' title='bbox 780 656 951 707; x_wconf 84' lang='lat' dir='ltr'>impelli</span> <span class='ocrx_word' id='word_1_55' title='bbox 990 661 1173 706; x_wconf 87' lang='lat' dir='ltr'>poterat</span> <span class='ocrx_word' id='word_1_56' title='bbox 1212 661 1261 695; x_wconf 91' lang='lat' dir='ltr'>ut</span> <span class='ocrx_word' id='word_1_57' title='bbox 1296 655 1495 695; x_wconf 88' lang='lat' dir='ltr'>inimicis</span> <span class='ocrx_word' id='word_1_58' title='bbox 1528 661 1749 707; x_wconf 82' lang='lat' dir='ltr'>parceret</span> <span class='ocrx_word' id='word_1_59' title='bbox 1789 668 1933 708; x_wconf 80' lang='lat' dir='ltr'>neque</span> 
     </span>
     <span class='ocr_line' id='line_1_8' title="bbox 302 727 1934 779; baseline -0.001 -10"><span class='ocrx_word' id='word_1_60' title='bbox 302 731 443 770; x_wconf 79' lang='lat' dir='ltr'>etiam</span> <span class='ocrx_word' id='word_1_61' title='bbox 464 728 701 768; x_wconf 73' lang='lat' dir='ltr'>sociorum</span> <span class='ocrx_word' id='word_1_62' title='bbox 722 727 954 778; x_wconf 67' lang='lat' dir='ltr'>exemplis</span> <span class='ocrx_word' id='word_1_63' title='bbox 983 727 1387 777; x_wconf 75' lang='lat' dir='ltr'>commovebatur,</span> <span class='ocrx_word' id='word_1_64' title='bbox 1415 727 1498 778; x_wconf 80' lang='lat' dir='ltr'>qni</span> <span class='ocrx_word' id='word_1_65' title='bbox 1521 728 1728 768; x_wconf 80' lang='lat' dir='ltr'>aiebant:</span> <span class='ocrx_word' id='word_1_66' title='bbox 1758 729 1934 779; x_wconf 73' lang='lat' dir='ltr'>“Igno-</span> 
     </span>
     <span class='ocr_line' id='line_1_9' title="bbox 303 798 1941 852; baseline -0.001 -11"><span class='ocrx_word' id='word_1_67' title='bbox 303 813 395 847; x_wconf 69' lang='lat' dir='ltr'>sce,</span> <span class='ocrx_word' id='word_1_68' title='bbox 416 799 889 849; x_wconf 68' lang='lat' dir='ltr'>charissimefrater,</span> <span class='ocrx_word' id='word_1_69' title='bbox 911 802 962 837; x_wconf 75' lang='lat' dir='ltr'>tn</span> <span class='ocrx_word' id='word_1_70' title='bbox 984 798 1124 837; x_wconf 69' lang='lat' dir='ltr'>etiam</span> <span class='ocrx_word' id='word_1_71' title='bbox 1146 802 1196 837; x_wconf 80' lang='lat' dir='ltr'>nt</span> <span class='ocrx_word' id='word_1_72' title='bbox 1220 809 1308 837; x_wconf 85' lang='lat' dir='ltr'>nos</span> <span class='ocrx_word' id='word_1_73' title='bbox 1329 798 1573 849; x_wconf 50' lang='lat' dir='ltr'>egimusffl·</span> <span class='ocrx_word' id='word_1_74' title='bbox 1593 803 1644 838; x_wconf 89' lang='lat' dir='ltr'>at</span> <span class='ocrx_word' id='word_1_75' title='bbox 1664 799 1742 839; x_wconf 84' lang='lat' dir='ltr'>ille</span> <span class='ocrx_word' id='word_1_76' title='bbox 1762 800 1811 839; x_wconf 83' lang='lat' dir='ltr'>id</span> <span class='ocrx_word' id='word_1_77' title='bbox 1820 800 1941 852; x_wconf 79' lang='lat' dir='ltr'>fieri</span> 
     </span>
     <span class='ocr_line' id='line_1_10' title="bbox 303 868 1936 923; baseline 0 -12"><span class='ocrx_word' id='word_1_78' title='bbox 303 883 397 911; x_wconf 82' lang='lat' dir='ltr'>nan</span> <span class='ocrx_word' id='word_1_79' title='bbox 412 877 557 923; x_wconf 87' lang='lat' dir='ltr'>posse</span> <span class='ocrx_word' id='word_1_80' title='bbox 577 874 621 910; x_wconf 85' lang='lat' dir='ltr'>et</span> <span class='ocrx_word' id='word_1_81' title='bbox 635 875 848 921; x_wconf 76' lang='lat' dir='ltr'>prorsus</span> <span class='ocrx_word' id='word_1_82' title='bbox 870 868 1154 908; x_wconf 71' lang='lat' dir='ltr'>deliberasse</span> <span class='ocrx_word' id='word_1_83' title='bbox 1175 868 1486 908; x_wconf 64' lang='lat' dir='ltr'>ac&#39;lversarios</span> <span class='ocrx_word' id='word_1_84' title='bbox 1518 869 1702 920; x_wconf 71' lang='lat' dir='ltr'>alcisci,</span> <span class='ocrx_word' id='word_1_85' title='bbox 1724 876 1819 910; x_wconf 92' lang='lat' dir='ltr'>tum</span> <span class='ocrx_word' id='word_1_86' title='bbox 1842 871 1936 922; x_wconf 84' lang='lat' dir='ltr'>qui-</span> 
     </span>
     <span class='ocr_line' id='line_1_11' title="bbox 303 940 1937 991; baseline -0.001 -8"><span class='ocrx_word' id='word_1_87' title='bbox 303 944 411 983; x_wconf 90' lang='lat' dir='ltr'>dam</span> <span class='ocrx_word' id='word_1_88' title='bbox 432 943 571 982; x_wconf 82' lang='lat' dir='ltr'>Pater</span> <span class='ocrx_word' id='word_1_89' title='bbox 591 954 649 981; x_wconf 83' lang='lat' dir='ltr'>ex</span> <span class='ocrx_word' id='word_1_90' title='bbox 670 940 844 981; x_wconf 86' lang='lat' dir='ltr'>nostris</span> <span class='ocrx_word' id='word_1_91' title='bbox 865 940 923 979; x_wconf 87' lang='lat' dir='ltr'>ad</span> <span class='ocrx_word' id='word_1_92' title='bbox 945 940 1042 979; x_wconf 91' lang='lat' dir='ltr'>eius</span> <span class='ocrx_word' id='word_1_93' title='bbox 1063 940 1204 991; x_wconf 89' lang='lat' dir='ltr'>pedes</span> <span class='ocrx_word' id='word_1_94' title='bbox 1227 951 1274 979; x_wconf 91' lang='lat' dir='ltr'>se</span> <span class='ocrx_word' id='word_1_95' title='bbox 1297 941 1568 991; x_wconf 83' lang='lat' dir='ltr'>prostravit,</span> <span class='ocrx_word' id='word_1_96' title='bbox 1594 953 1648 980; x_wconf 91' lang='lat' dir='ltr'>ac</span> <span class='ocrx_word' id='word_1_97' title='bbox 1669 941 1937 982; x_wconf 87' lang='lat' dir='ltr'>vehementi</span> 
     </span>
     <span class='ocr_line' id='line_1_12' title="bbox 304 1011 1937 1066; baseline -0.001 -11"><span class='ocrx_word' id='word_1_98' title='bbox 304 1016 497 1066; x_wconf 87' lang='lat' dir='ltr'>spiritus</span> <span class='ocrx_word' id='word_1_99' title='bbox 535 1014 723 1064; x_wconf 88' lang='lat' dir='ltr'>impetu:</span> <span class='ocrx_word' id='word_1_100' title='bbox 770 1011 882 1050; x_wconf 57' lang='lat' dir='ltr'>“Per</span> <span class='ocrx_word' id='word_1_101' title='bbox 915 1022 1124 1050; x_wconf 86' lang='lat' dir='ltr'>amorem</span> <span class='ocrx_word' id='word_1_102' title='bbox 1161 1011 1341 1062; x_wconf 83' lang='lat' dir='ltr'>(inquit)</span> <span class='ocrx_word' id='word_1_103' title='bbox 1378 1011 1553 1051; x_wconf 76' lang='lat' dir='ltr'>Christi</span> <span class='ocrx_word' id='word_1_104' title='bbox 1587 1012 1826 1063; x_wconf 65' lang='lat' dir='ltr'>crncifixi,</span> <span class='ocrx_word' id='word_1_105' title='bbox 1859 1013 1937 1065; x_wconf 90' lang='lat' dir='ltr'>qui</span> 
     </span>
     <span class='ocr_line' id='line_1_13' title="bbox 303 1074 1938 1133; baseline -0.001 -7"><span class='ocrx_word' id='word_1_106' title='bbox 303 1085 433 1126; x_wconf 89' lang='lat' dir='ltr'>cruci</span> <span class='ocrx_word' id='word_1_107' title='bbox 453 1084 618 1124; x_wconf 82' lang='lat' dir='ltr'>affixus</span> <span class='ocrx_word' id='word_1_108' title='bbox 638 1082 839 1123; x_wconf 88' lang='lat' dir='ltr'>inimicis</span> <span class='ocrx_word' id='word_1_109' title='bbox 859 1074 1089 1133; x_wconf 72' lang='lat' dir='ltr'>pepercit,</span> <span class='ocrx_word' id='word_1_110' title='bbox 1114 1087 1157 1121; x_wconf 94' lang='lat' dir='ltr'>et</span> <span class='ocrx_word' id='word_1_111' title='bbox 1179 1088 1225 1121; x_wconf 93' lang='lat' dir='ltr'>tu</span> <span class='ocrx_word' id='word_1_112' title='bbox 1250 1083 1407 1121; x_wconf 89' lang='lat' dir='ltr'>omnia</span> <span class='ocrx_word' id='word_1_113' title='bbox 1430 1083 1644 1122; x_wconf 89' lang='lat' dir='ltr'>condona</span> <span class='ocrx_word' id='word_1_114' title='bbox 1675 1083 1873 1124; x_wconf 89' lang='lat' dir='ltr'>inimicis</span> <span class='ocrx_word' id='word_1_115' title='bbox 1894 1090 1938 1124; x_wconf 92' lang='lat' dir='ltr'>et</span> 
     </span>
     <span class='ocr_line' id='line_1_14' title="bbox 304 1152 1938 1203; baseline -0.002 -5"><span class='ocrx_word' id='word_1_116' title='bbox 304 1158 432 1198; x_wconf 89' lang='lat' dir='ltr'>Deus</span> <span class='ocrx_word' id='word_1_117' title='bbox 453 1156 535 1196; x_wconf 88' lang='lat' dir='ltr'>tibi</span> <span class='ocrx_word' id='word_1_118' title='bbox 555 1162 634 1196; x_wconf 90' lang='lat' dir='ltr'>tua</span> <span class='ocrx_word' id='word_1_119' title='bbox 657 1153 982 1201; x_wconf 65' lang='lat' dir='ltr'>condonabit„</span> <span class='ocrx_word' id='word_1_120' title='bbox 1008 1152 1215 1203; x_wconf 87' lang='lat' dir='ltr'>Repente</span> <span class='ocrx_word' id='word_1_121' title='bbox 1237 1165 1319 1193; x_wconf 90' lang='lat' dir='ltr'>cor</span> <span class='ocrx_word' id='word_1_122' title='bbox 1340 1153 1544 1193; x_wconf 87' lang='lat' dir='ltr'>hominis</span> <span class='ocrx_word' id='word_1_123' title='bbox 1566 1165 1760 1194; x_wconf 86' lang='lat' dir='ltr'>saxeum</span> <span class='ocrx_word' id='word_1_124' title='bbox 1781 1162 1850 1194; x_wconf 87' lang='lat' dir='ltr'>est</span> <span class='ocrx_word' id='word_1_125' title='bbox 1867 1156 1938 1195; x_wconf 88' lang='lat' dir='ltr'>de-</span> 
     </span>
     <span class='ocr_line' id='line_1_15' title="bbox 303 1225 1939 1276; baseline -0.001 -8"><span class='ocrx_word' id='word_1_126' title='bbox 303 1228 513 1268; x_wconf 74' lang='lat' dir='ltr'>linitam:</span> <span class='ocrx_word' id='word_1_127' title='bbox 535 1233 578 1266; x_wconf 92' lang='lat' dir='ltr'>et</span> <span class='ocrx_word' id='word_1_128' title='bbox 597 1226 665 1266; x_wconf 88' lang='lat' dir='ltr'>rei</span> <span class='ocrx_word' id='word_1_129' title='bbox 686 1232 876 1276; x_wconf 77' lang='lat' dir='ltr'>stupore</span> <span class='ocrx_word' id='word_1_130' title='bbox 900 1230 1077 1276; x_wconf 84' lang='lat' dir='ltr'>captus,</span> <span class='ocrx_word' id='word_1_131' title='bbox 1104 1225 1275 1264; x_wconf 85' lang='lat' dir='ltr'>clamat</span> <span class='ocrx_word' id='word_1_132' title='bbox 1297 1237 1346 1264; x_wconf 91' lang='lat' dir='ltr'>se</span> <span class='ocrx_word' id='word_1_133' title='bbox 1369 1225 1606 1264; x_wconf 84' lang='lat' dir='ltr'>universis</span> <span class='ocrx_word' id='word_1_134' title='bbox 1629 1225 1873 1276; x_wconf 80' lang='lat' dir='ltr'>ignoscere</span> <span class='ocrx_word' id='word_1_135' title='bbox 1895 1233 1939 1266; x_wconf 88' lang='lat' dir='ltr'>et</span> 
     </span>
     <span class='ocr_line' id='line_1_16' title="bbox 305 1295 1938 1351; baseline -0.002 -11"><span class='ocrx_word' id='word_1_136' title='bbox 305 1301 504 1351; x_wconf 90' lang='lat' dir='ltr'>amplius</span> <span class='ocrx_word' id='word_1_137' title='bbox 525 1298 646 1338; x_wconf 92' lang='lat' dir='ltr'>nolle</span> <span class='ocrx_word' id='word_1_138' title='bbox 668 1296 844 1346; x_wconf 86' lang='lat' dir='ltr'>ulcisci,</span> <span class='ocrx_word' id='word_1_139' title='bbox 868 1296 949 1336; x_wconf 92' lang='lat' dir='ltr'>sed</span> <span class='ocrx_word' id='word_1_140' title='bbox 972 1296 1126 1346; x_wconf 89' lang='lat' dir='ltr'>potius</span> <span class='ocrx_word' id='word_1_141' title='bbox 1147 1295 1353 1346; x_wconf 85' lang='lat' dir='ltr'>perferre</span> <span class='ocrx_word' id='word_1_142' title='bbox 1374 1296 1606 1347; x_wconf 86' lang='lat' dir='ltr'>patienter</span> <span class='ocrx_word' id='word_1_143' title='bbox 1624 1308 1809 1337; x_wconf 90' lang='lat' dir='ltr'>omnem</span> <span class='ocrx_word' id='word_1_144' title='bbox 1827 1298 1938 1337; x_wconf 90' lang='lat' dir='ltr'>iniu-</span> 
     </span>
     <span class='ocr_line' id='line_1_17' title="bbox 305 1367 1939 1419; baseline -0.002 -7"><span class='ocrx_word' id='word_1_145' title='bbox 305 1372 425 1412; x_wconf 89' lang='lat' dir='ltr'>riam</span> <span class='ocrx_word' id='word_1_146' title='bbox 452 1376 494 1410; x_wconf 93' lang='lat' dir='ltr'>et</span> <span class='ocrx_word' id='word_1_147' title='bbox 522 1369 872 1409; x_wconf 75' lang='lat' dir='ltr'>adversitatem.</span> <span class='ocrx_word' id='word_1_148' title='bbox 905 1367 1018 1407; x_wconf 88' lang='lat' dir='ltr'>Erat</span> <span class='ocrx_word' id='word_1_149' title='bbox 1045 1367 1215 1406; x_wconf 82' lang='lat' dir='ltr'>ibidem</span> <span class='ocrx_word' id='word_1_150' title='bbox 1242 1367 1405 1407; x_wconf 92' lang='lat' dir='ltr'>mulier</span> <span class='ocrx_word' id='word_1_151' title='bbox 1437 1368 1667 1419; x_wconf 76' lang='lat' dir='ltr'>quaedam</span> <span class='ocrx_word' id='word_1_152' title='bbox 1694 1370 1863 1419; x_wconf 82' lang='lat' dir='ltr'>pannis</span> <span class='ocrx_word' id='word_1_153' title='bbox 1895 1376 1939 1409; x_wconf 92' lang='lat' dir='ltr'>et</span> 
     </span>
     <span class='ocr_line' id='line_1_18' title="bbox 305 1437 1940 1494; baseline -0.001 -12"><span class='ocrx_word' id='word_1_154' title='bbox 305 1443 524 1494; x_wconf 80' lang='lat' dir='ltr'>squalore</span> <span class='ocrx_word' id='word_1_155' title='bbox 555 1440 706 1480; x_wconf 89' lang='lat' dir='ltr'>obsita</span> <span class='ocrx_word' id='word_1_156' title='bbox 733 1443 775 1478; x_wconf 86' lang='lat' dir='ltr'>et</span> <span class='ocrx_word' id='word_1_157' title='bbox 798 1443 1009 1489; x_wconf 77' lang='lat' dir='ltr'>prorsas</span> <span class='ocrx_word' id='word_1_158' title='bbox 1036 1437 1202 1477; x_wconf 81' lang='lat' dir='ltr'>calceis</span> <span class='ocrx_word' id='word_1_159' title='bbox 1227 1438 1496 1489; x_wconf 70' lang='lat' dir='ltr'>indigebat:</span> <span class='ocrx_word' id='word_1_160' title='bbox 1525 1439 1620 1489; x_wconf 83' lang='lat' dir='ltr'>egit</span> <span class='ocrx_word' id='word_1_161' title='bbox 1654 1451 1768 1490; x_wconf 81' lang='lat' dir='ltr'>ergo</span> <span class='ocrx_word' id='word_1_162' title='bbox 1802 1439 1940 1480; x_wconf 85' lang='lat' dir='ltr'>Pater</span> 
     </span>
     <span class='ocr_line' id='line_1_19' title="bbox 305 1509 1938 1564; baseline -0.002 -11"><span class='ocrx_word' id='word_1_163' title='bbox 305 1512 428 1564; x_wconf 87' lang='lat' dir='ltr'>apud</span> <span class='ocrx_word' id='word_1_164' title='bbox 449 1512 734 1563; x_wconf 79' lang='lat' dir='ltr'>Episcopum</span> <span class='ocrx_word' id='word_1_165' title='bbox 754 1517 803 1549; x_wconf 89' lang='lat' dir='ltr'>ut</span> <span class='ocrx_word' id='word_1_166' title='bbox 825 1510 867 1549; x_wconf 91' lang='lat' dir='ltr'>ei</span> <span class='ocrx_word' id='word_1_167' title='bbox 888 1509 1083 1549; x_wconf 81' lang='lat' dir='ltr'>donaret</span> <span class='ocrx_word' id='word_1_168' title='bbox 1105 1509 1284 1548; x_wconf 82' lang='lat' dir='ltr'>calceos</span> <span class='ocrx_word' id='word_1_169' title='bbox 1304 1513 1347 1549; x_wconf 86' lang='lat' dir='ltr'>et</span> <span class='ocrx_word' id='word_1_170' title='bbox 1373 1510 1468 1549; x_wconf 84' lang='lat' dir='ltr'>alia</span> <span class='ocrx_word' id='word_1_171' title='bbox 1493 1510 1618 1549; x_wconf 74' lang='lat' dir='ltr'>vitae</span> <span class='ocrx_word' id='word_1_172' title='bbox 1635 1515 1846 1561; x_wconf 79' lang='lat' dir='ltr'>prorsus</span> <span class='ocrx_word' id='word_1_173' title='bbox 1864 1522 1938 1550; x_wconf 90' lang='lat' dir='ltr'>ne-</span> 
     </span>
     <span class='ocr_line' id='line_1_20' title="bbox 305 1581 1938 1633; baseline -0.002 -8"><span class='ocrx_word' id='word_1_174' title='bbox 305 1585 528 1626; x_wconf 87' lang='lat' dir='ltr'>cessaria.</span> <span class='ocrx_word' id='word_1_175' title='bbox 552 1583 619 1623; x_wconf 79' lang='lat' dir='ltr'>Ea</span> <span class='ocrx_word' id='word_1_176' title='bbox 642 1583 798 1633; x_wconf 81' lang='lat' dir='ltr'>itaque</span> <span class='ocrx_word' id='word_1_177' title='bbox 820 1581 867 1621; x_wconf 90' lang='lat' dir='ltr'>in</span> <span class='ocrx_word' id='word_1_178' title='bbox 888 1593 1070 1631; x_wconf 91' lang='lat' dir='ltr'>eorum,</span> <span class='ocrx_word' id='word_1_179' title='bbox 1103 1581 1179 1632; x_wconf 88' lang='lat' dir='ltr'>qui</span> <span class='ocrx_word' id='word_1_180' title='bbox 1210 1582 1255 1620; x_wconf 88' lang='lat' dir='ltr'>in</span> <span class='ocrx_word' id='word_1_181' title='bbox 1284 1593 1474 1621; x_wconf 83' lang='lat' dir='ltr'>carcere</span> <span class='ocrx_word' id='word_1_182' title='bbox 1506 1582 1834 1630; x_wconf 80' lang='lat' dir='ltr'>versabantur,</span> <span class='ocrx_word' id='word_1_183' title='bbox 1870 1594 1938 1622; x_wconf 88' lang='lat' dir='ltr'>sa-</span> 
     </span>
     <span class='ocr_line' id='line_1_21' title="bbox 303 1653 1939 1703; baseline -0.002 -7"><span class='ocrx_word' id='word_1_184' title='bbox 303 1658 399 1696; x_wconf 78' lang='lat' dir='ltr'>lute</span> <span class='ocrx_word' id='word_1_185' title='bbox 422 1655 628 1695; x_wconf 87' lang='lat' dir='ltr'>adhibita</span> <span class='ocrx_word' id='word_1_186' title='bbox 650 1660 718 1693; x_wconf 90' lang='lat' dir='ltr'>est</span> <span class='ocrx_word' id='word_1_187' title='bbox 742 1665 853 1692; x_wconf 80' lang='lat' dir='ltr'>cura</span> <span class='ocrx_word' id='word_1_188' title='bbox 875 1658 919 1692; x_wconf 91' lang='lat' dir='ltr'>et</span> <span class='ocrx_word' id='word_1_189' title='bbox 941 1664 1098 1703; x_wconf 82' lang='lat' dir='ltr'>opera,</span> <span class='ocrx_word' id='word_1_190' title='bbox 1122 1658 1172 1692; x_wconf 91' lang='lat' dir='ltr'>ut</span> <span class='ocrx_word' id='word_1_191' title='bbox 1195 1664 1355 1692; x_wconf 87' lang='lat' dir='ltr'>omnes</span> <span class='ocrx_word' id='word_1_192' title='bbox 1378 1653 1587 1692; x_wconf 65' lang='lat' dir='ltr'>maxime</span> <span class='ocrx_word' id='word_1_193' title='bbox 1613 1653 1675 1692; x_wconf 87' lang='lat' dir='ltr'>ad</span> <span class='ocrx_word' id='word_1_194' title='bbox 1701 1665 1838 1692; x_wconf 79' lang='lat' dir='ltr'>suam</span> <span class='ocrx_word' id='word_1_195' title='bbox 1867 1665 1939 1693; x_wconf 89' lang='lat' dir='ltr'>sa-</span> 
     </span>
     <span class='ocr_line' id='line_1_22' title="bbox 303 1723 1938 1775; baseline -0.002 -8"><span class='ocrx_word' id='word_1_196' title='bbox 303 1729 449 1767; x_wconf 74' lang='lat' dir='ltr'>lntem</span> <span class='ocrx_word' id='word_1_197' title='bbox 471 1726 569 1765; x_wconf 80' lang='lat' dir='ltr'>sint</span> <span class='ocrx_word' id='word_1_198' title='bbox 590 1724 817 1771; x_wconf 67' lang='lat' dir='ltr'>extructi,</span> <span class='ocrx_word' id='word_1_199' title='bbox 839 1731 883 1763; x_wconf 87' lang='lat' dir='ltr'>et</span> <span class='ocrx_word' id='word_1_200' title='bbox 905 1724 1107 1763; x_wconf 78' lang='lat' dir='ltr'>maxima</span> <span class='ocrx_word' id='word_1_201' title='bbox 1137 1724 1183 1762; x_wconf 90' lang='lat' dir='ltr'>in</span> <span class='ocrx_word' id='word_1_202' title='bbox 1206 1723 1408 1763; x_wconf 88' lang='lat' dir='ltr'>Domino</span> <span class='ocrx_word' id='word_1_203' title='bbox 1437 1724 1758 1763; x_wconf 81' lang='lat' dir='ltr'>consolatione</span> <span class='ocrx_word' id='word_1_204' title='bbox 1787 1725 1938 1775; x_wconf 77' lang='lat' dir='ltr'>exple-</span> 
     </span>
     <span class='ocr_line' id='line_1_23' title="bbox 304 1794 1939 1846; baseline -0.003 -7"><span class='ocrx_word' id='word_1_205' title='bbox 304 1800 353 1839; x_wconf 89' lang='lat' dir='ltr'>ti.</span> <span class='ocrx_word' id='word_1_206' title='bbox 383 1798 632 1838; x_wconf 78' lang='lat' dir='ltr'>Praeterea</span> <span class='ocrx_word' id='word_1_207' title='bbox 661 1803 818 1836; x_wconf 78' lang='lat' dir='ltr'>custos</span> <span class='ocrx_word' id='word_1_208' title='bbox 847 1795 1051 1834; x_wconf 81' lang='lat' dir='ltr'>carceris</span> <span class='ocrx_word' id='word_1_209' title='bbox 1079 1798 1122 1834; x_wconf 88' lang='lat' dir='ltr'>et</span> <span class='ocrx_word' id='word_1_210' title='bbox 1149 1795 1249 1834; x_wconf 81' lang='lat' dir='ltr'>eins</span> <span class='ocrx_word' id='word_1_211' title='bbox 1283 1806 1412 1834; x_wconf 64' lang='lat' dir='ltr'>uxor</span> <span class='ocrx_word' id='word_1_212' title='bbox 1439 1794 1566 1834; x_wconf 87' lang='lat' dir='ltr'>Patri</span> <span class='ocrx_word' id='word_1_213' title='bbox 1600 1800 1795 1846; x_wconf 85' lang='lat' dir='ltr'>peccata</span> <span class='ocrx_word' id='word_1_214' title='bbox 1823 1799 1939 1834; x_wconf 76' lang='lat' dir='ltr'>sunt</span> 
     </span>
     <span class='ocr_line' id='line_1_24' title="bbox 306 1866 1940 1920; baseline -0.002 -11"><span class='ocrx_word' id='word_1_215' title='bbox 306 1870 529 1920; x_wconf 79' lang='lat' dir='ltr'>confessi.</span> <span class='ocrx_word' id='word_1_216' title='bbox 553 1869 605 1908; x_wconf 73' lang='lat' dir='ltr'><em>N</em></span> <span class='ocrx_word' id='word_1_217' title='bbox 602 1881 677 1908; x_wconf 84' lang='lat' dir='ltr'>am</span> <span class='ocrx_word' id='word_1_218' title='bbox 704 1868 824 1907; x_wconf 82' lang='lat' dir='ltr'>idem</span> <span class='ocrx_word' id='word_1_219' title='bbox 854 1870 1013 1906; x_wconf 76' lang='lat' dir='ltr'>castos</span> <span class='ocrx_word' id='word_1_220' title='bbox 1034 1866 1197 1905; x_wconf 78' lang='lat' dir='ltr'>abhinc</span> <span class='ocrx_word' id='word_1_221' title='bbox 1220 1866 1469 1906; x_wconf 87' lang='lat' dir='ltr'>triennium</span> <span class='ocrx_word' id='word_1_222' title='bbox 1485 1870 1677 1917; x_wconf 84' lang='lat' dir='ltr'>peccata</span> <span class='ocrx_word' id='word_1_223' title='bbox 1699 1866 1940 1906; x_wconf 73' lang='lat' dir='ltr'>celaverat</span> 
     </span>
     <span class='ocr_line' id='line_1_25' title="bbox 307 1936 1939 1992; baseline -0.002 -12"><span class='ocrx_word' id='word_1_224' title='bbox 307 1953 451 1992; x_wconf 79' lang='lat' dir='ltr'>neque</span> <span class='ocrx_word' id='word_1_225' title='bbox 471 1941 519 1979; x_wconf 86' lang='lat' dir='ltr'>in</span> <span class='ocrx_word' id='word_1_226' title='bbox 541 1951 702 1979; x_wconf 83' lang='lat' dir='ltr'>eornm</span> <span class='ocrx_word' id='word_1_227' title='bbox 723 1938 1086 1990; x_wconf 84' lang='lat' dir='ltr'>patefactionem</span> <span class='ocrx_word' id='word_1_228' title='bbox 1115 1943 1158 1976; x_wconf 91' lang='lat' dir='ltr'>et</span> <span class='ocrx_word' id='word_1_229' title='bbox 1185 1936 1394 1976; x_wconf 89' lang='lat' dir='ltr'>dolorem</span> <span class='ocrx_word' id='word_1_230' title='bbox 1427 1937 1595 1976; x_wconf 82' lang='lat' dir='ltr'>adduci</span> <span class='ocrx_word' id='word_1_231' title='bbox 1622 1942 1818 1988; x_wconf 86' lang='lat' dir='ltr'>poterat.</span> <span class='ocrx_word' id='word_1_232' title='bbox 1853 1937 1939 1976; x_wconf 81' lang='lat' dir='ltr'>Ne-</span> 
     </span>
     <span class='ocr_line' id='line_1_26' title="bbox 305 2007 1940 2064; baseline -0.004 -12"><span class='ocrx_word' id='word_1_233' title='bbox 305 2025 392 2064; x_wconf 77' lang='lat' dir='ltr'>(Jne</span> <span class='ocrx_word' id='word_1_234' title='bbox 412 2012 534 2051; x_wconf 79' lang='lat' dir='ltr'>illud</span> <span class='ocrx_word' id='word_1_235' title='bbox 553 2010 742 2050; x_wconf 83' lang='lat' dir='ltr'>silentio</span> <span class='ocrx_word' id='word_1_236' title='bbox 758 2009 1045 2060; x_wconf 75' lang='lat' dir='ltr'>praeteribo,</span> <span class='ocrx_word' id='word_1_237' title='bbox 1063 2009 1241 2047; x_wconf 82' lang='lat' dir='ltr'>Patres</span> <span class='ocrx_word' id='word_1_238' title='bbox 1258 2009 1387 2058; x_wconf 78' lang='lat' dir='ltr'>apud</span> <span class='ocrx_word' id='word_1_239' title='bbox 1404 2019 1565 2046; x_wconf 85' lang='lat' dir='ltr'>omnes</span> <span class='ocrx_word' id='word_1_240' title='bbox 1574 2007 1630 2058; x_wconf 88' lang='lat' dir='ltr'>pl</span> <span class='ocrx_word' id='word_1_241' title='bbox 1635 2007 1842 2046; x_wconf 82' lang='lat' dir='ltr'>nrimnm</span> <span class='ocrx_word' id='word_1_242' title='bbox 1861 2020 1940 2047; x_wconf 76' lang='lat' dir='ltr'>va-</span> 
     </span>
     <span class='ocr_line' id='line_1_27' title="bbox 305 2078 1937 2131; baseline -0.004 -8"><span class='ocrx_word' id='word_1_243' title='bbox 305 2084 423 2131; x_wconf 78' lang='lat' dir='ltr'>lere,·</span> <span class='ocrx_word' id='word_1_244' title='bbox 445 2094 554 2122; x_wconf 87' lang='grc'><em>1111111</em></span> <span class='ocrx_word' id='word_1_245' title='bbox 575 2082 696 2121; x_wconf 85' lang='lat' dir='ltr'>idem</span> <span class='ocrx_word' id='word_1_246' title='bbox 719 2081 938 2120; x_wconf 79' lang='lat' dir='ltr'>Vicarius</span> <span class='ocrx_word' id='word_1_247' title='bbox 959 2081 1131 2131; x_wconf 89' lang='lat' dir='ltr'>pietate</span> <span class='ocrx_word' id='word_1_248' title='bbox 1154 2086 1198 2119; x_wconf 89' lang='lat' dir='ltr'>et</span> <span class='ocrx_word' id='word_1_249' title='bbox 1220 2079 1486 2119; x_wconf 80' lang='lat' dir='ltr'>reverentia</span> <span class='ocrx_word' id='word_1_250' title='bbox 1509 2079 1745 2118; x_wconf 77' lang='lat' dir='ltr'>adductus</span> <span class='ocrx_word' id='word_1_251' title='bbox 1777 2079 1835 2118; x_wconf 92' lang='lat' dir='ltr'>ad</span> <span class='ocrx_word' id='word_1_252' title='bbox 1857 2078 1937 2118; x_wconf 76' lang='lat' dir='ltr'>Pa-</span> 
     </span>
     <span class='ocr_line' id='line_1_28' title="bbox 306 2151 1192 2203; baseline -0.007 -8"><span class='ocrx_word' id='word_1_253' title='bbox 306 2162 401 2195; x_wconf 88' lang='lat' dir='ltr'>tres</span> <span class='ocrx_word' id='word_1_254' title='bbox 423 2154 636 2200; x_wconf 80' lang='lat' dir='ltr'>accessit,</span> <span class='ocrx_word' id='word_1_255' title='bbox 661 2153 821 2203; x_wconf 88' lang='lat' dir='ltr'>eisque</span> <span class='ocrx_word' id='word_1_256' title='bbox 845 2157 914 2191; x_wconf 89' lang='lat' dir='ltr'>est</span> <span class='ocrx_word' id='word_1_257' title='bbox 936 2151 1192 2190; x_wconf 84' lang='lat' dir='ltr'>confessus.</span> 
     </span>
    </p>

    <p class='ocr_par' dir='ltr' id='par_1_3' title="bbox 302 2220 1946 3055">
     <span class='ocr_line' id='line_1_29' title="bbox 390 2220 1939 2274; baseline -0.004 -10"><span class='ocrx_word' id='word_1_258' title='bbox 390 2226 419 2264; x_wconf 89' lang='lat' dir='ltr'><em>I</em></span> <span class='ocrx_word' id='word_1_259' title='bbox 419 2237 493 2265; x_wconf 88' lang='grc'><em>11111</em></span> <span class='ocrx_word' id='word_1_260' title='bbox 515 2225 565 2264; x_wconf 84' lang='lat' dir='ltr'>in</span> <span class='ocrx_word' id='word_1_261' title='bbox 586 2224 678 2273; x_wconf 71' lang='lat' dir='ltr'>llis,</span> <span class='ocrx_word' id='word_1_262' title='bbox 700 2235 817 2274; x_wconf 78' lang='lat' dir='ltr'>qnae</span> <span class='ocrx_word' id='word_1_263' title='bbox 836 2227 988 2273; x_wconf 82' lang='lat' dir='ltr'>snpra</span> <span class='ocrx_word' id='word_1_264' title='bbox 1012 2220 1396 2269; x_wconf 76' lang='lat' dir='ltr'>connnemoravi.</span> <span class='ocrx_word' id='word_1_265' title='bbox 1409 2220 1560 2270; x_wconf 80' lang='lat' dir='ltr'>facile</span> <span class='ocrx_word' id='word_1_266' title='bbox 1580 2224 1740 2271; x_wconf 79' lang='lat' dir='ltr'>potest</span> <span class='ocrx_word' id='word_1_267' title='bbox 1755 2220 1939 2271; x_wconf 80' lang='lat' dir='ltr'>perspi-</span> 
     </span>
     <span class='ocr_line' id='line_1_30' title="bbox 307 2291 1941 2347; baseline -0.004 -11"><span class='ocrx_word' id='word_1_268' title='bbox 307 2297 364 2347; x_wconf 76' lang='lat' dir='ltr'>ci,</span> <span class='ocrx_word' id='word_1_269' title='bbox 388 2297 539 2336; x_wconf 81' lang='lat' dir='ltr'>Pater</span> <span class='ocrx_word' id='word_1_270' title='bbox 560 2295 748 2346; x_wconf 79' lang='lat' dir='ltr'>Optime,</span> <span class='ocrx_word' id='word_1_271' title='bbox 767 2295 985 2344; x_wconf 82' lang='lat' dir='ltr'>sormam</span> <span class='ocrx_word' id='word_1_272' title='bbox 1013 2304 1067 2332; x_wconf 80' lang='lat' dir='ltr'>ae</span> <span class='ocrx_word' id='word_1_273' title='bbox 1096 2293 1343 2331; x_wconf 84' lang='lat' dir='ltr'>materiam</span> <span class='ocrx_word' id='word_1_274' title='bbox 1379 2292 1523 2331; x_wconf 78' lang='lat' dir='ltr'>ltm&#39;ns</span> <span class='ocrx_word' id='word_1_275' title='bbox 1551 2291 1683 2331; x_wconf 74' lang='lat' dir='ltr'>urbis</span> <span class='ocrx_word' id='word_1_276' title='bbox 1710 2292 1772 2330; x_wconf 86' lang='lat' dir='ltr'>ad</span> <span class='ocrx_word' id='word_1_277' title='bbox 1792 2291 1941 2341; x_wconf 80' lang='lat' dir='ltr'>perci-</span> 
     </span>
     <span class='ocr_line' id='line_1_31' title="bbox 302 2361 1946 2419; baseline -0.004 -12"><span class='ocrx_word' id='word_1_278' title='bbox 302 2368 531 2419; x_wconf 82' lang='lat' dir='ltr'>piendmn</span> <span class='ocrx_word' id='word_1_279' title='bbox 553 2365 1182 2417; x_wconf 69' lang='lat' dir='ltr'>copiosissimumsrnctnm,</span> <span class='ocrx_word' id='word_1_280' title='bbox 1199 2363 1247 2402; x_wconf 89' lang='lat' dir='ltr'>si</span> <span class='ocrx_word' id='word_1_281' title='bbox 1259 2363 1563 2402; x_wconf 72' lang='lat' dir='ltr'>mitterentur</span> <span class='ocrx_word' id='word_1_282' title='bbox 1579 2362 1792 2413; x_wconf 82' lang='lat' dir='ltr'>operarii</span> <span class='ocrx_word' id='word_1_283' title='bbox 1804 2361 1946 2401; x_wconf 77' lang='lat' dir='ltr'>malti</span> 
     </span>
     <span class='ocr_line' id='line_1_32' title="bbox 307 2433 1941 2490; baseline -0.005 -11"><span class='ocrx_word' id='word_1_284' title='bbox 307 2451 360 2479; x_wconf 83' lang='lat' dir='ltr'>ac</span> <span class='ocrx_word' id='word_1_285' title='bbox 384 2442 704 2490; x_wconf 77' lang='lat' dir='ltr'>praestantes.</span> <span class='ocrx_word' id='word_1_286' title='bbox 738 2437 861 2476; x_wconf 88' lang='lat' dir='ltr'>Nam</span> <span class='ocrx_word' id='word_1_287' title='bbox 889 2436 935 2475; x_wconf 79' lang='lat' dir='ltr'>si</span> <span class='ocrx_word' id='word_1_288' title='bbox 958 2440 1048 2486; x_wconf 83' lang='lat' dir='ltr'>per</span> <span class='ocrx_word' id='word_1_289' title='bbox 1075 2435 1160 2474; x_wconf 80' lang='grc'><em>1105</em></span> <span class='ocrx_word' id='word_1_290' title='bbox 1189 2434 1459 2485; x_wconf 76' lang='lat' dir='ltr'>operarios,</span> <span class='ocrx_word' id='word_1_291' title='bbox 1487 2433 1641 2484; x_wconf 76' lang='lat' dir='ltr'>quiin</span> <span class='ocrx_word' id='word_1_292' title='bbox 1663 2433 1941 2484; x_wconf 84' lang='lat' dir='ltr'>praesentia</span> 
     </span>
     <span class='ocr_line' id='line_1_33' title="bbox 307 2504 1944 2559; baseline -0.005 -9"><span class='ocrx_word' id='word_1_293' title='bbox 307 2512 380 2550; x_wconf 80' lang='lat' dir='ltr'>ln&#39;c</span> <span class='ocrx_word' id='word_1_294' title='bbox 401 2521 672 2557; x_wconf 76' lang='lat' dir='ltr'>versamur,</span> <span class='ocrx_word' id='word_1_295' title='bbox 689 2507 878 2559; x_wconf 77' lang='lat' dir='ltr'>patitur</span> <span class='ocrx_word' id='word_1_296' title='bbox 900 2506 1107 2557; x_wconf 77' lang='lat' dir='ltr'>optimas</span> <span class='ocrx_word' id='word_1_297' title='bbox 1134 2517 1187 2545; x_wconf 82' lang='lat' dir='ltr'>ac</span> <span class='ocrx_word' id='word_1_298' title='bbox 1213 2517 1431 2545; x_wconf 86' lang='grc'><em>511111111115</em></span> <span class='ocrx_word' id='word_1_299' title='bbox 1460 2506 1591 2544; x_wconf 79' lang='lat' dir='ltr'>Dens</span> <span class='ocrx_word' id='word_1_300' title='bbox 1619 2505 1805 2555; x_wconf 73' lang='lat' dir='ltr'>efficere</span> <span class='ocrx_word' id='word_1_301' title='bbox 1832 2504 1944 2542; x_wconf 74' lang='lat' dir='ltr'>haec</span> 
     </span>
     <span class='ocr_line' id='line_1_34' title="bbox 309 2577 1942 2630; baseline -0.006 -9"><span class='ocrx_word' id='word_1_302' title='bbox 309 2583 370 2621; x_wconf 88' lang='lat' dir='ltr'>ad</span> <span class='ocrx_word' id='word_1_303' title='bbox 391 2593 528 2621; x_wconf 78' lang='lat' dir='ltr'>snam</span> <span class='ocrx_word' id='word_1_304' title='bbox 556 2580 789 2630; x_wconf 68' lang='lat' dir='ltr'>gloriam,</span> <span class='ocrx_word' id='word_1_305' title='bbox 812 2577 925 2629; x_wconf 77' lang='lat' dir='ltr'>qnid</span> <span class='ocrx_word' id='word_1_306' title='bbox 938 2578 1083 2629; x_wconf 84' lang='lat' dir='ltr'>fieret</span> <span class='ocrx_word' id='word_1_307' title='bbox 1111 2577 1157 2615; x_wconf 80' lang='lat' dir='ltr'>si</span> <span class='ocrx_word' id='word_1_308' title='bbox 1183 2577 1272 2615; x_wconf 76' lang='lat' dir='ltr'>lmc</span> <span class='ocrx_word' id='word_1_309' title='bbox 1299 2578 1612 2616; x_wconf 72' lang='lat' dir='ltr'>adventarent</span> <span class='ocrx_word' id='word_1_310' title='bbox 1635 2578 1942 2626; x_wconf 76' lang='lat' dir='ltr'>praestantes</span> 
     </span>
     <span class='ocr_line' id='line_1_35' title="bbox 308 2645 1940 2703; baseline -0.005 -11"><span class='ocrx_word' id='word_1_311' title='bbox 308 2664 362 2692; x_wconf 85' lang='lat' dir='ltr'>ac</span> <span class='ocrx_word' id='word_1_312' title='bbox 378 2651 737 2703; x_wconf 74' lang='lat' dir='ltr'>praestantibus</span> <span class='ocrx_word' id='word_1_313' title='bbox 758 2649 966 2700; x_wconf 80' lang='lat' dir='ltr'>ingeniis</span> <span class='ocrx_word' id='word_1_314' title='bbox 987 2652 1029 2687; x_wconf 88' lang='lat' dir='ltr'>et</span> <span class='ocrx_word' id='word_1_315' title='bbox 1051 2648 1223 2687; x_wconf 82' lang='lat' dir='ltr'>animis</span> <span class='ocrx_word' id='word_1_316' title='bbox 1238 2647 1453 2698; x_wconf 87' lang='lat' dir='ltr'>praediti</span> <span class='ocrx_word' id='word_1_317' title='bbox 1470 2646 1701 2697; x_wconf 77' lang='lat' dir='ltr'>operarii,</span> <span class='ocrx_word' id='word_1_318' title='bbox 1729 2645 1811 2696; x_wconf 79' lang='lat' dir='ltr'>qni</span> <span class='ocrx_word' id='word_1_319' title='bbox 1838 2655 1940 2684; x_wconf 84' lang='lat' dir='ltr'>cnm</span> 
     </span>
     <span class='ocr_line' id='line_1_36' title="bbox 308 2717 1942 2773; baseline -0.005 -10"><span class='ocrx_word' id='word_1_320' title='bbox 308 2724 548 2773; x_wconf 74' lang='lat' dir='ltr'>dignitate</span> <span class='ocrx_word' id='word_1_321' title='bbox 582 2721 796 2761; x_wconf 60' lang='lat' dir='ltr'>excolere</span> <span class='ocrx_word' id='word_1_322' title='bbox 824 2720 1009 2760; x_wconf 71' lang='lat' dir='ltr'>vineam</span> <span class='ocrx_word' id='word_1_323' title='bbox 1038 2718 1255 2763; x_wconf 82' lang='lat' dir='ltr'>Domini,</span> <span class='ocrx_word' id='word_1_324' title='bbox 1283 2719 1475 2757; x_wconf 77' lang='lat' dir='ltr'>verbnm</span> <span class='ocrx_word' id='word_1_325' title='bbox 1503 2717 1748 2767; x_wconf 72' lang='lat' dir='ltr'>evangelii</span> <span class='ocrx_word' id='word_1_326' title='bbox 1769 2727 1942 2765; x_wconf 77' lang='lat' dir='ltr'>serere,</span> 
     </span>
     <span class='ocr_line' id='line_1_37' title="bbox 308 2786 1941 2843; baseline -0.005 -10"><span class='ocrx_word' id='word_1_327' title='bbox 308 2794 506 2834; x_wconf 76' lang='lat' dir='ltr'>evellere</span> <span class='ocrx_word' id='word_1_328' title='bbox 527 2793 712 2843; x_wconf 79' lang='lat' dir='ltr'>spinas,</span> <span class='ocrx_word' id='word_1_329' title='bbox 733 2791 901 2842; x_wconf 75' lang='lat' dir='ltr'>quibus</span> <span class='ocrx_word' id='word_1_330' title='bbox 927 2793 1113 2840; x_wconf 81' lang='lat' dir='ltr'>segetes</span> <span class='ocrx_word' id='word_1_331' title='bbox 1144 2789 1501 2840; x_wconf 58' lang='lat' dir='ltr'>opprimnntnr„</span> <span class='ocrx_word' id='word_1_332' title='bbox 1520 2792 1563 2827; x_wconf 86' lang='lat' dir='ltr'>et</span> <span class='ocrx_word' id='word_1_333' title='bbox 1582 2800 1703 2827; x_wconf 77' lang='lat' dir='ltr'>sana</span> <span class='ocrx_word' id='word_1_334' title='bbox 1725 2786 1941 2826; x_wconf 81' lang='lat' dir='ltr'>doctrina</span> 
     </span>
     <span class='ocr_line' id='line_1_38' title="bbox 308 2858 1942 2910; baseline -0.005 -6"><span class='ocrx_word' id='word_1_335' title='bbox 308 2865 461 2904; x_wconf 78' lang='lat' dir='ltr'>dicere</span> <span class='ocrx_word' id='word_1_336' title='bbox 497 2863 745 2903; x_wconf 71' lang='lat' dir='ltr'>veritatem</span> <span class='ocrx_word' id='word_1_337' title='bbox 780 2862 829 2901; x_wconf 87' lang='lat' dir='ltr'>in</span> <span class='ocrx_word' id='word_1_338' title='bbox 866 2863 1003 2901; x_wconf 75' lang='lat' dir='ltr'>rebus</span> <span class='ocrx_word' id='word_1_339' title='bbox 1038 2860 1252 2900; x_wconf 78' lang='grc'><em>011111171115</em></span> <span class='ocrx_word' id='word_1_340' title='bbox 1282 2860 1510 2910; x_wconf 69' lang='lat' dir='ltr'>possent?</span> <span class='ocrx_word' id='word_1_341' title='bbox 1542 2858 1580 2899; x_wconf 92' lang='lat' dir='ltr'>O</span> <span class='ocrx_word' id='word_1_342' title='bbox 1615 2865 1725 2910; x_wconf 86' lang='lat' dir='ltr'>quot</span> <span class='ocrx_word' id='word_1_343' title='bbox 1758 2858 1942 2897; x_wconf 79' lang='lat' dir='ltr'>animae</span> 
     </span>
     <span class='ocr_line' id='line_1_39' title="bbox 311 2927 1940 2985; baseline -0.005 -10"><span class='ocrx_word' id='word_1_344' title='bbox 311 2935 497 2975; x_wconf 80' lang='lat' dir='ltr'>Christo</span> <span class='ocrx_word' id='word_1_345' title='bbox 520 2940 798 2985; x_wconf 82' lang='lat' dir='ltr'>pararentur</span> <span class='ocrx_word' id='word_1_346' title='bbox 820 2939 863 2973; x_wconf 95' lang='lat' dir='ltr'>et</span> <span class='ocrx_word' id='word_1_347' title='bbox 886 2934 931 2972; x_wconf 88' lang='lat' dir='ltr'>in</span> <span class='ocrx_word' id='word_1_348' title='bbox 954 2932 1117 2972; x_wconf 84' lang='lat' dir='ltr'>salutis</span> <span class='ocrx_word' id='word_1_349' title='bbox 1149 2931 1274 2970; x_wconf 82' lang='lat' dir='ltr'>viam</span> <span class='ocrx_word' id='word_1_350' title='bbox 1307 2930 1660 2979; x_wconf 88' lang='lat' dir='ltr'>reducerentur,</span> <span class='ocrx_word' id='word_1_351' title='bbox 1699 2940 1817 2980; x_wconf 90' lang='lat' dir='ltr'>quae</span> <span class='ocrx_word' id='word_1_352' title='bbox 1845 2927 1940 2978; x_wconf 78' lang='lat' dir='ltr'>qni-</span> 
     </span>
     <span class='ocr_line' id='line_1_40' title="bbox 309 3002 1940 3055; baseline -0.005 -10"><span class='ocrx_word' id='word_1_353' title='bbox 309 3006 413 3044; x_wconf 67' lang='grc'><em>111111</em></span> <span class='ocrx_word' id='word_1_354' title='bbox 436 3006 602 3045; x_wconf 85' lang='lat' dir='ltr'>misere</span> <span class='ocrx_word' id='word_1_355' title='bbox 624 3010 833 3055; x_wconf 90' lang='lat' dir='ltr'>pereunt,</span> <span class='ocrx_word' id='word_1_356' title='bbox 865 3004 971 3054; x_wconf 81' lang='lat' dir='ltr'>quia</span> <span class='ocrx_word' id='word_1_357' title='bbox 1001 3014 1093 3042; x_wconf 90' lang='lat' dir='ltr'>non</span> <span class='ocrx_word' id='word_1_358' title='bbox 1121 3008 1189 3041; x_wconf 90' lang='lat' dir='ltr'>est</span> <span class='ocrx_word' id='word_1_359' title='bbox 1211 3002 1288 3052; x_wconf 86' lang='lat' dir='ltr'>qui</span> <span class='ocrx_word' id='word_1_360' title='bbox 1320 3013 1399 3041; x_wconf 90' lang='lat' dir='ltr'>eas</span> <span class='ocrx_word' id='word_1_361' title='bbox 1428 3012 1454 3040; x_wconf 90' lang='lat' dir='ltr'>a</span> <span class='ocrx_word' id='word_1_362' title='bbox 1482 3006 1784 3052; x_wconf 89' lang='lat' dir='ltr'>peccatorum</span> <span class='ocrx_word' id='word_1_363' title='bbox 1811 3004 1940 3050; x_wconf 89' lang='lat' dir='ltr'>peste</span> 
     </span>
    </p>
   </div>
   <div class='ocr_carea' id='block_1_3' title="bbox 2064 182 2080 248">
    <p class='ocr_par' dir='ltr' id='par_1_4' title="bbox 2064 182 2080 248">
     <span class='ocr_line' id='line_1_41' title="bbox 2064 182 2080 248; textangle 90"><span class='ocrx_word' id='word_1_364' title='bbox 2064 182 2080 248; x_wconf 55' lang='lat' dir='ltr'>:ll-&#39;Y</span> 
     </span>
    </p>
   </div>
  </div>
 </body>
</html>
