2080 3392
807 189 887 227 AN.
920 190 1012 227 1553
1666 191 1734 228 147

93 299 187 328 non
222 292 413 339 possent
439 298 532 326 non
557 287 837 338 simplicium
871 289 1015 328 corda
1043 288 1331 329 labefactari.
1361 288 1426 329 At
1456 289 1611 328 omnia
1640 289 1731 329 ista

94 359 166 400 his
201 357 503 398 concionibus
538 358 789 410 divinaque
823 359 1078 399 directione
1120 360 1167 400 in
1206 360 1402 400 nihilum
1436 359 1573 400 facile
1614 360 1733 400 redi-

94 435 280 482 guntur3
314 428 478 480 quibus
501 440 640 479 quam
666 430 801 481 larga
830 431 997 470 messis
1027 438 1336 482 praeparetur
1367 442 1599 483 quamque
1628 431 1731 471 ube-

93 512 192 540 rem
225 512 283 540 ex
318 499 689 540 confessionibus
717 500 765 540 in
795 501 964 540 horrea
992 500 1181 541 Domini
1217 503 1502 542 invehantur
1536 502 1731 553 fructus,

94 570 252 623 populi
273 570 467 610 mutatio
489 576 533 610 et
557 570 828 622 quotidiana
850 571 1094 611 declarant
1115 574 1348 624 exempla.

175 641 390 681 Matrona
429 641 661 692 quaedam
698 642 917 693 perdives
957 649 1001 682 et
1040 644 1154 683 luxu
1199 645 1433 684 saeculari
1473 645 1733 694 abundans,

100 724 232 764 quae,
264 724 290 752 a
318 724 409 763 quo
444 712 573 752 Patri
599 713 812 753 confiteri
839 714 1015 765 coepit,
1045 720 1194 754 totum
1222 715 1451 766 deposuit,
1482 727 1567 755 nec
1597 716 1736 767 depo-

100 784 249 824 suisse
284 784 399 824 satis
434 784 732 825 existimabat
765 785 1091 825 conservando
1126 786 1174 825 in
1202 786 1386 826 scriniis
1415 800 1441 826 a
1474 798 1563 837 quo
1600 788 1740 827 toties

103 861 417 907 conspurcata
452 862 575 896 esset
608 856 786 906 anima,
823 857 905 896 sed
941 856 1145 908 quadam
1170 857 1275 897 vice
1312 859 1412 898 sola
1444 858 1491 897 in
1526 858 1738 898 cubiculo

99 933 264 977 totum,
287 927 526 977 Videlicet,
547 939 690 967 aurea
712 927 900 978 cingula
921 928 1105 979 aliaque
1127 935 1352 979 argentea
1377 940 1614 980 aureaque
1642 941 1738 969 mu-

95 998 260 1038 lierum
282 1004 559 1038 ornamenta
580 999 748 1038 malleo
770 999 1016 1050 confregit,
1042 1000 1210 1040 timens
1231 1000 1435 1040 vendere
1458 1012 1515 1040 ne
1539 1001 1641 1040 aliis
1668 1012 1739 1040 su-

97 1069 338 1121 perbiendi
363 1080 528 1109 ansam
549 1070 811 1121 praeberet.
842 1070 1050 1111 Tertiam
1077 1071 1213 1122 pretii
1243 1078 1426 1122 partem
1455 1073 1741 1123 pauperibus

99 1140 347 1180 distribuit.

175 1211 417 1262 Quaedam
434 1212 586 1263 virgo,
606 1212 757 1253 eidem
767 1213 897 1253 Patri
914 1213 1152 1264 confitens,
1171 1226 1276 1255 eum
1293 1215 1526 1255 consuluit
1541 1215 1737 1266 cupiens

101 1294 264 1323 omnes
284 1294 394 1323 suas
415 1283 663 1324 facultates
682 1283 901 1333 vendere,
932 1286 1217 1336 pauperibus
1244 1286 1449 1337 elargiri,
1483 1298 1538 1325 ac
1566 1286 1629 1326 ita
1652 1297 1737 1336 per

99 1360 247 1395 totum
268 1354 393 1394 vitae
414 1355 617 1406 spatium
638 1357 936 1396 mendicandi
957 1369 1041 1408 pro
1064 1357 1250 1397 Christo
1274 1358 1576 1398 occasionem
1601 1357 1736 1397 habe-

97 1436 161 1465 re.
182 1424 272 1466 Sed
289 1424 443 1476 Pater,
462 1438 520 1465 ne
536 1426 663 1478 pium
683 1427 922 1467 videretur
939 1439 1161 1479 spernere
1178 1429 1476 1479 desiderium,
1497 1440 1582 1468 nec
1600 1429 1742 1469 etiam

99 1503 273 1537 temere
289 1508 373 1537 suo
391 1509 622 1537 consensu
639 1499 842 1549 puellam
858 1499 904 1538 in
921 1506 1181 1539 extremam
1198 1500 1355 1540 statim
1380 1501 1629 1551 proiicerct
1647 1500 1739 1539 ino-

97 1569 238 1620 piam,
258 1568 511 1619 prudenter
529 1569 570 1609 ei
587 1570 842 1620 respondit,
861 1571 1093 1622 inquiens:
1118 1572 1190 1611 “tu
1206 1571 1405 1611 necdum
1422 1578 1603 1611 tantam
1617 1571 1743 1622 apud

98 1639 350 1680 Dominum
362 1640 573 1680 meruisti
594 1641 953 1692 perfectionem;
972 1642 1053 1682 sed
1076 1643 1230 1693 potius
1256 1643 1470 1683 omnibus
1490 1643 1572 1682 tibi
1594 1643 1740 1694 preci-

97 1710 182 1751 bus
200 1711 468 1752 instandum
485 1718 554 1752 est
570 1720 618 1752 ut
635 1713 824 1753 tandem
845 1714 933 1753 hac
949 1715 1106 1764 gratia
1123 1714 1265 1765 digna
1283 1715 1582 1765 inveniaris,⁷
1602 1715 1742 1754 Tales

98 1782 174 1822 hic
194 1783 351 1834 plures
372 1790 501 1824 sunt:
525 1784 709 1836 aliquae
730 1785 894 1836 etiam,
919 1786 1074 1825 multis
1096 1786 1390 1826 abundantes
1407 1787 1599 1835 divitiis,
1622 1797 1740 1837 quas

100 1865 260 1894 omnes
286 1854 346 1894 ad
366 1861 529 1895 nutum
548 1855 702 1896 Patris
731 1857 975 1908 resignare
1003 1865 1047 1897 et
1075 1858 1300 1909 quidquid
1327 1870 1413 1909 pro
1444 1857 1532 1898 Dei
1560 1858 1740 1897 honore

101 1925 199 1965 fieri
215 1932 374 1976 posset
395 1925 577 1966 efficere
595 1934 701 1967 sunt
718 1928 1062 1979 paratissimae.

178 1996 421 2048 Quaedam
455 1999 670 2039 monialis
705 1999 938 2050 professa,
977 2001 1222 2041 subtilibus
1257 2002 1537 2052 quibusdam
1565 2002 1739 2041 diaboli

99 2069 374 2109 commentis
397 2070 517 2109 male
538 2082 778 2121 persuasa,
803 2072 863 2111 ad
881 2074 1122 2112 saeculum
1144 2072 1297 2113 redire
1323 2085 1529 2124 suaeque
1550 2074 1742 2124 profes—

99 2139 248 2179 sionis
269 2140 552 2191 religionem
574 2141 842 2193 relinquere
863 2144 983 2183 clam
1004 2144 1226 2194 fugiendo
1245 2144 1475 2191 decrevit;
1500 2156 1554 2184 eo
1583 2151 1744 2184 tamen

98 2218 344 2262 praetextu
376 2213 499 2264 quod
525 2224 610 2253 suo
645 2219 855 2266 tempore
877 2214 936 2254 ad
971 2215 1184 2255 eamdem
1218 2217 1294 2255 vel
1329 2216 1528 2256 similem
1563 2216 1740 2255 reverti

99 2283 252 2322 vellet.
275 2283 425 2323 Nacta
448 2290 604 2324 autem
635 2286 883 2325 occasione
919 2292 963 2325 et
1004 2287 1173 2326 mentis
1202 2294 1481 2338 conceptum
1510 2287 1556 2326 in
1587 2292 1747 2326 actum

99 2354 354 2405 perducere
376 2355 642 2406 disponens,
673 2356 954 2397 intolerabili
977 2357 1132 2397 cordis
1160 2365 1379 2410 correpta
1401 2366 1471 2398 est
1497 2358 1732 2409 angustia,

101 2436 191 2476 qua
213 2437 318 2465 cum
339 2426 601 2466 extricandi
622 2438 670 2467 se
686 2428 876 2468 modum
898 2435 1158 2479 quaereret,
1184 2429 1240 2469 de
1262 2429 1394 2469 nobis
1417 2429 1572 2468 animo
1596 2429 1740 2468 illabi—

101 2503 174 2536 tur
196 2497 460 2536 recordatio
483 2510 490 2537 :
514 2509 623 2538 mox
646 2510 937 2550 consurgens
966 2506 1073 2540 ante
1102 2501 1267 2551 lucem,
1298 2513 1356 2540 ne
1384 2511 1524 2551 quam
1554 2511 1748 2539 suarum

103 2579 158 2607 ea
178 2567 453 2616 offenderet,
478 2569 537 2609 ad
562 2570 786 2621 templum
807 2575 1047 2621 nostrum,
1081 2571 1167 2611 ltoc
1187 2575 1272 2621 est,
1296 2570 1342 2611 S.
1375 2570 1618 2610 Michaelis
1639 2582 1741 2621 pro-

102 2645 248 2689 perat,
273 2639 351 2679 ubi
372 2651 532 2680 omnes
554 2640 750 2681 liberum
776 2642 836 2682 ad
856 2654 942 2682 nos
972 2654 1217 2683 accessum
1239 2642 1428 2690 habent,
1461 2648 1506 2681 et
1534 2642 1744 2682 maxima

103 2710 460 2761 compunctione
494 2711 940 2765 lachrymarumque
977 2713 1282 2753 inundatione
1319 2713 1529 2753 confiteri
1566 2714 1734 2764 coepit,

104 2792 190 2820 nec
224 2781 330 2821 inde
365 2782 579 2822 discessit
614 2783 887 2835 priusquam
921 2786 1121 2825 mirabili
1156 2786 1362 2836 quadam
1404 2784 1743 2824 illuminatione

103 2852 270 2892 mentis
297 2852 345 2892 in
370 2858 551 2893 tantam
578 2855 895 2895 conscientiae
923 2856 1286 2896 denudationem
1316 2861 1439 2895 esset
1464 2855 1669 2906 inducta,
1694 2862 1746 2896 ut

105 2922 161 2962 ab
183 2923 377 2964 infantia
398 2936 654 2976 numquam
675 2932 770 2965 tam
792 2933 900 2977 apte
921 2933 966 2967 et
986 2928 1169 2978 integre
1191 2927 1314 2966 sicut
1334 2926 1423 2966 hac
1446 2926 1544 2966 vice
1566 2938 1615 2966 se
1638 2938 1743 2966 con-

103 2992 275 3034 fessam
294 2995 483 3035 diceret.
508 2996 575 3036 lta
597 2996 704 3036 hinc
724 3004 861 3048 atque
878 2998 985 3038 inde
1008 2999 1254 3039 diabolicis
1275 2998 1475 3039 detectis
1506 2998 1742 3048 versutiis,
