2080 3392
802 213 886 250 AN.
917 211 1010 250 1553
1662 209 1729 246 109

86 325 236 366 neque
257 311 384 352 aliud
405 310 599 362 aliquid,
625 310 750 362 quod
779 310 827 350 in
848 309 1185 361 poenitentiam
1211 308 1547 358 iniungeretur,
1572 306 1729 346 facere

91 390 262 437 posset.
285 383 417 422 Haec
438 393 570 432 VerO,
595 381 673 421 ubi
695 381 942 432 aliquoties
964 380 1179 420 confessa
1198 386 1281 427 est,
1306 379 1371 418 ita
1393 378 1519 418 vires
1541 389 1727 429 recupe-

89 455 226 505 ravit,
250 460 299 493 ut
320 465 414 493 non
434 453 529 493 iam
550 452 615 492 illi
636 452 753 492 satis
774 452 880 501 sint,
907 462 1026 502 quae
1048 462 1074 489 a
1097 450 1387 490 confessario
1409 449 1728 500 imponuntur,

84 527 195 579 quin
216 512 352 577 plura
375 535 515 575 quam
537 523 594 563 ab
616 535 669 562 eo
691 523 1044 574 permittantur,
1069 532 1152 560 sua
1176 527 1343 572 sponte
1370 520 1612 571 suscipiat.
1637 518 1724 559 No-

84 598 187 638 bilis
218 595 454 648 quaedam
476 601 693 634 matrona
711 593 881 643 (dicam
899 592 1021 632 enim
1039 592 1095 632 de
1112 593 1358 632 mulierum
1377 592 1518 631 etiam
1538 591 1729 642 pietate,

86 668 271 720 quando
307 667 398 706 huc
429 666 698 716 incidimus,
731 665 853 716 quod
886 664 1127 714 occurrit),
1152 675 1257 703 cum
1291 663 1436 714 ipsius
1467 663 1673 702 animum
1703 673 1730 701 a

86 738 258 779 nostris
280 737 583 777 concionibus
603 737 675 776 vir
693 736 791 775 eius
814 736 953 775 vellet
976 740 1207 783 avertere,
1227 734 1533 785 laudaretque
1551 733 1729 783 magni-

87 810 191 860 fice,
226 820 364 860 quem
395 809 493 859 ipse
526 807 765 857 audiebat,
805 807 1207 855 concionatorem,
1247 805 1488 856 respondit
1523 805 1733 844 modeste

87 880 294 933 quidem,
319 880 401 920 sed
423 887 579 919 tamen
602 884 758 919 acute:
778 889 862 917 cur
883 884 932 917 tu
961 877 1104 928 igitur
1130 875 1523 928 quemadmodum
1557 887 1644 927 ego
1668 876 1735 915 vi-

89 952 230 992 vendi
257 951 490 991 rationem
516 962 610 990 non
630 949 813 990 mutas?
833 949 977 1000 pluat,
1002 948 1165 999 inquit,
1190 959 1323 997 saxa;
1348 945 1394 986 S.
1420 947 1603 987 Nicolai
1629 958 1733 986 con-

89 1024 247 1064 ciones
273 1035 367 1062 non
395 1022 624 1062 deseram.
655 1020 816 1072 Neque
843 1032 958 1060 vero
986 1031 1081 1059 non
1115 1019 1257 1059 etiam
1288 1019 1366 1058 alii
1394 1030 1534 1069 quam
1561 1018 1732 1058 idiotae

89 1094 223 1135 nobis
245 1094 361 1133 bene
383 1100 490 1133 sunt
512 1092 686 1142 affecti,
720 1092 812 1132 imo
842 1103 957 1131 vero
988 1096 1033 1130 et
1059 1091 1185 1131 docti
1215 1096 1259 1130 et
1290 1089 1516 1140 religiosi.
1552 1088 1738 1129 Scimus

88 1165 413 1206 franciscanos
434 1163 620 1214 fratres,
649 1163 980 1203 observantiae
1001 1162 1146 1213 vulgo
1164 1160 1328 1211 dictos,
1355 1160 1608 1212 aliquando
1631 1161 1733 1200 soli-

89 1243 163 1277 tos
179 1236 323 1276 fuisse
341 1235 474 1275 nobis
488 1235 736 1275 detrahere
753 1234 1099 1284 multorumque
1117 1233 1300 1272 animos
1318 1244 1343 1272 a
1355 1232 1489 1271 nobis
1502 1237 1734 1271 avertere.

90 1307 223 1348 Nunc
245 1313 401 1347 tamen
423 1307 487 1346 ita
508 1312 713 1346 mutatos
735 1306 891 1345 animo
913 1316 1015 1344 esse
1038 1309 1242 1354 constat,
1268 1309 1316 1343 ut
1338 1303 1438 1342 eius
1461 1303 1734 1343 monasterii

90 1390 303 1431 praeses,
327 1378 405 1429 qui
426 1378 549 1418 idem
580 1377 930 1417 concionatoris
952 1387 1075 1415 nunc
1098 1375 1307 1426 fungitur
1340 1386 1553 1424 munere,
1579 1375 1736 1425 palam

91 1451 211 1491 inter
232 1449 607 1490 concionandum
627 1448 791 1500 paucis
812 1454 919 1487 ante
941 1447 1103 1487 diebus
1130 1446 1435 1497 lachrymans
1464 1446 1735 1485 hortaretur

90 1528 141 1562 ut
162 1521 221 1561 ad
242 1532 328 1561 nos
350 1520 649 1570 accederent,
674 1520 820 1559 multa
842 1519 1030 1559 interim
1052 1526 1096 1558 et
1127 1517 1431 1568 amplissimis
1463 1524 1506 1556 et
1539 1516 1736 1556 ornatis-

92 1592 220 1633 simis
250 1592 409 1632 verbis
431 1592 487 1632 de
516 1597 706 1631 nostrae
729 1589 977 1631 Societatis
998 1589 1136 1629 laude
1159 1588 1410 1638 disserens,
1437 1594 1576 1639 atque
1596 1587 1738 1626 etiam

92 1664 203 1704 illud
223 1663 417 1704 adderet
439 1674 695 1714 numquam
718 1661 922 1701 defuisse
944 1671 1179 1700 summum
1203 1664 1443 1711 pastorem
1472 1658 1609 1709 gregi
1636 1669 1738 1706 suo,

92 1735 202 1787 quin
236 1735 278 1774 ei
312 1734 428 1774 fidos
463 1734 596 1773 verbi
618 1733 708 1773 Dei
735 1732 974 1772 ministros
1006 1731 1330 1783 suppeditaret
1353 1738 1396 1770 et
1420 1730 1657 1777 doctores,
1683 1741 1741 1769 ac

92 1818 214 1846 nunc
235 1817 419 1857 quoque
442 1805 576 1845 istius
596 1803 844 1844 Societatis
867 1815 1011 1855 opera
1033 1801 1262 1842 mundum
1286 1801 1507 1841 statuisse
1529 1801 1738 1840 restitue-

92 1889 155 1918 re.
188 1877 315 1918 Idem
344 1876 584 1928 professus
613 1882 682 1915 est
709 1875 792 1915 vix
819 1875 876 1914 ab
906 1875 1009 1914 aliis
1037 1874 1388 1924 eleemosynam
1419 1872 1478 1912 ad
1509 1879 1740 1912 monaste-

92 1949 213 1989 rium
234 1948 424 1998 deferri,
450 1959 591 1999 quam
613 1947 670 1987 ab
698 1947 754 1987 iis
782 1947 859 1998 qui
891 1946 1015 1997 apud
1043 1945 1155 1985 Divi
1183 1944 1366 1985 Nicolai
1395 1944 1663 1995 frequenter
1694 1951 1740 1983 et

94 2020 398 2060 concionibus
433 2019 665 2059 intersunt
701 2025 745 2058 et
782 2017 1076 2058 confitentur.
1106 2016 1238 2056 Haec
1266 2015 1362 2055 fere
1395 2015 1658 2055 Messanae.
1689 2014 1740 2054 In

94 2091 298 2132 Abbatia
319 2103 432 2131 vero
454 2091 593 2130 Dom.
617 2090 804 2130 Ioannis
833 2088 990 2129 Osorii
1012 2087 1070 2128 D.
1101 2087 1344 2139 Philippus
1371 2086 1378 2104 ¹
1409 2086 1571 2126 diebus
1593 2086 1740 2126 domi·

94 2163 211 2203 nicis
242 2174 371 2202 more
404 2163 540 2202 solito
577 2162 884 2201 concionatus
919 2166 1009 2206 est,
1046 2165 1090 2199 et
1117 2159 1331 2211 proximo
1364 2157 1575 2198 Natalitii
1603 2157 1738 2206 festo,

95 2234 254 2274 diebus
273 2234 449 2284 aliquot
471 2233 532 2273 ibi
554 2244 735 2272 moram
755 2232 865 2272 fecit
888 2230 1133 2271 audiendis
1155 2229 1528 2269 confessionibus
1550 2227 1738 2279 impedi-

94 2312 181 2346 tus.
218 2305 342 2345 Nihil
368 2305 462 2344 iam
497 2304 636 2344 credo
673 2309 886 2355 superest
914 2302 968 2342 R.
1000 2302 1047 2341 in
1073 2301 1158 2342 X.⁰
1186 2301 1341 2341 Pater.
1369 2300 1500 2340 Haec
1528 2307 1635 2339 sunt
1662 2311 1738 2340 no-

94 2382 219 2416 strae
241 2376 558 2427 negligentiae
580 2382 624 2415 et
646 2375 841 2415 inertiae
864 2373 1059 2422 indicia,
1084 2384 1202 2424 quae
1234 2372 1421 2423 quidem
1450 2371 1740 2411 tolerabilior

96 2447 254 2497 fuerit,
288 2448 327 2487 si
347 2459 433 2487 nos
454 2459 565 2486 vere
594 2447 780 2486 inutiles
809 2457 973 2485 servos
1002 2455 1319 2495 agnoscamus
1347 2442 1602 2493 demusque
1635 2453 1739 2493 ope-

97 2530 197 2558 ram
218 2525 267 2558 ut
288 2518 509 2568 deinceps
530 2518 653 2557 hanc
676 2516 925 2557 emendare
948 2523 992 2556 et
1013 2515 1334 2566 diligentiores
1356 2525 1459 2554 esse
1487 2513 1739 2565 possimus.

99 2589 233 2640 Quod
254 2596 303 2630 ut
333 2588 412 2629 fiat
439 2589 531 2629 tuis
558 2601 644 2629 nos
671 2588 888 2640 precibus
918 2599 973 2627 ac
1001 2586 1312 2627 sanctissimis
1345 2584 1589 2625 sacrificiis
1622 2595 1739 2624 voce

97 2661 273 2711 pariter
296 2667 434 2712 atque
457 2660 612 2699 animo
635 2659 833 2711 supplici
855 2657 1255 2699 commendamus

176 2732 439 2781 Messanae,
463 2731 527 2771 32
548 2731 767 2781 Ianuarii,
796 2730 912 2770 1553.

178 2803 226 2844 P.
251 2804 302 2843 Τ.
326 2803 551 2854 Indignus
573 2802 694 2842 filius
717 2808 760 2841 et
781 2801 956 2842 inutilis
979 2813 1170 2850 servus,

983 2885 1222 2925 ANTONIUS
1254 2883 1406 2924 VINCK
1441 2882 1469 2919 ².

155 2987 163 3006 ¹
205 2987 240 3016 P.
253 2987 400 3020 Joannes
412 2987 589 3020 Philippus
600 2985 754 3013 Casinus.
767 2985 853 3012 Vide
871 2985 1038 3019 Pomxxco,
1054 2985 1257 3017 Clzronic.,t.
1276 2992 1309 3014 11,
1329 2992 1407 3018 pag.
1421 2983 1489 3015 541,
1506 2990 1536 3009 n.
1552 2981 1604 3007 303
1621 2985 1653 3008 et
1666 2988 1737 3015 seq.

156 3036 168 3054 '-'
205 3035 299 3062 Haec
314 3043 334 3062 a
348 3035 489 3062 vocibus
502 3034 537 3061 P.
554 3034 587 3061 T.
601 3033 803 3067 subscripsit
820 3041 919 3060 manu
932 3033 1071 3067 propria
1083 3033 1207 3065 Vinck,
1220 3031 1446 3059 Messanensis
1459 3031 1576 3057 domus
1588 3036 1742 3062 praeses.
