2080 3392
825 183 907 219 AN.
940 182 1029 219 1554
1677 179 1747 217 517

104 280 268 320 stituto
290 278 541 319 Societatis
564 278 858 319 obseruando
882 280 1156 328 obstrictus,
1188 290 1272 318 suo
1302 278 1532 317 arbitratu
1559 282 1744 328 sponta-

103 362 208 401 neo,
246 361 352 390 cum
386 349 532 389 fratre
567 355 729 389 nostro
763 350 940 402 Jacobo
975 349 1191 398 Morelio,
1228 349 1314 389 sub
1350 348 1488 388 finem
1522 347 1741 399 Augusti,

104 420 196 461 Rdi
228 420 382 461 Patris
406 421 558 460 nostri
587 419 595 438 ¹
624 420 817 460 arbitrio
847 420 1128 472 definitoque
1157 420 1354 470 iudicio,
1388 420 1558 459 missus
1585 419 1669 459 fuit
1698 419 1745 458 in

104 491 397 533 Auuerniam
419 492 478 532 ad
499 490 642 531 R.d1³S·'
660 491 944 544 Episcopum
966 492 1302 532 Clarmontanu
1320 523 1327 541 ,
1347 497 1394 531 ut
1419 503 1477 531 ex
1498 493 1596 531 eius
1613 502 1744 542 prae-

104 564 283 615 scripto
304 563 569 603 vocationis
597 568 785 603 nostrae
812 575 1004 603 munere
1036 562 1312 614 fungeretur
1344 570 1561 614 uterque,
1596 562 1745 602 donec

103 641 234 687 peste
270 634 505 684 mitigata,
537 634 596 674 ad
622 633 950 686 Philosophiae
976 634 1220 685 periodum
1248 639 1432 674 maturo
1460 633 1613 674 reditu
1642 644 1745 673 sese

105 706 242 746 ambo
263 706 541 757 reciperent.
567 705 640 745 Ab
661 706 896 757 Episcopo
923 705 1259 745 humanissime
1287 705 1494 757 excepti,
1528 705 1587 745 ad
1608 717 1742 746 exco-

102 777 288 817 lendam
310 776 500 816 Domini
521 776 710 816 Vineam
731 777 928 827 abrupta
950 788 1083 816 mora
1105 777 1391 816 emittuntur.

183 847 304 888 Rduss
333 847 474 887 Pater
502 854 661 887 noster
688 859 889 899 egoque,
923 847 1318 898 peregrinationis
1347 848 1661 896 eius.comes,
1695 847 1742 886 in

102 919 287 970 Agrum
308 918 666 967 Crucifontanu,
690 918 881 959 Domini
902 917 1076 970 Angeli
1096 918 1328 969 Cognetii,
1353 918 1591 958 Advocati
1612 918 1741 958 Pala-

101 991 200 1041 tini,
224 996 450 1042 paternae
472 990 779 1030 haereditatis
800 989 1162 1041 possessionem,
1193 989 1479 1041 Septembris
1502 989 1712 1041 auspicio
1729 988 1743 1007 ²

101 1062 415 1110 euolauimus,
449 1067 638 1111 ereptae
668 1061 803 1101 nobis
837 1061 1002 1100 messis
1024 1060 1248 1111 spiritalis
1270 1061 1488 1109 Parisiis,
1521 1061 1740 1111 colligen-

101 1133 188 1173 dae
209 1133 402 1180 fiducia,
427 1133 656 1184 simulque
692 1132 835 1183 pestis
862 1132 1111 1183 tyrannide
1137 1144 1222 1172 nos
1255 1139 1466 1184 urgente.
1497 1132 1636 1172 Pater
1666 1143 1744 1171 no-

102 1211 197 1245 ster
220 1204 418 1255 singulis
439 1203 601 1244 diebus
624 1215 761 1244 sacra
784 1204 1027 1244 celebrans
1048 1204 1288 1255 mysteria,
1312 1205 1609 1244 nonullorum
1638 1215 1743 1243 con—

101 1277 331 1317 fessiones
366 1275 559 1316 audiuit.
597 1275 936 1327 Eleemosynae
971 1281 1068 1315 tum
1104 1275 1327 1326 spiritalis
1357 1281 1455 1315 tum
1484 1275 1744 1325 corporalis

104 1348 364 1388 ministerio
385 1346 619 1387 interdum
641 1346 846 1387 studium
869 1358 1153 1398 operamque
1174 1346 1464 1398 impendens.

180 1419 292 1459 Mox
312 1418 441 1468 mihi,
466 1418 736 1458 domesticis
757 1417 1062 1457 concionibus
1084 1418 1384 1458 mediocriter
1412 1418 1687 1466 exercitato,
1714 1429 1740 1457 a

97 1490 236 1530 Patre
257 1489 566 1542 persuadetur
585 1496 634 1529 ut
652 1501 817 1530 sacrae
836 1489 1143 1539 obedientiae,
1163 1489 1351 1529 diuinae
1368 1489 1552 1540 gratiae
1571 1489 1741 1529 auctri-

97 1563 179 1612 cis,
199 1562 373 1602 auxilio
390 1561 553 1612 fretus,
573 1561 771 1612 singulis
787 1560 949 1601 diebus
967 1561 1132 1611 sacris,
1157 1561 1216 1601 ad
1233 1561 1456 1612 populum
1473 1561 1740 1600 cocionatu-

96 1645 176 1674 rus
198 1634 244 1673 in
266 1639 543 1685 suggestum
565 1632 896 1673 conscendam:
920 1644 1012 1684 quo
1034 1644 1241 1683 munere,
1265 1633 1491 1672 trimestri
1518 1632 1615 1672 fere
1638 1643 1743 1683 spa·

96 1706 175 1754 ti0‚
201 1705 248 1744 in
268 1705 467 1745 diuersis
488 1704 626 1756 pagis
648 1704 945 1744 circuuicinis
969 1715 1076 1744 cum
1107 1703 1377 1744 auditorum
1404 1703 1666 1755 frequentia
1699 1709 1743 1743 et

100 1777 357 1816 attentione
378 1775 566 1816 functus
587 1787 705 1826 sum,
729 1775 965 1815 interdum
986 1787 1078 1815 uno
1101 1775 1358 1827 eodemque
1381 1776 1454 1816 die
1476 1775 1522 1815 in
1544 1775 1744 1815 diuersis

100 1848 215 1888 locis
239 1848 407 1888 iterata
430 1847 671 1887 concione.
695 1847 797 1887 Hoc
818 1847 894 1887 Vel
915 1847 1119 1887 maxime
1147 1847 1306 1898 populi
1336 1847 1474 1887 fidem
1503 1846 1739 1894 vincebat,

97 1919 221 1971 quod
242 1920 419 1959 nullum
442 1918 646 1958 studium
667 1918 831 1958 salutis
853 1930 1036 1969 eorum,
1062 1926 1221 1970 spreta
1254 1924 1323 1959 ois
1351 1917 1570 1970 stipendii
1598 1924 1642 1958 et
1671 1924 1744 1957 co-

98 1985 510 2031 uiuiorum'oblata
532 2002 629 2042 spe,
654 1990 805 2030 omitti
835 1998 1097 2041 cernerent,
1127 1997 1171 2031 et
1199 2002 1272 2030 me
1302 1995 1600 2030 sacramenta
1629 1989 1747 2030 Con-

100 2062 317 2102 fessionis
339 2068 479 2114 atque
501 2062 843 2102 communionis
865 2062 1241 2114 frequentantem
1264 2062 1604 2113 conspicerent.
1625 2061 1745 2111 Deo,

99 2139 294 2185 grarum
316 2133 515 2174 actionis
537 2133 657 2182 vice,
682 2134 887 2174 attribuo
910 2134 1132 2186 quicquid
1150 2134 1361 2183 tandem,
1387 2145 1470 2185 per
1495 2133 1663 2184 fragile
1681 2133 1745 2172 in-

101 2205 304 2256 utileque
321 2205 503 2255 gratiae
522 2216 635 2245 suae
652 2206 914 2253 vasculum,
934 2205 1182 2245 animabus
1199 2205 1462 2245 sitientibus
1479 2204 1747 2244 ministrare

104 2276 327 2327 dignatus
349 2282 433 2316 est.

181 2346 374 2387 Praeter
405 2347 549 2387 diuini
576 2348 709 2388 verbi
744 2348 1004 2388 iniunctum
1040 2348 1152 2388 mihi
1187 2348 1468 2398 ministeriu,
1505 2348 1748 2388 erudiendi

101 2418 386 2458 filiifamilias
409 2430 522 2458 cura
543 2418 655 2458 mihi
677 2431 860 2471 quoque
887 2418 1218 2468 demandatur,
1253 2419 1327 2459 cui
1357 2420 1491 2459 binas
1522 2420 1748 2460 lectiones

102 2490 309 2541 quotidie
331 2489 554 2540 praelegi,
579 2491 778 2530 alteram
800 2490 987 2542 quidem
1017 2490 1064 2530 in
1095 2489 1361 2530 Rhetoricis
1387 2490 1653 2542 praeceptis
1683 2491 1745 2531 lo-

103 2561 261 2612 cisque
290 2560 572 2610 dialecticis,
605 2562 800 2601 alteram
827 2573 942 2601 vero
972 2561 1018 2600 in
1045 2561 1232 2613 graecis
1260 2561 1441 2601 litteris.
1471 2561 1642 2601 Mirum
1673 2569 1746 2601 est

102 2643 243 2684 quam
264 2637 393 2672 arcte
414 2638 635 2683 parentes
666 2643 715 2672 se
742 2632 877 2672 nobis
905 2632 1147 2672 deuinctos
1180 2638 1456 2683 agnoscant,
1495 2638 1746 2673 renuentes

103 2703 483 2743 constantissime
514 2703 776 2754 pecuniam,
806 2702 1053 2754 impendiis
1080 2704 1196 2743 meis
1222 2703 1535 2743 trimestribus
1564 2704 1742 2744 soluen-

104 2774 174 2814 dis
196 2786 223 2814 a
244 2774 384 2814 Patre
406 2774 521 2825 ipsis
543 2774 761 2823 oblatam,
787 2780 974 2825 praeter
1003 2774 1379 2826 expectationem
1407 2775 1593 2826 quidem
1614 2781 1743 2824 eoru,

159 2957 167 2977 ¹
208 2957 516 2985 PaschasiiBroe't.

158 3004 172 3023 2
212 3005 325 3033 im'tz'o.
344 3006 522 3033 Polancus.
