2080 3392
834 225 915 262 AN.
947 225 1038 262 1553
1680 221 1750 257 475

108 328 250 378 plega
270 324 512 365 inchirnos
533 323 679 363 dellas
700 325 727 362 a
748 333 914 373 mayor
935 321 1087 373 gloria
1109 334 1140 373 y
1155 322 1307 361 honra
1327 320 1382 360 de
1399 331 1452 361 su
1474 318 1633 359 divina
1652 328 1744 358 ma-

108 395 293 448 gestad,
315 396 360 436 lo
387 406 476 447 que
507 393 764 435 confiamos
789 404 875 445 por
897 404 950 432 su
977 392 1179 443 bondad‚
1209 403 1241 442 y
1262 391 1508 441 oraciones
1536 389 1593 429 de
1614 389 1674 430 V.
1694 387 1744 428 P.

188 466 260 507 De
281 465 534 518 Coymbra,
558 465 813 516 penultimo
835 464 891 504 de
911 461 1194 504 Noviembre
1217 462 1272 503 de
1299 462 1413 502 1553.

189 537 279 578 Por
300 536 603 578 commission
623 535 697 576 del
717 547 761 587 p.
786 534 893 575 Don
914 534 1057 585 Leon,

190 609 324 649 inutil
346 608 502 648 siervo
523 620 554 659 y
574 606 784 659 yndigno
805 604 898 656 hijo
921 606 977 646 de
1000 605 1059 646 V.
1083 605 1159 645 P.d

1082 746 1331 787 MELCHIOR
1360 745 1533 786 COTTA.

192 963 562 1016 superscriptio.
585 961 616 1015 †
634 963 698 1003 2?
717 962 809 1012 via,
835 961 909 1002 del
929 973 1027 1001 mes
1049 960 1105 1001 de
1124 960 1165 1001 N
1169 961 1407 1001 ouiembre
1429 959 1485 999 de
1505 958 1598 998 553.

191 1036 279 1076 Del
299 1035 507 1085 Collegio
530 1034 586 1074 de
606 1033 843 1085 Coymbra
863 1033 933 1084 p.a
952 1031 1115 1072 Roma.

191 1106 303 1147 Alia
343 1117 505 1146 manu.
545 1104 659 1144 1553.
700 1104 873 1145 Coim.a
906 1103 955 1144 P.
994 1103 1223 1144 Melchior
1259 1103 1418 1152 Cotta,
1456 1099 1654 1153 penult.⁰
1696 1098 1752 1138 de

109 1178 252 1219 Nou.e

844 1603 1044 1659 CGLX

185 1693 233 1732 Ρ.
253 1692 514 1730 Leonardus
534 1691 693 1729 Kessel

232 1758 355 1796 Patri
374 1757 544 1805 Ignatio
564 1756 617 1795 de
636 1756 820 1805 Loyola.

279 1823 482 1868 Colonia,
503 1822 526 1860 9
545 1822 804 1860 Decembris
825 1822 916 1861 1553
936 1822 960 1859 ¹.

893 2050 1009 2139 Jlius

197 2316 298 2357 Pax
319 2316 401 2357 Χ.ἰ

194 2388 256 2428 Ut
276 2394 469 2428 sanctae
491 2388 819 2428 consuetudini
840 2400 1020 2428 morem
1036 2399 1274 2440 geramus,
1295 2387 1460 2439 paucis
1478 2386 1762 2437 perstringe-

116 2471 219 2499 mus
239 2471 358 2511 quae
380 2460 629 2500 scribenda
650 2460 946 2500 videbuntur.
971 2459 1016 2500 A
1031 2460 1205 2500 nostris
1223 2459 1446 2500 Coloniae
1466 2458 1761 2510 incipientes,

114 2542 234 2582 quae
256 2530 428 2571 afflicta
449 2537 493 2570 et
516 2543 542 2570 a
564 2530 766 2571 Domino
788 2543 1013 2582 percussa
1034 2531 1121 2571 sub
1141 2530 1320 2582 potenti
1342 2541 1484 2570 manu
1506 2528 1595 2569 Dei
1615 2529 1763 2568 humi-

115 2602 229 2642 liata
256 2602 397 2652 iacet,
435 2601 638 2653 undique
664 2613 752 2641 nos
783 2601 1090 2642 circumdedit
1122 2602 1244 2653 ignis
1272 2601 1347 2641 ille
1374 2600 1647 2652 pestiferus,
1682 2600 1765 2640 sed

117 2672 349 2714 Dominus
370 2685 456 2713 nos
478 2672 781 2713 conservavit
801 2672 1018 2725 deditque
1045 2673 1272 2724 gratiam,
1303 2684 1397 2712 non
1430 2673 1584 2712 solum
1611 2677 1660 2711 ut
1688 2683 1764 2722 pe-

118 2750 238 2784 stem
250 2757 344 2784 non
362 2745 647 2794 timeremUS,
668 2744 751 2784 sed
767 2750 817 2784 ut
833 2744 892 2784 ad
909 2750 1039 2796 peste
1056 2744 1326 2784 laborantes
1343 2743 1502 2783 vocati
1519 2742 1765 2783 accedere-

118 2827 221 2856 mus
243 2815 304 2856 ad
324 2827 486 2856 eorum
508 2815 827 2856 confessiones
849 2815 1053 2867 (praeter
1071 2827 1166 2865 eas,
1187 2827 1304 2867 quas
1322 2815 1369 2855 in
1390 2815 1543 2854 Divae
1564 2815 1766 2855 Ursulae

120 2887 351 2937 audimus,
375 2893 419 2927 et
441 2887 716 2938 concioneS‚
741 2898 858 2938 quas
888 2898 1017 2927 more
1046 2887 1183 2928 solito
1215 2887 1340 2939 apud
1362 2886 1514 2926 Divae
1543 2885 1765 2937 Agathae

177 3047 186 3067 ¹
229 3048 487 3083 Apographum‚
504 3049 584 3076 folio
600 3049 709 3082 unico,
726 3057 757 3076 n.
775 3048 820 3075 30,
