2080 3392
315 180 386 216 4¹20
823 178 1052 215 LITTERAE
1078 189 1433 221 QUADRIMESTRES

316 287 418 316 rum
440 274 563 313 dictu
585 278 810 324 quantum
829 272 889 312 ad
905 273 1248 324 suscipiendam
1268 273 1341 313 Xst
1368 273 1504 314 fidem
1530 274 1817 315 incitaretur.
1851 276 1941 317 Sed

315 346 462 385 hostis
493 345 710 395 antiquus
743 356 835 383 non
868 343 1022 383 ferens
1055 355 1187 384 suam
1222 344 1279 383 ab
1315 345 1469 384 anima
1505 345 1582 385 illa
1618 345 1938 397 deiectionem,

316 429 409 456 non
430 416 522 455 iam
545 422 593 455 ut
619 415 748 466 prius
770 415 898 455 illum
920 421 1113 465 tentare,
1138 415 1220 455 sed
1240 416 1378 466 longe
1398 416 1620 466 validius,
1645 416 1861 468 omnique
1883 424 1946 468 (ut

316 487 505 536 dicitur)
540 486 739 525 telorum
775 496 948 536 genere
974 486 1125 536 coepit
1160 496 1446 536 oppugnare.
1484 487 1541 526 Et
1576 488 1726 537 primo
1759 487 1943 538 quidem

314 563 500 596 tentans
522 557 559 596 si
579 568 668 607 quo
691 556 827 596 modo
848 562 1005 607 posset
1025 556 1082 595 ab
1105 555 1196 604 illo,
1222 555 1344 607 quod
1365 563 1665 608 conceperat,
1694 557 1940 609 desyderio

315 628 413 667 eius
447 633 648 667 mentem
684 637 910 666 avocare:
942 626 1219 666 immittebat
1248 627 1290 666 ei
1318 627 1592 667 memoriam
1622 628 1940 679 pecuniarum,

313 699 500 749 generis
529 698 841 748 nobilitatem,
872 709 1028 737 rerum
1056 709 1282 748 amorem,
1315 697 1491 737 fluxam
1520 699 1695 738 saeculi
1724 699 1941 749 gloriam.

314 770 443 820 Quae
472 780 577 808 cum
606 780 771 820 parurn
797 768 1019 819 prodesse
1046 768 1361 819 conspiceret,
1391 768 1585 819 gravius
1614 780 1719 809 eum
1750 770 1947 820 aggredi

313 852 406 880 non
436 846 504 879 est
532 846 792 879 cunctatus.
823 839 961 879 Modo
997 839 1119 879 enim
1146 845 1190 879 et
1219 839 1360 878 animi
1388 846 1431 879 et
1459 840 1691 890 corporis,
1727 852 1817 891 qua
1849 842 1944 891 pol-

313 911 457 961 lebat,
482 911 528 950 in
550 910 769 961 periculis
789 909 1132 960 fortitudinem;
1168 910 1291 961 apud
1312 922 1422 950 suos
1442 910 1629 950 foedam
1659 911 1944 961 ignominiae

313 987 475 1021 notam
511 987 555 1020 et
581 981 788 1021 vicinum
817 981 930 1020 satis
958 981 1285 1032 adipiscendae
1312 981 1541 1021 libertatis
1568 987 1750 1032 tempus
1779 993 1944 1033 sugge-

314 1052 458 1092 rebat.
483 1052 660 1102 Quibus
681 1052 820 1091 rebus
842 1062 1062 1102 magnam
1084 1051 1278 1091 callidus
1299 1052 1373 1091 ille
1395 1064 1587 1103 serpens
1606 1053 1945 1104 cogitationum

313 1123 482 1162 nubem
515 1123 556 1162 ei
589 1123 859 1162 suscitabat.
899 1122 1027 1173 Quae
1062 1123 1216 1162 omnia
1251 1122 1529 1163 daemonum
1562 1130 1851 1163 tentamenta
1890 1135 1943 1163 eo

312 1200 657 1245 processerunt,
682 1200 729 1233 ut
752 1194 912 1233 audire
933 1193 1074 1244 ipsos,
1100 1206 1154 1233 ac
1176 1193 1215 1233 si
1237 1194 1411 1245 aliquot
1432 1205 1592 1234 secum
1609 1201 1764 1234 essent
1787 1195 1942 1241 amici,

312 1265 586 1316 pollicentes
615 1265 701 1304 sibi
730 1264 988 1314 videretur;
1019 1275 1073 1303 ac
1103 1264 1167 1303 ita
1202 1265 1474 1315 pollicentes
1503 1270 1552 1304 ut
1588 1264 1788 1316 quodvis
1821 1265 1944 1304 aliud

312 1336 466 1386 potius
488 1334 649 1375 deesse
671 1346 810 1386 quam
832 1334 943 1374 illud
964 1334 1088 1385 quod
1111 1334 1448 1385 pollicebantur
1468 1342 1640 1386 posset.
1668 1335 1802 1375 Adde
1824 1336 1946 1387 quod

313 1405 539 1445 silendum
573 1406 706 1445 nobis
739 1417 832 1444 non
859 1411 941 1444 est.
980 1404 1194 1455 Quadam
1228 1405 1442 1445 videlicet
1477 1412 1612 1446 nocte
1647 1406 1694 1446 in
1729 1407 1941 1446 oratione

313 1476 479 1527 posito,
504 1487 661 1527 quam,
695 1487 779 1526 pro
801 1476 999 1516 veritate
1028 1475 1112 1515 sibi
1144 1475 1509 1527 manifestanda,
1540 1488 1701 1516 coram
1732 1476 1944 1517 crucifixi

313 1547 516 1597 imagine
545 1559 571 1586 a
599 1547 755 1586 multis
787 1547 880 1586 iam
910 1546 1124 1586 noctibus
1160 1545 1354 1586 fundere
1388 1553 1718 1605 consueverat,
1756 1559 1939 1599 reprae-

312 1624 522 1658 sentasse
545 1617 797 1657 daemones
818 1617 1057 1669 propriam
1078 1617 1254 1657 orantis
1277 1617 1544 1668 imaginem,
1570 1629 1799 1669 quumque
1823 1630 1941 1669 eam,

312 1689 455 1729 veluti
482 1689 528 1728 in
558 1696 683 1728 terra
713 1688 784 1738 (ut
810 1688 897 1727 sibi
927 1687 1199 1738 videbatur)
1228 1688 1452 1739 positam,
1484 1696 1606 1728 esset
1632 1689 1845 1740 intuitus,
1880 1690 1944 1730 ita

311 1771 415 1800 eam
444 1771 635 1799 cernere
662 1760 749 1799 sibi
776 1759 905 1799 visus
933 1765 1002 1799 est
1033 1759 1309 1808 deformem,
1339 1765 1387 1799 ut
1415 1771 1499 1810 pro
1529 1760 1726 1811 ingenti,
1753 1772 1843 1812 quo
1876 1767 1944 1800 est

310 1832 551 1882 perculsus
585 1830 770 1879 timore,
806 1830 913 1870 licet
948 1836 1116 1870 natura
1143 1837 1266 1870 esset
1300 1830 1579 1882 intrepidus,
1616 1831 1754 1881 gravi
1790 1843 1939 1871 corre·

310 1908 416 1954 ptus
438 1902 578 1952 febre,
603 1902 881 1942 decumbere
903 1907 1176 1952 cogeretur;
1201 1902 1356 1953 itaque
1378 1902 1568 1942 territus
1597 1903 1809 1954 maleque
1835 1902 1944 1942 affe-

313 1980 414 2013 ctus
438 1973 608 2013 mansit
630 1973 707 2012 illa
730 1973 817 2012 die.
845 1972 1069 2012 Omittam
1090 1973 1189 2023 hic,
1214 1985 1271 2012 ne
1293 1973 1380 2012 sim
1401 1974 1503 2024 plus
1526 1985 1674 2025 aequo
1697 1974 1940 2025 prolixior,

312 2042 703 2094 quemadmodum
725 2042 920 2092 singulis
941 2042 1170 2090 noctibus,
1194 2048 1243 2082 ut
1270 2042 1471 2092 primum
1493 2055 1541 2083 se
1564 2044 1764 2083 orationi
1788 2043 1943 2092 dabat,

312 2114 468 2154 valido
497 2120 726 2164 gravatus
753 2125 916 2153 somno
948 2113 1006 2152 ad
1033 2119 1208 2152 terram
1235 2113 1436 2153 caderet.
1474 2113 1590 2154 Cum
1620 2114 1764 2165 igitur
1795 2120 1863 2154 tot
1891 2126 1945 2154 ac

313 2184 454 2224 tantis
488 2184 781 2223 inimicorum
814 2183 995 2223 insidiis
1022 2190 1161 2235 atque
1190 2183 1432 2224 fraudibus
1458 2185 1661 2236 undique
1691 2196 1739 2225 se
1769 2185 1947 2225 videret

313 2255 707 2301 circumventum,
745 2254 824 2294 uni
859 2266 917 2294 ex
945 2254 1161 2294 Patribus
1191 2266 1270 2305 ea,
1301 2266 1419 2306 quae
1448 2256 1763 2306 contigerant,
1801 2255 1946 2296 ferme

313 2326 470 2365 omnia
492 2325 728 2377 patefecit.
753 2325 960 2376 Cumque
992 2326 1049 2364 ab
1077 2337 1131 2364 eo
1161 2325 1323 2365 fuisset
1351 2326 1543 2366 edoctus
1572 2326 1766 2366 Dnicae.
1797 2328 1948 2366 crucis

315 2397 562 2446 vexillum,
601 2402 645 2436 et
679 2396 816 2435 fidem
849 2395 907 2435 ad
941 2395 1112 2435 Dnum.
1151 2396 1562 2447 inexpugnabilem
1597 2397 1730 2437 nobis
1764 2409 1949 2437 murum

315 2478 439 2516 esse,
465 2467 541 2506 illo
571 2466 791 2518 deinceps
822 2466 1048 2506 adversus
1078 2467 1354 2507 insultantes
1378 2467 1536 2507 hostes
1562 2468 1799 2508 muniebat
1829 2479 1944 2508 sese.

315 2537 609 2588 Tantumque
644 2538 750 2577 inde
786 2537 947 2577 habuit
983 2537 1166 2585 auxilii,
1204 2544 1253 2577 ut
1288 2537 1343 2577 de
1378 2537 1483 2577 fidei
1519 2544 1709 2578 nostrae
1748 2539 1946 2579 veritate

315 2608 515 2658 amplius
552 2619 649 2648 non
685 2608 956 2659 ambigeret.
993 2607 1136 2647 Immo
1175 2609 1249 2647 vel
1286 2608 1375 2648 hoc
1413 2620 1504 2648 uno
1543 2615 1773 2649 assereret
1797 2601 1945 2660 “argu-

316 2686 473 2718 mento
497 2678 671 2718 Christi
698 2678 835 2718 fidem
855 2690 955 2718 esse
976 2690 1137 2718 veram
1159 2678 1295 2718 facile
1316 2690 1454 2730 posse
1475 2680 1791 2730 comprobari,
1825 2681 1948 2732 quod

317 2754 499 2788 tantum
522 2749 579 2789 sit
603 2749 650 2788 in
669 2749 758 2789 hoc
784 2749 919 2799 signo
940 2749 1150 2799 virtutis,
1181 2755 1230 2788 ut
1258 2749 1533 2789 daemonum
1563 2750 1687 2790 acies
1718 2750 1775 2790 ab
1803 2762 1856 2790 ea
1884 2751 1947 2790 vi-

317 2824 392 2858 cta
420 2819 678 2870 profugiat,
713 2831 768 2860 ac
803 2820 946 2859 veluti
977 2819 1132 2859 fumus
1160 2819 1322 2859 territa
1350 2827 1616 2860 evanescat.
1654 2821 1824 2861 Mirum
1857 2828 1947 2861 stu-

318 2890 612 2941 pendumque
635 2891 692 2930 ad
714 2890 1006 2941 propositum
1026 2891 1115 2930 hoc
1137 2890 1333 2930 subdam
1354 2890 1641 2942 prodigium,
1665 2897 1710 2931 et
1737 2892 1859 2943 quod
1889 2892 1947 2932 ad

318 2959 491 2999 Christi
508 2961 707 3011 gloriam
726 2961 867 3000 faciat
884 2960 1101 3009 maxime,
1122 2961 1245 3012 quod
1266 2961 1471 3000 Thomae
1493 2973 1650 3012 opera,
1674 2962 1944 3013 priusquam
