2080 3392
837 198 920 232 AN.
954 196 1044 233 1553
1692 196 1759 233 187

112 293 288 333 factum
315 298 386 332 est
417 292 623 332 maxima
660 293 998 342 poenitentium
1025 293 1224 332 utilitate
1255 299 1298 333 et
1330 293 1666 333 consolatione.
1706 293 1756 333 In

115 369 274 403 nostro
297 363 469 413 templo
492 362 690 402 habetur
712 363 878 403 concio
900 363 1127 403 mediocri
1149 370 1383 404 conventu
1409 370 1454 404 et
1475 364 1753 415 frequentia,

115 446 170 474 ac
190 434 469 486 praesertim
491 440 836 485 matronarum,
857 434 903 474 in
921 434 1086 486 quibus
1105 440 1212 475 sunt
1229 447 1347 486 quae
1365 436 1527 486 procul
1543 435 1756 475 habitant

114 516 183 555 ac,
198 505 370 545 omissa
388 505 629 555 concione,
650 517 770 557 quae
787 506 834 545 in
852 517 1034 545 summo
1052 505 1251 546 habetur
1266 508 1452 558 templo,
1469 506 1529 546 ad
1545 514 1754 546 nos'con-

114 576 288 616 volant.
312 575 364 616 In
384 576 510 616 omni
529 577 877 627 propemodum
899 576 1124 616 concione
1151 577 1407 617 incitantur
1429 578 1675 618 christiani
1697 578 1755 617 ad

113 646 525 687 §aeramentorum
557 659 713 698 usum;
738 648 910 688 etenim
941 648 987 687 in
1016 647 1106 687 hac
1134 648 1248 687 urbe
1278 649 1434 699 potius
1463 649 1590 689 soliti
1617 652 1756 688 erant

113 718 212 758 vl'rz'
230 718 340 758 bom·
356 729 458 758 sese
481 719 594 759 dare
616 719 719 759 aliis
740 719 930 770 pietatis
948 719 1125 769 officiis,
1145 719 1365 759 nimirum
1382 721 1694 771 eleemosynis
1712 727 1756 759 et

113 789 436 830 huiuscemodi
458 791 766 831 humanitatis
788 791 988 841 meritis;
1012 801 1137 830 nnnc
1163 802 1275 830 vero
1297 791 1485 842 plurimi
1516 803 1670 831 rerum
1693 792 1754 831 di-

111 861 330 901 vinarum
354 862 653 913 perstudiosi,
686 869 783 902 tam
810 863 901 902 viri
929 874 1069 913 quam
1100 861 1347 912 foeminae,
1371 869 1541 902 octavo
1573 875 1755 914 quoque

111 931 183 972 die
205 932 378 972 Christi
399 933 502 972 Iesu
527 945 759 984 mensam,
784 933 1080 974 confessione
1107 940 1376 985 praeeunte,
1408 933 1602 981 adeunt,
1633 946 1687 973 ac
1710 935 1756 974 in

111 1002 237 1043 feriis
258 1002 439 1044 Natalis
461 1004 698 1044 Dominici
720 1016 943 1046 numerus
963 1017 1139 1054 eorum,
1166 1005 1246 1056 qui
1262 1005 1426 1044 sordes
1452 1012 1755 1056 peccatorum

110 1075 405 1116 confessione
427 1082 472 1115 et
495 1076 621 1117 luctu
650 1077 824 1127 eluunt,
849 1077 966 1117 adeo
998 1077 1162 1125 crevit,
1188 1084 1237 1116 ut
1259 1076 1447 1127 plurimi
1478 1087 1505 1116 a
1532 1077 1665 1116 nobis
1687 1089 1756 1117 re·

111 1147 277 1187 cedere
299 1147 374 1187 vel
394 1147 540 1188 inviti
557 1148 649 1188 alio
668 1155 966 1199 cogerentur,
992 1160 1098 1189 cum
1120 1155 1188 1188 tot
1209 1148 1349 1188 rebus
1368 1148 1589 1199 gerendis
1611 1149 1755 1200 impli-

106 1219 205 1258 cati
226 1230 389 1259 eorum
411 1219 579 1260 studiis
603 1220 797 1271 obsequi
817 1232 911 1260 non
933 1231 1195 1272 possemus.
1222 1219 1398 1259 Diebus
1419 1219 1550 1260 festis
1572 1232 1757 1271 semper

111 1290 294 1340 aliquae
335 1296 579 1331 matronae
619 1291 666 1331 in
698 1293 871 1343 templo
907 1298 1068 1332 nostro
1108 1291 1176 1331 rei
1212 1291 1401 1331 divinae
1429 1292 1662 1331 intersunt
1697 1304 1751 1331 ac

110 1360 284 1401 Christi
315 1373 512 1413 corpore
546 1361 836 1413 reficiuntur,
870 1368 915 1403 et
950 1363 1038 1403 hae
1072 1363 1260 1414 quidem
1289 1363 1335 1402 in
1366 1362 1465 1402 dies
1496 1368 1745 1413 augentur3

110 1433 280 1472 etenim
292 1433 381 1473 hae
394 1440 654 1485 matronae,
676 1446 793 1486 puro
810 1435 1054 1486 religionis
1072 1446 1229 1475 amore
1247 1435 1482 1483 incensae,
1509 1434 1754 1485 piscantur

111 1504 228 1544 alias
249 1510 294 1544 et
316 1505 507 1556 capiunt
530 1505 677 1545 divini
697 1507 831 1546 verbi
852 1507 1042 1557 retibus,
1065 1518 1183 1558 quae
1201 1516 1367 1558 captae
1384 1518 1624 1557 nunquam
1642 1505 1754 1546 ulte-

109 1575 214 1615 rius
234 1577 471 1617 recedunt.
496 1577 637 1629 Apud
658 1589 915 1618 conversas
936 1579 1199 1619 uberrimus
1228 1578 1419 1629 capitur
1440 1578 1636 1627 fructus,
1662 1590 1756 1618 non

108 1647 244 1688 modo
267 1649 314 1688 in
336 1648 407 1688 his
429 1648 659 1700 foeminis,
685 1662 804 1702 quae
822 1651 869 1690 in
886 1651 963 1690 illo
984 1651 1273 1691 monasterio
1289 1650 1436 1690 vitam
1456 1650 1648 1700 degunt,
1670 1650 1752 1690 sed

107 1725 152 1758 et
173 1719 218 1759 in
241 1720 462 1770 externis,
488 1721 566 1772 qui
594 1721 707 1761 illud
736 1723 961 1773 templum
991 1722 1311 1774 frequentant3
1343 1722 1565 1772 quoniam
1600 1722 1646 1761 in
1682 1721 1754 1761 his

107 1791 433 1839 concionibus,
476 1803 596 1843 quae
635 1792 729 1832 illic
770 1804 1109 1844 saepenumero
1145 1793 1392 1843 habentur,
1435 1799 1630 1844 propter
1666 1793 1755 1832 loci

108 1863 489 1903 commoditatem
511 1873 580 1903 est
609 1875 782 1915 magna
814 1864 1058 1904 hominum
1086 1865 1366 1916 frequentia,
1401 1871 1445 1904 et
1474 1864 1756 1904 confitentur

108 1933 248 1972 etiam
269 1935 444 1974 nostris
465 1942 510 1975 et
531 1935 771 1987 excipiunt
794 1943 1011 1976 sanctum
1034 1936 1208 1976 Christi
1225 1948 1397 1988 corpus
1417 1942 1484 1976 tot
1502 1924 1755 1987 autplures

107 2017 248 2056 quam
268 2006 315 2045 in
335 2013 496 2046 nostro
518 2008 704 2058 templo.
730 2007 911 2047 Damus
931 2007 1072 2048 etiam
1095 2019 1286 2059 operam
1311 2014 1360 2048 ut
1382 2008 1429 2047 in
1457 2007 1753 2047 xenodochio

107 2079 250 2117 semel
299 2077 346 2117 in
390 2078 686 2118 hebdomada
707 2111 713 2128 ,
763 2079 1076 2130 praecedente
1124 2079 1444 2129 confessione,
1491 2079 1754 2130 percipiant

51 2203 55 2207 .
106 2147 474 2199 Eucharistiam,
499 2162 592 2189 non
619 2150 758 2190 modo
787 2151 989 2202 aegroti,
1022 2151 1105 2191 sed
1126 2151 1268 2190 etiam
1299 2151 1344 2201 ii,
1379 2150 1458 2202 qui
1484 2150 1617 2190 firmo
1646 2156 1754 2189 sunt

108 2230 331 2271 corpore;
354 2220 442 2260 hoc
464 2226 549 2271 est,
568 2220 747 2261 familia
766 2221 964 2273 hospitis
981 2234 1244 2274 pauperum
1265 2228 1310 2262 et
1327 2222 1426 2274 ipse
1444 2222 1628 2273 hospes,
1649 2221 1753 2261 Die-

106 2290 192 2330 bus
213 2291 460 2331 dominicis
482 2292 692 2332 nonnulli
713 2304 771 2332 ex
792 2292 1020 2333 fratribus
1041 2294 1251 2334 invisunt
1273 2300 1497 2345 aegrotos
1519 2298 1563 2332 et
1581 2292 1754 2332 habent

107 2362 384 2403 concionem
413 2363 460 2403 in
493 2375 657 2404 eorum
691 2365 1065 2405 consolationem
1100 2371 1144 2405 et
1178 2365 1553 2405 instructionem.
1588 2364 1752 2403 Patres

106 2444 291 2485 quoque
313 2445 393 2474 eos
416 2435 588 2475 adeunt
610 2441 655 2475 et
672 2448 835 2476 eorum
852 2437 1004 2487 saluti,
1030 2437 1225 2477 consilio
1244 2444 1288 2477 et
1311 2436 1555 2477 audiendis
1574 2435 1751 2475 confes-

107 2502 331 2555 sionibus,
363 2505 641 2546 inserviunt.
672 2506 723 2547 In
757 2507 830 2547 his
852 2514 960 2548 sunt
995 2508 1175 2548 inventi
1210 2509 1380 2548 milites
1415 2507 1752 2547 consuetudine

105 2577 335 2626 peccandi
358 2577 625 2629 inveterati,
648 2579 727 2630 qui
748 2579 908 2620 multis
929 2587 1038 2620 ante
1060 2580 1196 2620 annis
1224 2592 1318 2619 non
1340 2579 1557 2629 confessi,
1586 2589 1672 2618 nec
1695 2578 1751 2618 de

105 2653 409 2696 peccatorum
432 2649 559 2688 luctu
577 2654 622 2688 et
639 2649 823 2689 animae
841 2651 992 2691 salute
1010 2663 1217 2702 unquam
1236 2651 1522 2701 cogitarunt.
1541 2649 1602 2689 Hi
1619 2660 1748 2699 ergO,

105 2714 280 2756 Christi
307 2717 411 2757 Iesu
439 2719 665 2770 auspiciO,
690 2718 883 2761 Patrum
904 2721 1119 2761 manibus
1141 2721 1316 2771 traditi,
1342 2721 1400 2760 ad
1428 2732 1594 2760 sanam
1627 2732 1749 2760 men-

104 2793 200 2827 tem
234 2794 279 2828 et
312 2788 535 2839 pietatem
563 2790 871 2843 reducuntur3
901 2804 1011 2832 nam
1039 2792 1255 2832 effectum
1282 2792 1472 2831 tandem
1506 2799 1576 2831 est
1608 2798 1657 2831 ut
1692 2803 1751 2831 ex

105 2858 274 2899 animis
293 2866 474 2911 pestem
495 2868 798 2912 peccatorum
820 2864 1027 2904 maximo
1051 2864 1210 2904 dolore
1234 2864 1358 2903 vitae
1381 2868 1651 2902 transactae
1673 2863 1749 2902 eii—

106 2936 286 2980 cerent,
316 2943 488 2983 eosque
510 2932 809 2973 confessione
829 2934 1073 2975 abluentes
1096 2935 1410 2975 deliberarent
1432 2934 1604 2974 rectius
1626 2921 1749 2974 dein-

107 3010 217 3051 ceps
256 3002 403 3042 vitam
440 3003 697 3044 instituere.
737 3005 941 3055 Quidam
976 3010 1133 3061 autem
1169 3017 1350 3056 eornm,
1386 3005 1525 3057 gravi
1554 3005 1749 3045 vulnere
