<?xml version="1.0" encoding="UTF-8"?>
<!DOCTYPE html PUBLIC "-//W3C//DTD XHTML 1.0 Transitional//EN"
    "http://www.w3.org/TR/xhtml1/DTD/xhtml1-transitional.dtd">
<html xmlns="http://www.w3.org/1999/xhtml" xml:lang="en" lang="en">
 <head>
  <title>
</title>
<meta http-equiv="Content-Type" content="text/html;charset=utf-8" />
  <meta name='ocr-system' content='tesseract 3.04.00' />
  <meta name='ocr-capabilities' content='ocr_page ocr_carea ocr_par ocr_line ocrx_word'/>
</head>
<body>
  <div class='ocr_page' id='page_1' title='image "./litteraequadrime14lain_0029.png"; bbox 0 0 2080 3392; ppageno 0'>
   <div class='ocr_carea' id='block_1_1' title="bbox 826 169 1751 210">
    <p class='ocr_par' dir='ltr' id='par_1_1' title="bbox 826 169 1751 210">
     <span class='ocr_line' id='line_1_1' title="bbox 826 169 1751 210; baseline 0.003 -3"><span class='ocrx_word' id='word_1_1' title='bbox 826 170 908 207; x_wconf 65' lang='lat' dir='ltr'>AN.</span> <span class='ocrx_word' id='word_1_2' title='bbox 939 169 1032 207; x_wconf 68' lang='lat'>1552</span> <span class='ocrx_word' id='word_1_3' title='bbox 1705 173 1751 210; x_wconf 78' lang='lat'>25</span> 
     </span>
    </p>
   </div>
   <div class='ocr_carea' id='block_1_2' title="bbox 110 265 1754 1316">
    <p class='ocr_par' dir='ltr' id='par_1_2' title="bbox 110 265 1753 818">
     <span class='ocr_line' id='line_1_2' title="bbox 110 265 1751 322; baseline 0 -13"><span class='ocrx_word' id='word_1_4' title='bbox 110 269 295 322; x_wconf 88' lang='lat' dir='ltr'>poterit.</span> <span class='ocrx_word' id='word_1_5' title='bbox 340 268 474 308; x_wconf 86' lang='lat' dir='ltr'>Alius</span> <span class='ocrx_word' id='word_1_6' title='bbox 509 268 696 318; x_wconf 75' lang='lat' dir='ltr'>quidam</span> <span class='ocrx_word' id='word_1_7' title='bbox 732 268 972 319; x_wconf 88' lang='lat' dir='ltr'>utriusque</span> <span class='ocrx_word' id='word_1_8' title='bbox 1003 265 1120 318; x_wconf 87' lang='lat' dir='ltr'>juris</span> <span class='ocrx_word' id='word_1_9' title='bbox 1154 267 1356 317; x_wconf 91' lang='lat' dir='ltr'>Doctor,</span> <span class='ocrx_word' id='word_1_10' title='bbox 1394 273 1438 307; x_wconf 88' lang='lat' dir='ltr'>et</span> <span class='ocrx_word' id='word_1_11' title='bbox 1473 268 1751 309; x_wconf 77' lang='lat' dir='ltr'>Praesidens</span> 
     </span>
     <span class='ocr_line' id='line_1_3' title="bbox 113 337 1751 391; baseline 0 -11"><span class='ocrx_word' id='word_1_12' title='bbox 113 340 298 391; x_wconf 86' lang='lat' dir='ltr'>collegii</span> <span class='ocrx_word' id='word_1_13' title='bbox 318 338 480 380; x_wconf 80' lang='lat' dir='ltr'>Sancti</span> <span class='ocrx_word' id='word_1_14' title='bbox 500 337 757 379; x_wconf 77' lang='lat' dir='ltr'>Donatiani</span> <span class='ocrx_word' id='word_1_15' title='bbox 778 340 974 378; x_wconf 88' lang='lat' dir='ltr'>multum</span> <span class='ocrx_word' id='word_1_16' title='bbox 999 338 1162 390; x_wconf 82' lang='lat' dir='ltr'>incipit</span> <span class='ocrx_word' id='word_1_17' title='bbox 1189 337 1311 378; x_wconf 82' lang='lat' dir='ltr'>affici</span> <span class='ocrx_word' id='word_1_18' title='bbox 1339 337 1582 389; x_wconf 81' lang='lat' dir='ltr'>Societati,</span> <span class='ocrx_word' id='word_1_19' title='bbox 1618 340 1681 380; x_wconf 81' lang='lat' dir='ltr'>ita</span> <span class='ocrx_word' id='word_1_20' title='bbox 1702 347 1751 380; x_wconf 88' lang='lat' dir='ltr'>ut</span> 
     </span>
     <span class='ocr_line' id='line_1_4' title="bbox 112 409 1751 463; baseline -0.001 -12"><span class='ocrx_word' id='word_1_21' title='bbox 112 417 308 463; x_wconf 79' lang='lat' dir='ltr'>quaerat</span> <span class='ocrx_word' id='word_1_22' title='bbox 340 410 530 451; x_wconf 84' lang='lat' dir='ltr'>modum</span> <span class='ocrx_word' id='word_1_23' title='bbox 550 410 837 461; x_wconf 87' lang='lat' dir='ltr'>suscipiendi</span> <span class='ocrx_word' id='word_1_24' title='bbox 865 409 1105 450; x_wconf 79' lang='lat' dir='ltr'>exercitia.</span> <span class='ocrx_word' id='word_1_25' title='bbox 1134 410 1240 450; x_wconf 86' lang='lat' dir='ltr'>Istis</span> <span class='ocrx_word' id='word_1_26' title='bbox 1267 421 1451 461; x_wconf 91' lang='lat' dir='ltr'>quoque</span> <span class='ocrx_word' id='word_1_27' title='bbox 1481 409 1643 451; x_wconf 86' lang='lat' dir='ltr'>diebus</span> <span class='ocrx_word' id='word_1_28' title='bbox 1673 424 1751 450; x_wconf 92' lang='lat' dir='ltr'>no-</span> 
     </span>
     <span class='ocr_line' id='line_1_5' title="bbox 111 480 1748 533; baseline 0 -11"><span class='ocrx_word' id='word_1_29' title='bbox 111 483 251 522; x_wconf 88' lang='lat' dir='ltr'>bilem</span> <span class='ocrx_word' id='word_1_30' title='bbox 271 481 520 533; x_wconf 80' lang='lat' dir='ltr'>quemdam</span> <span class='ocrx_word' id='word_1_31' title='bbox 538 480 759 532; x_wconf 83' lang='lat' dir='ltr'>juvenem</span> <span class='ocrx_word' id='word_1_32' title='bbox 783 481 950 532; x_wconf 79' lang='lat' dir='ltr'>viginti</span> <span class='ocrx_word' id='word_1_33' title='bbox 972 492 1222 532; x_wconf 80' lang='lat' dir='ltr'>annorum,</span> <span class='ocrx_word' id='word_1_34' title='bbox 1253 480 1517 532; x_wconf 82' lang='lat' dir='ltr'>Hispanum</span> <span class='ocrx_word' id='word_1_35' title='bbox 1543 482 1748 533; x_wconf 77' lang='lat' dir='ltr'>natione,</span> 
     </span>
     <span class='ocr_line' id='line_1_6' title="bbox 111 551 1751 603; baseline 0 -10"><span class='ocrx_word' id='word_1_36' title='bbox 111 553 257 593; x_wconf 88' lang='lat' dir='ltr'>filium</span> <span class='ocrx_word' id='word_1_37' title='bbox 277 552 589 593; x_wconf 89' lang='lat' dir='ltr'>confessionis</span> <span class='ocrx_word' id='word_1_38' title='bbox 609 559 813 603; x_wconf 82' lang='lat' dir='ltr'>nostrae,</span> <span class='ocrx_word' id='word_1_39' title='bbox 838 552 1070 603; x_wconf 81' lang='lat' dir='ltr'>susceptis</span> <span class='ocrx_word' id='word_1_40' title='bbox 1093 552 1331 592; x_wconf 82' lang='lat' dir='ltr'>exercitiis</span> <span class='ocrx_word' id='word_1_41' title='bbox 1346 551 1536 602; x_wconf 87' lang='lat' dir='ltr'>nostris,</span> <span class='ocrx_word' id='word_1_42' title='bbox 1557 553 1751 593; x_wconf 78' lang='lat' dir='ltr'>colloca-</span> 
     </span>
     <span class='ocr_line' id='line_1_7' title="bbox 110 623 1748 675; baseline 0 -11"><span class='ocrx_word' id='word_1_43' title='bbox 110 624 264 664; x_wconf 84' lang='lat' dir='ltr'>vimus</span> <span class='ocrx_word' id='word_1_44' title='bbox 286 624 410 675; x_wconf 83' lang='lat' dir='ltr'>apud</span> <span class='ocrx_word' id='word_1_45' title='bbox 430 623 603 664; x_wconf 82' lang='lat' dir='ltr'>fratres</span> <span class='ocrx_word' id='word_1_46' title='bbox 622 623 960 673; x_wconf 80' lang='lat' dir='ltr'>franciscanos,</span> <span class='ocrx_word' id='word_1_47' title='bbox 985 630 1030 663; x_wconf 89' lang='lat' dir='ltr'>et</span> <span class='ocrx_word' id='word_1_48' title='bbox 1054 623 1202 663; x_wconf 85' lang='lat' dir='ltr'>induit</span> <span class='ocrx_word' id='word_1_49' title='bbox 1224 623 1287 663; x_wconf 87' lang='lat' dir='ltr'>ibi</span> <span class='ocrx_word' id='word_1_50' title='bbox 1307 623 1520 663; x_wconf 85' lang='lat' dir='ltr'>habitum</span> <span class='ocrx_word' id='word_1_51' title='bbox 1548 623 1748 664; x_wconf 89' lang='lat' dir='ltr'>illorum.</span> 
     </span>
     <span class='ocr_line' id='line_1_8' title="bbox 110 693 1753 746; baseline -0.001 -10"><span class='ocrx_word' id='word_1_52' title='bbox 110 695 284 736; x_wconf 79' lang='lat' dir='ltr'>Multae</span> <span class='ocrx_word' id='word_1_53' title='bbox 313 695 525 746; x_wconf 83' lang='lat' dir='ltr'>virgines</span> <span class='ocrx_word' id='word_1_54' title='bbox 560 695 694 735; x_wconf 90' lang='lat' dir='ltr'>nobis</span> <span class='ocrx_word' id='word_1_55' title='bbox 729 694 1006 734; x_wconf 84' lang='lat' dir='ltr'>confitentes</span> <span class='ocrx_word' id='word_1_56' title='bbox 1047 694 1221 734; x_wconf 82' lang='lat' dir='ltr'>vellent</span> <span class='ocrx_word' id='word_1_57' title='bbox 1255 693 1443 745; x_wconf 86' lang='lat' dir='ltr'>quidem</span> <span class='ocrx_word' id='word_1_58' title='bbox 1476 694 1753 745; x_wconf 79' lang='lat' dir='ltr'>religionem</span> 
     </span>
     <span class='ocr_line' id='line_1_9' title="bbox 110 764 1615 818; baseline -0.001 -11"><span class='ocrx_word' id='word_1_59' title='bbox 110 767 310 818; x_wconf 81' lang='lat' dir='ltr'>ingredi,</span> <span class='ocrx_word' id='word_1_60' title='bbox 334 766 416 807; x_wconf 85' lang='lat' dir='ltr'>sed</span> <span class='ocrx_word' id='word_1_61' title='bbox 436 766 547 807; x_wconf 91' lang='lat' dir='ltr'>boni</span> <span class='ocrx_word' id='word_1_62' title='bbox 566 766 809 817; x_wconf 80' lang='lat' dir='ltr'>regiminis</span> <span class='ocrx_word' id='word_1_63' title='bbox 831 764 1119 805; x_wconf 80' lang='lat' dir='ltr'>monasteria</span> <span class='ocrx_word' id='word_1_64' title='bbox 1142 765 1311 817; x_wconf 88' lang='lat' dir='ltr'>ubique</span> <span class='ocrx_word' id='word_1_65' title='bbox 1333 771 1440 806; x_wconf 86' lang='lat' dir='ltr'>sunt</span> <span class='ocrx_word' id='word_1_66' title='bbox 1463 766 1615 817; x_wconf 81' lang='lat' dir='ltr'>plena.</span> 
     </span>
    </p>

    <p class='ocr_par' dir='ltr' id='par_1_3' title="bbox 110 835 1754 1104">
     <span class='ocr_line' id='line_1_10' title="bbox 191 835 1753 889; baseline -0.001 -11"><span class='ocrx_word' id='word_1_67' title='bbox 191 838 321 878; x_wconf 77' lang='lat' dir='ltr'>Haec</span> <span class='ocrx_word' id='word_1_68' title='bbox 351 843 480 889; x_wconf 90' lang='lat' dir='ltr'>sunt,</span> <span class='ocrx_word' id='word_1_69' title='bbox 513 843 647 889; x_wconf 80' lang='lat' dir='ltr'>pater</span> <span class='ocrx_word' id='word_1_70' title='bbox 674 835 802 886; x_wconf 59' lang='lat' dir='ltr'>Rsslss,</span> <span class='ocrx_word' id='word_1_71' title='bbox 834 848 954 887; x_wconf 79' lang='lat' dir='ltr'>quae</span> <span class='ocrx_word' id='word_1_72' title='bbox 973 848 1059 888; x_wconf 89' lang='lat' dir='ltr'>pro</span> <span class='ocrx_word' id='word_1_73' title='bbox 1081 841 1291 888; x_wconf 89' lang='lat' dir='ltr'>tempore</span> <span class='ocrx_word' id='word_1_74' title='bbox 1313 836 1562 877; x_wconf 80' lang='lat' dir='ltr'>scribenda</span> <span class='ocrx_word' id='word_1_75' title='bbox 1593 848 1753 877; x_wconf 88' lang='lat' dir='ltr'>occur-</span> 
     </span>
     <span class='ocr_line' id='line_1_11' title="bbox 110 906 1753 960; baseline -0.001 -10"><span class='ocrx_word' id='word_1_76' title='bbox 110 916 235 950; x_wconf 85' lang='lat' dir='ltr'>runt.</span> <span class='ocrx_word' id='word_1_77' title='bbox 260 909 345 949; x_wconf 91' lang='lat' dir='ltr'>His</span> <span class='ocrx_word' id='word_1_78' title='bbox 366 909 523 949; x_wconf 80' lang='lat' dir='ltr'>valeat</span> <span class='ocrx_word' id='word_1_79' title='bbox 545 909 591 948; x_wconf 87' lang='lat' dir='ltr'>in</span> <span class='ocrx_word' id='word_1_80' title='bbox 612 907 815 948; x_wconf 88' lang='lat' dir='ltr'>Domino</span> <span class='ocrx_word' id='word_1_81' title='bbox 835 907 948 960; x_wconf 89' lang='lat' dir='ltr'>Jesu</span> <span class='ocrx_word' id='word_1_82' title='bbox 969 906 1022 947; x_wconf 87' lang='lat' dir='ltr'>R.</span> <span class='ocrx_word' id='word_1_83' title='bbox 1047 907 1130 959; x_wconf 53' lang='lat' dir='ltr'>V„</span> <span class='ocrx_word' id='word_1_84' title='bbox 1155 914 1199 947; x_wconf 90' lang='lat' dir='ltr'>et</span> <span class='ocrx_word' id='word_1_85' title='bbox 1226 908 1323 948; x_wconf 92' lang='lat' dir='ltr'>suis</span> <span class='ocrx_word' id='word_1_86' title='bbox 1350 908 1651 960; x_wconf 87' lang='lat' dir='ltr'>omniumque</span> <span class='ocrx_word' id='word_1_87' title='bbox 1671 908 1753 948; x_wconf 74' lang='lat' dir='ltr'>Pa-</span> 
     </span>
     <span class='ocr_line' id='line_1_12' title="bbox 113 978 1754 1021; baseline -0.001 0"><span class='ocrx_word' id='word_1_88' title='bbox 113 987 238 1021; x_wconf 84' lang='lat' dir='ltr'>trum</span> <span class='ocrx_word' id='word_1_89' title='bbox 272 992 328 1020; x_wconf 77' lang='lat' dir='ltr'>ac</span> <span class='ocrx_word' id='word_1_90' title='bbox 373 980 592 1020; x_wconf 79' lang='lat' dir='ltr'><strong>Fratrum</strong></span> <span class='ocrx_word' id='word_1_91' title='bbox 634 979 929 1019; x_wconf 77' lang='lat' dir='ltr'>orationibus</span> <span class='ocrx_word' id='word_1_92' title='bbox 974 991 1059 1019; x_wconf 90' lang='lat' dir='ltr'>nos</span> <span class='ocrx_word' id='word_1_93' title='bbox 1094 978 1448 1020; x_wconf 81' lang='lat' dir='ltr'>commendatos</span> <span class='ocrx_word' id='word_1_94' title='bbox 1483 980 1657 1020; x_wconf 80' lang='lat' dir='ltr'>habere</span> <span class='ocrx_word' id='word_1_95' title='bbox 1693 979 1754 1020; x_wconf 90' lang='lat' dir='ltr'>di—</span> 
     </span>
     <span class='ocr_line' id='line_1_13' title="bbox 118 1059 303 1104; baseline -0.005 -12"><span class='ocrx_word' id='word_1_96' title='bbox 118 1059 303 1104; x_wconf 84' lang='lat' dir='ltr'>gnetur.</span> 
     </span>
    </p>

    <p class='ocr_par' dir='ltr' id='par_1_4' title="bbox 191 1122 394 1174">
     <span class='ocr_line' id='line_1_14' title="bbox 191 1122 394 1174; baseline -0.005 -11"><span class='ocrx_word' id='word_1_97' title='bbox 191 1122 394 1174; x_wconf 80' lang='lat' dir='ltr'>Raptim.</span> 
     </span>
    </p>

    <p class='ocr_par' dir='ltr' id='par_1_5' title="bbox 189 1192 1062 1244">
     <span class='ocr_line' id='line_1_15' title="bbox 189 1192 1062 1244; baseline -0.002 -10"><span class='ocrx_word' id='word_1_98' title='bbox 189 1193 392 1234; x_wconf 80' lang='lat' dir='ltr'>Lovanii</span> <span class='ocrx_word' id='word_1_99' title='bbox 411 1193 437 1232; x_wconf 72' lang='lat'>4</span> <span class='ocrx_word' id='word_1_100' title='bbox 458 1192 766 1244; x_wconf 81' lang='lat' dir='ltr'>Septembris,</span> <span class='ocrx_word' id='word_1_101' title='bbox 797 1205 920 1233; x_wconf 78' lang='lat' dir='ltr'>anno</span> <span class='ocrx_word' id='word_1_102' title='bbox 946 1192 1062 1233; x_wconf 81' lang='lat'>1552.</span> 
     </span>
    </p>

    <p class='ocr_par' dir='ltr' id='par_1_6' title="bbox 190 1263 934 1316">
     <span class='ocr_line' id='line_1_16' title="bbox 190 1263 934 1316; baseline -0.001 -10"><span class='ocrx_word' id='word_1_103' title='bbox 190 1265 291 1306; x_wconf 63' lang='lat' dir='ltr'>Rae</span> <span class='ocrx_word' id='word_1_104' title='bbox 314 1265 420 1306; x_wconf 59' lang='lat' dir='ltr'>Vsse</span> <span class='ocrx_word' id='word_1_105' title='bbox 443 1263 619 1305; x_wconf 86' lang='lat' dir='ltr'>Servus</span> <span class='ocrx_word' id='word_1_106' title='bbox 642 1265 689 1305; x_wconf 87' lang='lat' dir='ltr'>in</span> <span class='ocrx_word' id='word_1_107' title='bbox 710 1263 934 1316; x_wconf 90' lang='lat' dir='ltr'>Domino,</span> 
     </span>
    </p>
   </div>
   <div class='ocr_carea' id='block_1_3' title="bbox 1024 1407 1593 1458">
    <p class='ocr_par' dir='ltr' id='par_1_7' title="bbox 1024 1407 1593 1458">
     <span class='ocr_line' id='line_1_17' title="bbox 1024 1407 1593 1458; baseline 0 -10"><span class='ocrx_word' id='word_1_108' title='bbox 1024 1408 1308 1449; x_wconf 81' lang='lat' dir='ltr'><strong>HADRIANUS</strong></span> <span class='ocrx_word' id='word_1_109' title='bbox 1328 1407 1593 1458; x_wconf 81' lang='lat' dir='ltr'>HADRIANI,</span> 
     </span>
    </p>
   </div>
   <div class='ocr_carea' id='block_1_4' title="bbox 1185 1497 1452 1531">
    <p class='ocr_par' dir='ltr' id='par_1_8' title="bbox 1185 1497 1452 1531">
     <span class='ocr_line' id='line_1_18' title="bbox 1185 1497 1452 1531; baseline -0.004 -7"><span class='ocrx_word' id='word_1_110' title='bbox 1185 1499 1227 1524; x_wconf 85' lang='lat' dir='ltr'>ab</span> <span class='ocrx_word' id='word_1_111' title='bbox 1248 1497 1452 1531; x_wconf 77' lang='lat' dir='ltr'>Antuerpia.</span> 
     </span>
    </p>
   </div>
   <div class='ocr_carea' id='block_1_5' title="bbox 112 1670 1760 2031">
    <p class='ocr_par' dir='ltr' id='par_1_9' title="bbox 112 1670 1760 1888">
     <span class='ocr_line' id='line_1_19' title="bbox 194 1670 1760 1751; baseline -0.002 -12"><span class='ocrx_word' id='word_1_112' title='bbox 194 1698 550 1751; x_wconf 71' lang='lat' dir='ltr'>Superscriptio</span> <span class='ocrx_word' id='word_1_113' title='bbox 570 1699 621 1739; x_wconf 73' lang='lat' dir='ltr'>in</span> <span class='ocrx_word' id='word_1_114' title='bbox 642 1698 798 1739; x_wconf 72' lang='lat' dir='ltr'>altera</span> <span class='ocrx_word' id='word_1_115' title='bbox 809 1697 932 1749; x_wconf 75' lang='lat' dir='ltr'>solii</span> <span class='ocrx_word' id='word_1_116' title='bbox 943 1698 1148 1749; x_wconf 78' lang='lat' dir='ltr'>pagina.</span> <span class='ocrx_word' id='word_1_117' title='bbox 1178 1670 1293 1737; x_wconf 55' lang='lat' dir='ltr'><strong>HTIS.</strong></span> <span class='ocrx_word' id='word_1_118' title='bbox 1323 1696 1425 1738; x_wconf 76' lang='lat' dir='ltr'>R.d0</span> <span class='ocrx_word' id='word_1_119' title='bbox 1450 1698 1497 1737; x_wconf 89' lang='lat' dir='ltr'>in</span> <span class='ocrx_word' id='word_1_120' title='bbox 1525 1698 1607 1738; x_wconf 59' lang='grc' dir='ltr'>ΚΡ</span> <span class='ocrx_word' id='word_1_121' title='bbox 1636 1697 1760 1749; x_wconf 80' lang='lat' dir='ltr'>patri</span> 
     </span>
     <span class='ocr_line' id='line_1_20' title="bbox 113 1762 1755 1816; baseline -0.002 -10"><span class='ocrx_word' id='word_1_122' title='bbox 113 1765 263 1816; x_wconf 83' lang='lat' dir='ltr'>Mgro.</span> <span class='ocrx_word' id='word_1_123' title='bbox 306 1764 489 1816; x_wconf 82' lang='lat' dir='ltr'>Ignatio</span> <span class='ocrx_word' id='word_1_124' title='bbox 527 1765 584 1806; x_wconf 89' lang='lat' dir='ltr'>de</span> <span class='ocrx_word' id='word_1_125' title='bbox 617 1765 821 1816; x_wconf 79' lang='lat' dir='ltr'>Loyola,</span> <span class='ocrx_word' id='word_1_126' title='bbox 860 1764 1002 1815; x_wconf 79' lang='lat' dir='ltr'>gnali.</span> <span class='ocrx_word' id='word_1_127' title='bbox 1041 1763 1311 1816; x_wconf 80' lang='lat' dir='ltr'>praeposito</span> <span class='ocrx_word' id='word_1_128' title='bbox 1346 1762 1595 1804; x_wconf 81' lang='lat' dir='ltr'>Societatis</span> <span class='ocrx_word' id='word_1_129' title='bbox 1630 1763 1755 1816; x_wconf 88' lang='lat' dir='ltr'>Jesu.</span> 
     </span>
     <span class='ocr_line' id='line_1_21' title="bbox 112 1834 1417 1888; baseline -0.003 -11"><span class='ocrx_word' id='word_1_130' title='bbox 112 1836 253 1888; x_wconf 88' lang='lat' dir='ltr'>Apud</span> <span class='ocrx_word' id='word_1_131' title='bbox 273 1835 360 1877; x_wconf 80' lang='lat' dir='ltr'>S.111</span> <span class='ocrx_word' id='word_1_132' title='bbox 379 1836 593 1877; x_wconf 80' lang='lat' dir='ltr'>Marcum</span> <span class='ocrx_word' id='word_1_133' title='bbox 614 1837 662 1876; x_wconf 91' lang='lat' dir='ltr'>in</span> <span class='ocrx_word' id='word_1_134' title='bbox 683 1835 729 1876; x_wconf 88' lang='lat' dir='ltr'>S.</span> <span class='ocrx_word' id='word_1_135' title='bbox 755 1835 907 1876; x_wconf 79' lang='lat' dir='ltr'>Maria</span> <span class='ocrx_word' id='word_1_136' title='bbox 928 1835 984 1876; x_wconf 87' lang='lat' dir='ltr'>de</span> <span class='ocrx_word' id='word_1_137' title='bbox 1006 1834 1198 1885; x_wconf 80' lang='lat' dir='ltr'>Strada,</span> <span class='ocrx_word' id='word_1_138' title='bbox 1223 1834 1417 1875; x_wconf 82' lang='lat' dir='ltr'>Romae.</span> 
     </span>
    </p>

    <p class='ocr_par' dir='ltr' id='par_1_10' title="bbox 194 1907 398 1948">
     <span class='ocr_line' id='line_1_22' title="bbox 194 1907 398 1948; baseline 0 0"><span class='ocrx_word' id='word_1_139' title='bbox 194 1907 398 1948; x_wconf 74' lang='lat' dir='ltr'>Franco.</span> 
     </span>
    </p>

    <p class='ocr_par' dir='ltr' id='par_1_11' title="bbox 193 1977 1271 2031">
     <span class='ocr_line' id='line_1_23' title="bbox 193 1977 1271 2031; baseline -0.003 -12"><span class='ocrx_word' id='word_1_140' title='bbox 193 1979 303 2020; x_wconf 66' lang='lat' dir='ltr'>Alia</span> <span class='ocrx_word' id='word_1_141' title='bbox 325 1991 498 2019; x_wconf 75' lang='lat' dir='ltr'>manu:</span> <span class='ocrx_word' id='word_1_142' title='bbox 519 1978 669 2031; x_wconf 80' lang='lat' dir='ltr'>Quad.</span> <span class='ocrx_word' id='word_1_143' title='bbox 693 1978 925 2029; x_wconf 79' lang='lat' dir='ltr'>Lovanio,</span> <span class='ocrx_word' id='word_1_144' title='bbox 949 1977 975 2017; x_wconf 80' lang='lat'>4</span> <span class='ocrx_word' id='word_1_145' title='bbox 994 1977 1121 2030; x_wconf 88' lang='lat' dir='ltr'>Sept.</span> <span class='ocrx_word' id='word_1_146' title='bbox 1147 1977 1201 2029; x_wconf 86' lang='lat' dir='ltr'>Q.</span> <span class='ocrx_word' id='word_1_147' title='bbox 1225 1977 1271 2018; x_wconf 87' lang='lat' dir='ltr'>S.</span> 
     </span>
    </p>
   </div>
  </div>
 </body>
</html>
