2080 3392
856 194 939 232 AN.
971 194 1064 232 1553
1710 193 1780 231 405

211 292 346 334 Nunc
387 299 738 333 commorantur
781 293 983 344 quinque
1023 298 1265 332 turcarum
1310 292 1532 342 biremes,
1580 303 1779 343 quorum

132 364 281 416 major
301 376 434 416 pars,
460 370 706 416 apostatae
726 370 856 415 sunt,
881 364 936 404 de
965 364 1132 415 quibus
1162 363 1324 403 decem
1349 362 1446 414 jam
1477 363 1576 403 dies
1604 374 1778 414 magna

132 435 246 476 mihi
267 447 373 476 cum
393 435 570 475 Mauris
593 435 828 475 contentio
851 441 934 474 est.
959 434 1074 474 Illud
1094 433 1305 486 profecto
1328 445 1492 474 verum
1516 440 1600 484 est,
1625 434 1663 473 si
1685 445 1777 473 una

132 507 340 547 charitas
360 505 502 555 desit,
526 507 682 546 omnia
704 506 827 546 bona
848 506 984 546 simul
1006 505 1184 545 deesse.
1217 505 1377 557 Itaque
1408 517 1514 545 cum
1546 505 1594 545 hi
1626 505 1778 545 Mauri

131 578 292 630 populi
311 589 505 629 prorsus
527 589 581 617 ea
603 578 694 617 sint
717 577 868 626 exuti,
893 576 1012 616 adeo
1035 583 1142 616 sunt
1168 576 1404 623 crudeles,
1433 583 1483 616 ut
1514 588 1624 616 suos
1654 577 1776 628 quis-

132 660 274 700 quam
301 649 537 700 captivos,
567 660 649 688 seu
678 659 832 687 mares
863 647 955 687 sint
982 659 1065 687 seu
1092 647 1345 698 foeminae,
1378 648 1670 688 miserrimae
1697 647 1777 687 ha-

131 720 273 771 bitos,
297 719 423 760 nuda
444 730 648 771 corpora
670 724 982 769 ostentantes,
1007 719 1106 758 sine
1127 719 1297 759 tunicis
1318 719 1460 759 etiam
1481 719 1679 770 intimis,
1704 730 1779 771 pe-

132 790 267 831 dibus
288 791 462 830 exertis
482 791 638 830 sinant
659 790 899 840 incedere3
923 790 1048 841 quod
1069 790 1108 829 si
1129 790 1176 830 in
1198 790 1412 830 morbum
1433 790 1685 842 aliquando
1712 790 1776 830 in-

132 862 310 910 cidant,
334 862 382 902 in
403 861 672 902 carceribus
693 861 1012 902 subterraneis
1035 866 1173 912 atque
1195 861 1448 901 teterrimis
1470 861 1573 901 illos
1595 862 1779 901 absumi

132 932 382 973 crudeliter
401 932 655 984 patiuntur,
675 944 761 972 nec
781 932 959 972 interea
981 932 1238 984 quidquam
1259 932 1319 972 ad
1340 943 1451 972 usus
1473 933 1598 972 vitae
1618 944 1776 972 neces-

132 1004 284 1045 sarios
304 1004 487 1044 miseris
509 1004 811 1055 suppeditare
831 1004 1017 1044 volunt:
1041 1003 1349 1054 quamobrem
1370 1015 1570 1054 parvam
1602 1004 1778 1044 Miseri-

132 1075 321 1116 cordiae
343 1075 522 1126 aedem,
546 1075 624 1115 ubi
645 1081 882 1126 curentur,
906 1075 1099 1124 institui,
1125 1081 1263 1126 atque
1286 1075 1586 1125 duumviros,
1611 1075 1779 1126 quibus

132 1147 196 1187 illi
218 1157 360 1187 curae
381 1152 551 1197 essent,
576 1146 793 1198 imposui,
811 1153 1001 1198 praeter
1021 1146 1218 1187 fratrem
1237 1146 1474 1197 Ignatium
1498 1144 1524 1197 ¹,
1549 1147 1627 1198 qui
1647 1158 1778 1197 prae-

131 1218 282 1258 fectus
303 1224 373 1258 est
395 1229 559 1258 eorum
581 1218 802 1269 omnium,
823 1218 901 1269 qui
922 1217 997 1258 hic
1014 1229 1119 1258 mea
1134 1217 1223 1258 fide
1240 1224 1507 1268 versantur,
1527 1223 1571 1257 et
1593 1218 1777 1258 univer-

133 1301 290 1329 sorum
313 1289 450 1340 hujus
472 1290 629 1341 oppidi
650 1301 918 1340 carcerum,
943 1290 1021 1341 qui
1043 1295 1149 1329 octo
1171 1295 1280 1330 sunt
1301 1301 1516 1340 numero,
1542 1289 1589 1329 in
1612 1289 1779 1341 quibus

134 1360 251 1401 adeo
273 1361 523 1412 constipati
544 1361 720 1413 captivi
751 1367 857 1401 sunt
887 1360 1068 1412 (domus
1096 1361 1221 1401 enim
1246 1373 1340 1401 non
1370 1360 1577 1412 capiunt)
1608 1368 1657 1400 ut
1686 1372 1780 1400 non

134 1433 330 1472 multum
351 1432 472 1472 absit
494 1433 606 1484 quin
628 1439 807 1472 aestate
830 1433 986 1473 calore
1016 1433 1160 1472 nimio
1190 1433 1559 1483 strangulentur.
1584 1432 1778 1480 Tantos,

134 1504 245 1544 dum
266 1503 332 1543 eis
353 1504 622 1544 necessaria
645 1504 966 1551 subministro,
992 1510 1205 1555 sumptus
1225 1503 1348 1544 facio
1367 1504 1492 1554 (nam
1513 1504 1647 1543 multi
1671 1511 1779 1543 sunt

134 1586 318 1626 semper
341 1576 561 1626 aegroti),
586 1581 635 1615 ut
656 1581 700 1615 te
721 1575 835 1615 mihi
856 1575 1037 1626 aliquas
1058 1575 1167 1615 huic
1187 1576 1255 1615 rei
1287 1576 1612 1626 eleemosynas
1643 1586 1778 1626 quae-

135 1657 239 1686 rere
258 1657 452 1686 necesse
471 1647 543 1686 sit.
562 1646 665 1687 Hoc
687 1647 845 1698 itaque
866 1658 1009 1687 unum
1031 1647 1114 1687 abs
1136 1653 1194 1697 te,
1215 1647 1490 1686 charissime
1507 1652 1656 1698 pater,
1676 1658 1779 1698 pro-

131 1723 237 1769 pter
258 1716 449 1757 Domini
469 1717 617 1758 nostri
649 1729 857 1758 amorem
889 1718 1060 1758 mirum
1091 1719 1139 1758 in
1167 1718 1358 1758 modum
1384 1724 1515 1769 peto:
1546 1724 1594 1758 ut
1622 1725 1779 1768 poten-

131 1788 303 1829 tiorum
323 1789 486 1829 limina
515 1790 678 1840 obeas‚
714 1790 771 1829 ab
799 1790 866 1830 eis
897 1790 1112 1829 omnibus
1140 1801 1275 1841 opem
1303 1789 1556 1840 efflagites,
1590 1790 1667 1841 qui
1698 1790 1781 1829 tibi

129 1859 412 1900 videbuntur
430 1860 604 1900 auxilio
627 1872 729 1900 esse
751 1872 889 1912 posse
910 1861 1018 1901 huic
1038 1867 1136 1901 tam
1156 1867 1322 1901 sancto
1345 1861 1489 1912 operi,
1510 1873 1604 1901 non
1622 1862 1774 1901 solum

131 1929 261 1971 aedis
295 1930 671 1982 Misericordiae,
703 1932 785 1972 sed
813 1932 955 1972 etiam
981 1932 1028 1971 in
1056 1932 1319 1972 libertatem
1348 1931 1649 1983 vindicandi,
1681 1938 1780 1972 tum

131 2002 306 2054 aliquot
339 2003 569 2043 lusitanos
596 2014 788 2055 pueros,
819 2010 918 2043 tum
951 2004 1198 2044 nonnullos
1228 2015 1400 2056 pueros
1432 2009 1571 2056 atque
1600 2005 1780 2055 puellas

129 2073 451 2125 foeminasque
471 2074 578 2115 inde
600 2086 659 2115 ex
681 2076 907 2115 orientale
923 2076 1066 2127 plaga
1087 2081 1266 2126 vectas,
1287 2087 1406 2127 quae
1428 2082 1472 2116 et
1495 2074 1643 2126 major
1666 2077 1778 2115 mul-

129 2144 279 2185 titudo
307 2151 395 2196 est,
426 2152 470 2186 et
496 2146 650 2197 magis
679 2147 895 2187 omnibus
929 2147 1174 2197 destituta,
1202 2147 1422 2198 quoniam
1453 2159 1480 2186 a
1510 2147 1606 2187 suis
1636 2158 1777 2198 quam

129 2215 403 2267 longissime
425 2217 609 2268 absunt,
634 2218 758 2269 quod
779 2218 826 2258 in
847 2229 992 2258 causa
1014 2224 1084 2258 est
1105 2224 1155 2258 ut
1176 2218 1223 2258 in
1245 2229 1427 2258 summa
1449 2218 1678 2258 libertatis
1704 2217 1776 2258 de-

132 2287 400 2338 speratione
421 2289 554 2328 multi
575 2300 602 2328 a
624 2289 811 2330 Christo
834 2289 1067 2330 deficiant.
1087 2289 1190 2329 Hae
1213 2289 1481 2339 orientales,
1505 2301 1612 2329 cum
1634 2289 1776 2328 omni-

131 2359 216 2399 bus
237 2358 374 2398 simul
395 2360 616 2410 portoriis
636 2366 681 2401 et
702 2361 935 2413 expensis,
959 2361 1258 2412 septuaginta
1280 2361 1436 2400 aureis
1459 2361 1519 2400 ad
1540 2372 1775 2401 summum

132 2430 343 2480 stabunt,
368 2430 517 2471 donec
541 2431 600 2471 ad
620 2431 667 2471 id
686 2432 777 2472 loci
798 2432 1047 2481 vehantur,
1082 2443 1256 2483 magna
1286 2432 1527 2482 cautione,
1558 2443 1776 2482 quocum-

132 2512 221 2552 que
258 2501 488 2552 volueris,
530 2513 584 2542 ac
624 2503 743 2542 tanti
780 2502 967 2555 quidem
1005 2503 1208 2543 infantes
1247 2502 1512 2554 promiscue
1547 2509 1769 2543 veneunt:

131 2572 313 2624 puellae
330 2584 444 2612 vero
466 2573 589 2613 bona
604 2572 771 2623 forma,
793 2586 820 2614 a
841 2574 1087 2614 duodecim
1109 2574 1295 2614 circiter
1318 2574 1377 2614 ad
1392 2573 1444 2613 20
1466 2585 1630 2624 annos,
1651 2581 1773 2614 octo-

131 2643 263 2695 ginta
291 2655 376 2684 sex
404 2645 581 2695 aureis,
612 2645 830 2696 expensis
859 2646 1157 2697 portorisque
1187 2644 1522 2685 adnumeratis.
1554 2644 1617 2685 At
1644 2646 1777 2697 pueri

131 2714 345 2755 Lusitani
378 2715 636 2766 nonaginta
663 2722 743 2756 aut
771 2722 978 2767 centum,
1003 2717 1127 2768 quod
1148 2716 1419 2756 rarissimae
1442 2716 1685 2767 contingit,
1710 2717 1773 2756 in-

133 2785 364 2826 dicantur.

215 2856 447 2908 Quicquid
476 2857 614 2897 isthic
645 2858 949 2908 pecuniarum
978 2858 1209 2909 tradetur,
1243 2859 1302 2898 ad
1329 2858 1615 2899 Clementem
1642 2859 1775 2899 Clau-

191 3016 197 3035 ¹
239 3016 295 3043 Fr.
317 3018 506 3052 coadjutor,
523 3017 677 3052 Ignatius
693 3017 842 3051 Bogado.
