2080 3392
332 194 402 231 562
842 193 1068 228 Lir‘sERAE
1095 203 1452 235 QUADRIMESTRES

332 292 516 340 fratres,
539 296 643 340 post
665 289 939 338 orationem,
964 289 1139 339 aliquot
1160 289 1501 340 epigrammata
1522 295 1653 330 tanta
1671 291 1824 341 gratia
1837 297 1881 331 et
1898 292 1960 331 di-

332 362 508 411 gnitate
531 359 960 411 pronunciaverunt
981 365 1030 399 ut
1052 359 1141 399 illis
1171 371 1356 411 quoque
1383 371 1477 400 non
1507 360 1730 400 mediocri
1762 360 1960 402 delecta-

333 432 456 471 tione
477 430 785 470 afficerentur.
805 429 877 470 Ab
892 429 964 470 his
980 430 1223 481 principiis
1239 442 1314 470 res
1330 436 1520 470 nostrae
1535 431 1791 471 litterariae
1808 443 1961 472 susce-

333 508 440 552 ptae
461 507 567 540 sunt
588 507 633 540 et
654 506 783 540 tanto
805 500 959 540 studio
981 506 1025 540 et
1046 501 1286 551 diligentia
1317 507 1623 552 propagatae,
1647 507 1696 541 ut
1718 514 1798 542 eas
1824 514 1960 542 nemo

333 584 425 611 non
450 571 702 623 plurimum
728 571 982 623 profecisse
1005 571 1201 623 judicet3
1231 572 1354 623 quod
1381 572 1445 611 illi
1471 571 1608 612 facile
1639 573 1958 623 experiuntur,

333 643 410 694 qui
426 653 476 682 se
493 643 767 685 imnost1·am
784 642 1079 693 disciplinam
1094 641 1386 682 tradiderunt
1402 648 1447 683 et
1463 643 1622 683 sedulo
1638 643 1810 691 latinis,
1828 654 1961 695 grae-

334 714 400 753 cis
421 719 465 752 et
485 713 700 752 hebraeis
721 712 867 752 literis
888 713 1177 764 imbuuntur,
1202 713 1369 764 quibus
1390 713 1753 753 exercitationes
1782 719 1828 754 et
1851 714 1961 754 assi-

334 785 413 824 dui
439 795 551 824 usus
579 784 813 824 scribendi
847 783 1123 835 dicendique
1154 783 1456 835 adhibentur,
1485 784 1550 824 ita
1578 790 1628 824 ut
1657 784 1774 824 nihil
1801 785 1962 825 deesse

334 862 473 906 queat
494 855 618 906 quod
640 855 699 895 ad
717 855 981 895 litterarum
1000 855 1245 895 scientiam
1265 862 1309 895 et
1330 855 1518 906 pietatis
1545 855 1748 895 studium
1780 857 1960 896 attinet.

336 927 463 966 Haec
485 926 641 966 omnia
663 926 931 966 communia
952 932 1058 966 sunt
1079 926 1183 976 illis,
1208 927 1286 977 qui
1308 926 1367 965 ad
1384 926 1570 966 scholas
1586 927 1831 978 ventitant,
1855 939 1963 978 quo-

334 1009 438 1037 rum
459 1009 613 1037 mores
635 1002 679 1037 et
699 998 797 1036 vita
819 1008 1041 1048 magnam
1060 997 1210 1037 bonae
1230 997 1380 1047 frugis
1408 996 1656 1037 ostendunt
1684 1009 1830 1049 spem.
1854 998 1964 1038 Fra-

333 1074 428 1108 tres
464 1074 617 1108 autem
650 1069 695 1107 in
725 1068 801 1108 illo
828 1068 1142 1119 pulcherrimo
1170 1068 1318 1108 veteri
1348 1068 1581 1108 curriculo
1608 1069 1796 1108 virtutis
1822 1070 1963 1119 persi-

334 1145 474 1189 stunt,
491 1139 604 1178 nihil
622 1139 811 1179 omnino
829 1139 1187 1179 intermittentes
1205 1151 1381 1189 eorum,
1400 1150 1519 1190 quae
1530 1150 1643 1179 suae
1659 1139 1965 1190 professionis

333 1216 379 1250 et
400 1210 665 1250 vocationis
687 1216 807 1259 sunt3
833 1210 951 1249 alius
981 1210 1122 1249 alium
1147 1210 1274 1250 vitae
1300 1210 1531 1261 probitate
1557 1210 1739 1250 laborat
1770 1211 1962 1261 anteire3

333 1287 376 1320 et
399 1286 562 1320 sancto
584 1281 774 1320 conatui
795 1280 923 1320 Deus
944 1280 1007 1320 ita
1030 1279 1294 1331 respondet,
1319 1286 1367 1320 ut
1383 1280 1500 1320 nihil
1516 1286 1708 1330 tentent,
1733 1281 1856 1332 quod
1872 1294 1964 1322 non

332 1351 558 1391 foeliciter
581 1352 817 1391 succedat.
844 1351 1079 1402 Quantum
1100 1351 1146 1390 in
1167 1351 1314 1391 literis
1335 1351 1632 1403 profecerint,
1657 1352 1773 1392 nihil
1801 1353 1965 1393 attinet

336 1422 559 1462 scribere.-

414 1493 568 1533 Tanta
591 1499 659 1533 est
679 1492 939 1544 frequentia
962 1493 1202 1532 hominum
1220 1492 1279 1532 ad
1296 1493 1569 1533 concionem
1587 1494 1967 1534 concurrentium

335 1570 385 1603 ut
407 1564 657 1615 aliquando
686 1575 792 1603 sero
820 1564 1114 1603 venientibus
1150 1563 1392 1614 ingressus
1419 1563 1465 1603 in
1494 1565 1742 1604 ecclesiam
1767 1576 1861 1604 non
1889 1577 1964 1616 pa-

334 1640 444 1685 teat,
469 1634 686 1686 quamvis
708 1640 752 1673 et
773 1634 934 1674 schola
955 1635 1125 1674 multos
1148 1634 1318 1685 capiat,
1343 1646 1462 1685 quae
1484 1640 1579 1674 tam
1607 1636 1778 1686 templo
1812 1636 1968 1675 vicina

334 1713 417 1755 est,
447 1712 496 1745 ut
523 1705 629 1745 inde
661 1705 1043 1745 concionatorem
1078 1710 1121 1744 et
1156 1704 1315 1744 videre
1347 1711 1391 1745 et
1417 1705 1578 1745 audire
1606 1705 1741 1746 facile
1768 1707 1963 1757 possint.

332 1777 459 1817 Idem
476 1777 793 1825 concionator,
813 1775 1044 1816 Dominus
1062 1775 1262 1815 Michael
1282 1775 1291 1794 ¹
1310 1787 1550 1815 sermones
1567 1787 1749 1828 quoque
1766 1777 1904 1817 habet
1922 1778 1968 1817 in

334 1847 617 1887 monasterio
640 1846 843 1898 quodam
865 1858 1109 1886 sacrarum
1130 1845 1402 1897 Virginum,
1436 1847 1559 1898 quod
1579 1847 1705 1887 velut
1739 1854 1878 1899 caput
1899 1855 1968 1888 est

334 1918 678 1968 coenobiorum,
694 1929 811 1968 quae
828 1917 875 1957 in
891 1917 981 1957 hac
997 1918 1110 1957 urbe
1122 1924 1244 1957 sunt.
1259 1917 1324 1957 lbi
1336 1918 1563 1957 hactenus
1576 1930 1679 1958 cum
1695 1929 1867 1969 magna
1886 1919 1968 1958 uti-

334 1989 461 2028 litate
484 1988 782 2039 maximoque
804 1988 978 2038 gaudio
1001 1988 1305 2028 concionatus
1327 1994 1410 2038 est,
1435 1988 1515 2027 sed
1534 1988 1686 2028 adhuc
1707 1987 1857 2039 major
1872 1989 1970 2029 fru-

335 2066 435 2099 ctus
456 2059 562 2099 inde
585 2065 875 2110 expectatur.
899 2059 1026 2098 Idem
1047 2059 1275 2099 Dominus
1292 2059 1505 2108 Michael,
1526 2060 1771 2099 dominicis
1788 2060 1966 2109 diebus,

335 2131 463 2170 horis
485 2129 834 2181 pomeridianis,
857 2130 1089 2169 nobilibus
1111 2130 1337 2169 matronis
1359 2130 1687 2181 concionatur,
1719 2142 1837 2182 quae
1858 2131 1969 2171 illud

337 2214 394 2241 ex
415 2201 701 2241 salutaribus
731 2200 1024 2240 sermonibus
1052 2206 1354 2252 acceperunt,
1385 2206 1435 2240 ut
1462 2207 1505 2240 et
1534 2201 1722 2240 omnino
1753 2201 1968 2241 libentius

338 2272 565 2311 accedant
582 2277 625 2311 et
643 2272 689 2310 in
707 2271 916 2322 singulos
933 2271 1030 2310 dies
1048 2283 1244 2310 numero
1262 2277 1539 2322 augeantur.
1559 2271 1739 2311 R.d21³P.
1761 2271 1932 2312 Paulus
1955 2271 1968 2289 '²

339 2343 643 2382 christianam
665 2342 926 2382 doctrinam
949 2342 1098 2392 docet,
1124 2354 1284 2393 quam,
1310 2348 1357 2382 ut
1379 2343 1509 2382 multi
1534 2342 1730 2382 libenter
1759 2348 1803 2382 et
1832 2342 1969 2382 avide

338 2413 544 2463 audiunt,
566 2413 629 2452 ita
648 2413 859 2452 eamdem
881 2424 1062 2464 quoque
1085 2412 1284 2452 retinent
1306 2419 1348 2452 et
1371 2413 1417 2452 in
1434 2413 1530 2453 suis
1547 2414 1763 2464 operibus
1780 2413 1968 2453 manife-

339 2491 478 2524 stant.
504 2485 574 2524 Ex
596 2484 668 2523 his
689 2484 986 2534 gravissimis
1003 2484 1242 2524 laboribus
1264 2485 1353 2524 hoc
1371 2485 1525 2524 solatii
1543 2485 1733 2534 capiunt
1751 2484 1967 2536 operarii,

338 2555 461 2607 quod
483 2554 674 2594 videant
697 2555 903 2606 quotidie
924 2567 1017 2594 non
1039 2567 1215 2606 paucos
1236 2555 1540 2606 poenitentes,
1565 2556 1642 2607 qui
1664 2555 1740 2595 diu
1758 2556 1969 2595 multum-

339 2638 426 2677 que
448 2626 756 2677 deliquerunt,
781 2625 840 2665 ad
861 2625 1205 2665 confessionem
1226 2626 1401 2665 Venire.
1426 2625 1655 2666 Dominus
1677 2625 1725 2665 P.
1750 2625 1919 2665 Daniel
1939 2625 1968 2677 ⁵,

340 2703 524 2747 praeter
546 2696 802 2736 domestica
823 2696 1028 2746 negotia,
1052 2695 1166 2736 foris
1188 2708 1369 2747 quoque
1396 2696 1442 2736 in
1471 2696 1755 2736 monasterio
1788 2696 1971 2736 concio-

341 2773 477 2806 natur
500 2767 622 2817 apud
645 2777 914 2816 conversas,
938 2765 1039 2806 Deo
1061 2766 1255 2817 dicatas,
1279 2778 1372 2806 non
1389 2766 1487 2806 sine
1504 2777 1676 2818 magno
1701 2767 1901 2807 fervore.
1921 2767 1972 2807 In

395 2900 404 2919 ¹
445 2900 589 2927 Micha‘c'l
606 2901 768 2928 Botellus.

394 2948 407 2966 ²
445 2947 569 2974 Paulus
586 2948 614 2974 d'
629 2948 785 2981 Achillis,
802 2948 1035 2975 Panormitani
1054 2947 1197 2982 Collegii
1213 2948 1349 2977 Rector.

397 2994 410 3013 5
448 2994 570 3021 Daniel
587 2995 818 3031 Paeybroeck.
