2080 3392
274 167 341 204 1⁴24
781 165 1007 202 LITTERAE
1036 174 1392 205 QUADRlMEsTREs

274 545 556 572 Praecedentium
572 543 827 571 Bartholomaei
844 543 1043 570 Hernandez
1059 544 1254 571 litterarum
1270 542 1377 569 latina
1392 542 1504 569 versio
1521 550 1595 569 cum
1609 542 1900 570 emendationibus

866 599 885 618 a
902 591 938 618 P.
954 592 1100 619 Polanco
1117 591 1262 619 inductis
1279 590 1298 617 ¹.

1046 827 1143 868 lHS

357 1044 520 1085 Gratia
543 1051 586 1084 et
608 1055 702 1095 pax
724 1043 803 1083 X.i
826 1043 884 1083 sit
905 1042 1161 1082 nobiscum.

358 1115 650 1166 Quamquam
681 1126 763 1166 per
794 1114 993 1163 litteraS,
1018 1124 1134 1163 quas
1161 1111 1220 1151 ad
1247 1118 1291 1151 te
1315 1110 1509 1161 singulis
1531 1109 1765 1150 mensibus
1787 1109 1906 1159 dedi,

278 1187 523 1228 certiorem
546 1186 735 1225 fecerim
765 1184 821 1224 de
842 1185 936 1232 his,
967 1196 1085 1235 quae
1111 1183 1338 1222 hactenus
1365 1181 1489 1232 apud
1515 1192 1602 1220 nos
1625 1186 1759 1231 gesta
1785 1186 1906 1230 sunt,

276 1258 469 1298 reddam
489 1257 535 1296 in
558 1257 648 1296 hac
671 1255 874 1296 breviter
900 1240 1155 1303 rationem,
1181 1253 1291 1292 Rste
1325 1253 1410 1292 ΡΧ
1433 1285 1440 1301 ,
1471 1260 1515 1292 et
1536 1252 1732 1291 fratrum
1754 1257 1797 1291 et
1818 1256 1908 1290 stu-

276 1328 459 1368 diorum
480 1328 618 1368 huius
641 1327 819 1367 domus.
845 1325 1121 1376 Quindecim
1142 1335 1334 1364 numero
1357 1323 1431 1362 lu'c
1451 1334 1636 1372 snmus,
1658 1323 1776 1362 inter
1793 1333 1910 1373 quos

277 1400 479 1450 quinque
500 1399 785 1449 sacerdotes;
810 1409 975 1437 rursus
995 1396 1211 1436 undecim
1233 1395 1497 1445 theologiae
1527 1399 1570 1434 et
1596 1405 1778 1434 morum
1807 1404 1909 1444 pro-

276 1470 411 1510 bitati
430 1470 637 1510 studiose
659 1469 994 1518 incumbentes,
1013 1467 1186 1507 caeteri
1206 1465 1476 1506 ministeriis
1493 1465 1660 1504 domus
1677 1464 1908 1515 occupati:

278 1553 438 1581 omnes
458 1548 615 1581 autem
637 1541 780 1591 (velut
801 1540 848 1579 in
869 1539 915 1579 id
932 1538 1178 1587 coniurati)
1198 1536 1513 1586 moderandis,
1534 1535 1852 1587 deprimendis
1868 1541 1911 1575 et

276 1612 619 1652 mortificandis
642 1612 784 1651 animi
807 1610 1064 1660 affectibus,
1101 1621 1155 1649 ac
1184 1608 1404 1660 propriae
1428 1607 1658 1648 voluntati
1681 1607 1911 1657 abnegan-

277 1684 363 1723 dae
384 1684 519 1723 enixe
542 1694 736 1734 operam
758 1682 937 1730 dantes,
962 1680 1119 1733 quoad
1140 1681 1307 1731 cuique
1329 1690 1413 1730 per
1439 1678 1692 1730 superioris
1720 1678 1911 1717 faculta—

276 1761 368 1794 tem
389 1755 674 1794 conceditur.
702 1753 805 1793 Huc
829 1753 1077 1805 pertinent,
1104 1763 1222 1803 quae
1244 1752 1416 1790 multae
1434 1749 1559 1789 domi
1576 1748 1704 1800 fiunt,
1724 1748 1912 1788 mortifi-

277 1826 498 1866 cationes.
523 1825 670 1865 Extra
691 1825 884 1865 domum
906 1823 1121 1875 proximo
1144 1834 1255 1862 vere
1276 1821 1431 1861 factae
1453 1827 1559 1861 sunt
1576 1820 1913 1871 peregrinatio-

276 1908 372 1936 nes.
410 1897 465 1936 Et
499 1902 548 1936 ut
581 1901 850 1935 nostrorum
886 1893 1180 1934 mortificatio
1216 1904 1322 1932 cum
1353 1892 1551 1931 aliorum
1582 1890 1906 1930 aedificatione

278 1968 656 2018 coniungeretur,
680 1967 920 2018 peregrini
942 1965 1104 2015 nostri,
1130 1965 1252 2004 ultra
1273 1964 1427 2003 victus
1451 1969 1495 2003 et
1526 1962 1713 2013 hospitii
1742 1960 1913 2001 mendi-

278 2039 525 2088 cationem,
550 2043 716 2078 euntes
731 2036 1068 2088 praedicabant
1088 2035 1325 2075 ferventer
1344 2033 1642 2084 evangelium
1659 2043 1765 2072 cum
1781 2038 1912 2072 tanta

277 2109 599 2161 proximorum
622 2108 961 2157 aedificatione,
984 2114 1033 2147 ut
1054 2107 1210 2147 multis
1238 2105 1421 2157 populis
1448 2115 1725 2155 persuasum
1756 2103 1828 2153 sit,
1863 2109 1912 2142 ut

279 2181 415 2221 simul
435 2185 753 2231 proponerent
773 2191 866 2218 non
887 2178 1085 2229 amplius
1101 2188 1270 2217 nomen
1287 2175 1375 2215 Dei
1392 2175 1540 2215 nostri
1559 2185 1799 2214 assumere
1819 2173 1912 2213 fru-

279 2260 379 2292 stra
401 2253 484 2292 sub
506 2251 647 2292 certis
669 2250 850 2305 legibus
872 2256 915 2289 et
937 2249 1098 2300 poenis
1120 2247 1381 2288 iurantibus
1403 2246 1591 2296 taxatis,
1623 2257 1762 2296 quam
1789 2244 1913 2284 insti-

282 2324 507 2363 tutionem
543 2321 976 2362 confraternitatem
1013 2319 1214 2359 nominis
1240 2317 1330 2357 Dei
1357 2317 1550 2366 (scilicet
1575 2315 1914 2357 sanctificandi)

282 2400 468 2434 vocant.
494 2393 579 2433 His
600 2393 743 2444 igitur
765 2391 1091 2443 spiritualibus
1118 2388 1282 2429 studiis
1308 2388 1524 2427 videntur
1551 2387 1693 2427 animi
1720 2386 1916 2426 fratrum

287 2464 510 2515 vegetari.

362 2535 650 2574 Litterarum
673 2533 829 2573 studia
850 2532 1013 2583 vigent
1035 2537 1132 2571 tum
1154 2530 1262 2582 quia
1282 2528 1635 2581 praevidendis,
1660 2527 1915 2576 audiendis,

284 2605 546 2656 relegendis
562 2610 606 2644 et
620 2602 916 2644 conferendis
929 2602 1218 2651 lectionibuS,
1233 2600 1617 2652 disputandisque
1630 2604 1797 2639 octavo
1811 2609 1917 2648 quo—

284 2688 373 2726 que
394 2675 467 2715 die
495 2674 871 2715 conclusionibus
898 2679 1005 2713 sunt
1030 2672 1289 2712 destinatae
1316 2671 1481 2721 horae;
1512 2676 1609 2710 tum
1639 2669 1779 2709 etiam
1808 2668 1915 2719 quia

285 2746 516 2795 doctores,
541 2746 617 2797 qui
645 2746 719 2785 hic
747 2756 871 2785 nunc
899 2743 1186 2793 theologiam
1207 2741 1496 2793 profitentur,
1521 2746 1628 2781 sunt
1657 2740 1846 2790 egregie
1876 2744 1920 2778 et

353 2930 361 2949 ¹
401 2929 526 2962 Voces,
546 2937 628 2964 quas
652 2929 820 2957 Polaticus
840 2929 979 2963 propria
999 2928 1135 2962 scripsit
1156 2935 1275 2959 manu,
1297 2926 1422 2954 italicis
1437 2926 1695 2954 characteribus
1718 2925 1771 2951 hic
1799 2923 1920 2951 descri-

296 2979 426 3005 bemus.
