2080 3392
293 165 364 203 398
804 168 1028 205 LITTERAE
1055 180 1249 212 QUADRIM
1257 181 1411 209 ESTRES

289 261 378 300 viri
408 266 602 301 tantum.
640 262 962 304 Succedebant
988 271 1144 304 autern
1172 265 1250 305 alii
1275 266 1403 315 aliis,
1436 266 1482 306 in
1516 268 1657 308 horas
1686 268 1915 319 singulas,

287 332 615 382 quamplurimi
643 339 873 383 poterant.
911 333 1060 375 Grata
1081 335 1197 375 haec
1219 347 1293 376 res
1322 336 1597 387 primatibus
1626 337 1713 378 fuit
1743 350 1799 378 ac
1827 341 1916 380 toti

287 402 487 451 civitati,
521 414 613 442 non
643 404 751 455 quia
778 416 905 444 nova
933 411 1135 455 tantum,
1165 407 1247 446 sed
1275 406 1398 458 quod
1424 408 1550 447 utilis
1579 419 1760 460 quoque
1792 417 1912 450 esset

286 478 424 523 atque
445 472 691 513 laudabilis
710 485 718 524 3
743 480 792 514 ut
813 475 986 515 diceret
1008 475 1065 515 D.
1089 476 1309 517 Vicarius
1330 478 1448 518 velle
1470 489 1519 517 se
1540 478 1586 518 in
1608 477 1782 529 majore
1803 486 1913 520 tem-

284 544 360 593 plo
390 542 512 582 idem
537 544 799 585 institutum
834 547 983 597 sequi,
1022 547 1191 599 aliique
1227 548 1338 588 item
1372 549 1418 588 in
1451 549 1648 599 privatis
1685 551 1910 591 ecclesiis.

284 613 443 664 Itaque
465 615 687 655 renovari
707 616 754 655 in
774 622 935 656 nostro
966 619 1137 669 templo
1160 618 1350 670 fierique
1379 619 1668 670 frequentius
1695 621 1825 660 multi
1854 622 1913 661 ef-

284 683 575 734 flagitarunt,
599 687 853 738 statuitque
874 687 927 727 R.
951 688 1000 728 Ρ.
1024 687 1082 727 D.
1106 689 1422 740 Hieronymus
1449 689 1721 730 Domenech
1749 698 1915 742 quater

281 754 477 805 singulis
500 757 634 795 annis
655 757 723 796 eis
744 758 1022 809 concedere3
1047 759 1272 810 primum,
1295 771 1379 811 pro
1406 761 1755 811 peccatoribus3
1789 762 1912 802 dein-

282 825 357 874 de,
381 837 466 876 pro
487 826 562 876 iis,
587 829 663 878 qui
684 828 730 867 in
751 834 877 869 statu
896 830 1078 880 gratiae
1100 830 1286 880 Vivunt3
1309 831 1460 882 tertio,
1486 831 1545 871 ad
1566 831 1910 883 implorandum

282 895 532 946 praefectis
566 903 610 937 et
647 910 938 951 quacumque
971 900 1152 940 ratione
1182 901 1500 952 superioribus
1528 902 1736 942 divinam
1764 915 1914 954 opem;

282 972 538 1017 postremo,
562 979 647 1018 pro
669 968 913 1010 defunctis.
943 971 992 1010 ld
1019 982 1200 1023 quoque
1226 982 1377 1022 genus
1408 972 1656 1022 orationis,
1689 973 1811 1024 quod
1841 985 1911 1013 su-

282 1037 463 1087 periore
486 1050 608 1078 anno
630 1039 768 1079 fiebat
788 1040 953 1080 iisdem
974 1042 1021 1080 in
1042 1042 1336 1093 tumultibUS,
1360 1054 1453 1082 non
1483 1049 1552 1082 est
1583 1043 1830 1094 omissum,
1865 1051 1915 1084 ut

281 1108 477 1158 singulis
499 1109 626 1149 horis
647 1110 693 1149 in
715 1111 868 1162 aliquo
896 1113 1180 1152 monasterio
1210 1113 1376 1164 psalmi
1405 1118 1448 1153 et
1475 1114 1664 1154 litaniae
1694 1114 1910 1155 decanta-

282 1184 443 1219 rentur
466 1178 491 1219 ¹.
516 1179 674 1232 Neque
695 1181 740 1220 id
761 1182 912 1222 solum
931 1182 1198 1233 Messanae,
1223 1183 1304 1223 sed
1326 1189 1423 1224 toto
1445 1184 1584 1223 etiam
1606 1196 1773 1235 regno,
1804 1186 1909 1225 mis-

283 1250 368 1300 sis,
393 1250 558 1301 quibus
579 1251 666 1290 hoc
689 1253 912 1303 praelatis
927 1252 1194 1303 jubebatur,
1225 1253 1444 1305 Proregis
1471 1255 1636 1295 litteris
1665 1262 1708 1295 et
1744 1256 1911 1296 oratio-

282 1320 353 1360 nis
381 1320 602 1372 formula,
633 1334 751 1373 quae
782 1323 858 1363 hic
892 1325 1017 1375 typis
1052 1325 1272 1365 mandata
1307 1325 1474 1366 fuerat.
1511 1326 1833 1377 imperabatur
1868 1334 1911 1367 et

283 1392 375 1431 alia
396 1393 562 1432 orandi
582 1394 724 1433 ratio:
748 1400 797 1434 ut
819 1400 888 1434 ter
910 1395 1115 1446 quotidie
1143 1397 1189 1435 in
1216 1396 1410 1446 singulis
1443 1397 1653 1436 ecclesiis
1683 1404 1726 1437 et
1755 1409 1912 1438 mona—

282 1463 436 1502 steriis
470 1475 700 1514 campana
727 1466 1010 1517 pulsaretur,
1045 1465 1176 1517 cujus
1209 1467 1368 1507 audito
1398 1468 1553 1518 pulsu,
1590 1479 1772 1518 omnes,
1803 1480 1911 1520 quo-

282 1544 477 1583 cumque
499 1534 545 1572 in
565 1535 669 1574 1000
693 1542 860 1586 essent,
887 1536 1050 1576 orandi
1069 1538 1225 1588 gratia
1246 1548 1399 1588 genua
1420 1538 1674 1578 flecterent.

358 1602 447 1643 Sed
470 1604 609 1644 redeo
630 1605 688 1645 ad
709 1617 808 1655 nos,
832 1607 919 1646 hoc
941 1613 1024 1655 est,
1048 1608 1107 1648 ad
1127 1608 1349 1659 templum
1368 1615 1593 1648 nostrum.
1619 1608 1780 1649 Patres
1802 1621 1906 1649 con-

279 1674 462 1714 fessarii
483 1675 546 1714 ita
567 1677 815 1717 nonnullas
835 1677 1057 1724 familias,
1082 1690 1200 1729 quae
1221 1679 1306 1719 sibi
1336 1678 1631 1729 confitentur,
1666 1680 1905 1720 distribue-

279 1751 404 1795 runt,
429 1752 478 1785 ut
499 1746 645 1786 variis
667 1747 713 1786 in
744 1748 858 1787 locis
889 1749 1106 1789 continue
1134 1756 1361 1790 oraretur.
1392 1749 1533 1789 Hisce
1564 1750 1831 1800 praesidiis,
1865 1757 1908 1790 et

277 1817 599 1868 eleemosynis,
619 1823 716 1857 tum
737 1819 957 1869 privatim
979 1826 1076 1860 tum
1097 1821 1291 1872 publice,
1313 1821 1512 1871 00113115,
1532 1820 1816 1861 credendum
1837 1828 1906 1861 est

278 1887 471 1927 biforme
502 1887 514 1905 ²
549 1888 660 1928 illud
696 1895 739 1928 et
767 1889 970 1930 immane
998 1898 1257 1931 monstrum
1286 1892 1342 1931 ab
1370 1891 1457 1931 hac
1485 1892 1633 1931 insula
1666 1891 1907 1943 depulsum

276 1957 436 2007 fuisse,
470 1958 592 2009 quod
622 1959 827 2010 alioquin
858 1959 955 2011 jam
991 1962 1198 2013 irrepere
1230 1974 1316 2002 nec
1344 1962 1442 2001 sine
1471 1962 1642 2001 damno
1671 1970 1902 2014 coeperat.

254 2064 257 2065 ⁷
276 2027 366 2068 Sed
387 2028 502 2068 haec
521 2028 615 2079 jam
637 2041 803 2080 parum
825 2030 883 2070 ad
904 2043 1004 2082 nos,
1029 2043 1147 2083 quae
1168 2033 1353 2084 publica
1375 2038 1496 2072 sunt.

355 2099 469 2138 Illud
490 2100 655 2149 magis:
681 2101 796 2140 duos
812 2100 1010 2152 juvenes
1031 2103 1435 2143 franciscanorum
1455 2104 1679 2144 familiam
1705 2104 1903 2144 devotis-

276 2170 390 2209 sime
411 2182 512 2210 esse
533 2171 787 2221 ingressos,
813 2172 954 2212 alium
976 2174 1329 2225 capucinorum,
1355 2181 1571 2225 quartum
1591 2175 1902 2215 benedictino-

277 2251 392 2280 rum.
435 2241 541 2280 Fuit
580 2247 625 2281 et
670 2242 810 2293 alius,
862 2243 935 2283 cui
981 2245 1277 2284 eremitarum
1328 2246 1635 2296 quorumdam
1678 2246 1904 2297 probatae

274 2311 426 2350 famae
445 2312 706 2352 institutum
728 2314 857 2364 sequi
874 2314 1024 2365 magis
1040 2316 1228 2366 placuit.
1248 2315 1363 2355 Tres
1381 2328 1560 2367 quoque
1582 2317 1628 2356 in
1646 2316 1904 2367 Collegium

275 2388 484 2422 nostrum
502 2383 559 2422 ad
581 2383 801 2435 obsequia
819 2384 1074 2425 domestica
1092 2392 1198 2426 sunt
1215 2387 1420 2437 admissi,
1441 2399 1723 2438 quamquam
1739 2387 1902 2427 horum

274 2464 391 2492 unus
413 2464 498 2492 nec
521 2459 672 2493 aetate
693 2466 778 2494 nec
800 2455 952 2495 indole
974 2456 1155 2497 Videtur
1177 2457 1359 2508 ineptus
1381 2458 1439 2498 ad
1461 2458 1639 2498 litteras
1661 2458 1900 2498 addiscen-

275 2524 372 2563 das.
407 2523 630 2574 Virgines
660 2525 836 2576 aliquot
870 2537 919 2565 se
946 2525 1047 2566 Deo
1074 2528 1380 2579 religionique
1407 2528 1636 2568 dicarunt.
1670 2527 1827 2579 Aliqui
1858 2529 1903 2568 in

273 2592 511 2644 conjugio,
544 2595 684 2634 etiam
717 2607 810 2636 non
839 2603 1057 2647 negatas,
1091 2599 1354 2649 voluptates
1382 2599 1468 2638 sibi
1495 2599 1829 2638 subtraxerunt
1859 2605 1902 2638 et

273 2665 562 2704 continenter
583 2666 743 2706 Vivere
765 2673 981 2717 pergunt.
1004 2667 1169 2708 Mulier
1189 2680 1304 2719 una,
1328 2670 1494 2708 aetatis
1520 2669 1734 2719 grandis,
1767 2676 1811 2709 et
1838 2670 1898 2708 al—

272 2742 388 2784 tera,
412 2736 520 2775 item
543 2736 906 2787 adolescentula,
929 2738 1116 2778 natione
1147 2739 1357 2790 Maurae,
1380 2747 1567 2790 recepta
1590 2740 1762 2780 Christi
1792 2739 1894 2790 fide,

330 2870 339 2890 ¹
381 2870 466 2897 Vide
484 2879 596 2905 supra.
611 2879 687 2905 pag.
703 2872 747 2898 28.

327 2918 341 2937 ⁶2
378 2917 540 2952 Bzsorme
556 2919 628 2945 ideo
645 2919 802 2946 fortassis
817 2921 859 2946 ab
874 2920 1041 2947 Annibale
1057 2921 1260 2955 ampellatur,
1277 2922 1354 2956 quia
1367 2925 1398 2948 et
1411 2922 1606 2956 corporibus
1623 2926 1654 2948 et
1671 2922 1790 2949 animis
1805 2930 1895 2949 mon-

274 2970 382 2992 strum
398 2965 478 2992 illud
493 2966 697 2994 minabatur.
