2080 3392
821 206 907 243 AN.
938 205 1030 243 1554
1679 205 1750 242 640

64 318 67 319 ⁷
110 306 223 356 gani
242 312 350 345 sunt
371 312 415 345 et
437 318 463 345 a
487 305 602 345 vicis
625 305 901 357 oppidisque
928 303 1066 344 huius
1093 303 1336 344 Dioecesis
1358 303 1447 343 huc
1475 302 1748 344 addiscendi

102 389 205 428 gra.
249 377 636 428 commigrarunt.
679 375 842 416 Plures
881 375 1110 427 siquidem
1151 386 1177 414 a
1213 375 1508 426 parentibus,
1551 387 1748 416 suavem

101 448 407 488 sentientibus
444 448 638 488 odorem
677 448 921 488 literarum
955 446 1295 498 probitatisque
1334 458 1538 497 morum,
1581 447 1748 498 quibus

103 520 470 560 adolescentium
509 519 652 559 animi
688 519 973 568 imbuuntur,
1012 518 1103 558 huc
1138 519 1385 558 mittuntur
1417 525 1461 558 et
1501 519 1547 558 in
1583 519 1748 558 studiis

103 592 302 631 aluntur.
334 591 494 632 Solent
522 592 569 631 in
596 591 716 630 festo
749 589 1011 630 nativitatis
1041 589 1148 629 Dni.
1181 595 1224 629 et
1260 589 1618 629 resurrectionis
1651 590 1747 629 uni<

102 663 229 703 versi
249 662 394 702 ferme
417 661 689 702 scholastici
711 661 770 701 ad
790 661 970 712 patrias
990 659 1226 711 proficisci
1255 672 1338 711 per
1370 660 1417 700 lO
1445 667 1523 701 aut
1550 660 1602 700 «15
1632 661 1745 709 dies,

102 746 299 785 quorum
321 733 549 773 modestia
572 740 617 773 et
638 733 836 772 honesta
860 731 1221 772 conversatione
1243 732 1377 781 moti,
1414 732 1461 772 ni
1488 732 1638 782 fallor,
1671 733 1747 772 ali-

102 817 300 857 quorum
322 812 541 856 parentes
562 805 735 844 liberos
766 815 877 843 suos
909 803 1000 842 huc
1029 802 1238 853 mittunt,
1269 803 1418 843 literis
1449 804 1749 855 moribusque

101 876 434 925 instituendos3
466 887 598 927 spem
626 886 809 915 summo
840 874 927 914 deo
961 873 1208 924 habemus,
1244 874 1343 914 fore
1374 880 1423 914 ut
1449 886 1670 915 numerus
1703 875 1749 914 in

102 947 199 987 dies
223 954 469 999 augeatur.
493 947 707 998 Ipsorum
729 945 884 986 studia
911 945 1028 985 bene
1057 944 1248 993 habent;
1283 947 1483 985 sentitur
1510 945 1749 997 profectus

100 1019 147 1059 in
168 1019 386 1070 singulis3
410 1030 525 1058 cura
548 1018 671 1058 enim
693 1030 748 1058 ac
770 1016 1013 1068 diligentia
1035 1027 1131 1055 non
1152 1028 1300 1067 parua
1333 1024 1401 1056 est
1433 1018 1748 1069 praeceptori-

101 1091 186 1131 bus
222 1091 448 1130 exercitia
486 1089 621 1129 varia
662 1089 919 1140 modosque
960 1099 1120 1127 omnes
1159 1088 1537 1138 pervestigandi,
1580 1089 1747 1140 quibus

104 1161 183 1202 fiat
204 1168 253 1202 ut
275 1163 364 1213 ipsi
384 1162 577 1213 pulchre
600 1161 645 1200 in
669 1161 912 1200 literarum
933 1159 1167 1199 curriculo
1187 1147 1470 1210 procedant3
1496 1171 1554 1199 ex
1584 1161 1751 1211 quibus

102 1234 191 1274 hoc
215 1246 359 1274 unum
380 1240 472 1283 est,
499 1245 590 1285 quo
620 1233 890 1272 excitantur
920 1231 1124 1271 maxime
1156 1236 1200 1270 et
1230 1230 1554 1272 stimulantur:
1588 1232 1635 1271 in
1666 1243 1749 1272 sua

105 1306 305 1356 quisque
327 1295 479 1345 classe
501 1305 618 1345 alios
641 1304 744 1344 aliis
767 1303 1068 1344 adversarios
1091 1302 1353 1353 constituit,
1386 1302 1448 1342 ita
1476 1309 1525 1343 ut
1556 1303 1753 1354 singulis

107 1377 367 1428 quibusque
394 1388 506 1417 suus
536 1377 593 1416 sit
622 1382 779 1416 certus
811 1387 865 1415 ac
895 1374 1168 1426 designatus
1196 1374 1244 1414 in
1271 1373 1435 1414 eadem
1464 1376 1614 1415 classe
1646 1387 1750 1416 con-

103 1448 328 1497 flictator3
372 1448 541 1488 horum
580 1454 738 1488 autem
773 1447 980 1487 omnium
1021 1458 1075 1486 ac
1116 1446 1408 1496 singulorum
1444 1446 1646 1487 officium
1684 1454 1753 1487 est

105 1531 281 1571 magna
323 1532 428 1560 cum
468 1519 709 1571 diligentia
747 1519 807 1559 ad
842 1529 1029 1558 errores
1068 1517 1450 1558 adversariorum
1490 1518 1750 1569 attendere,

103 1592 284 1643 quoties
319 1592 690 1642 interrogantur,
723 1596 772 1630 ut
800 1601 881 1630 eos
912 1589 1096 1641 publice
1127 1589 1393 1640 corrigant;
1428 1590 1549 1630 unde
1580 1591 1659 1642 qui
1689 1591 1752 1630 in-

101 1669 422 1713 terrogantur,
458 1663 504 1702 id
532 1661 833 1702 emolumenti
866 1661 1084 1712 capiunt,
1116 1667 1164 1700 ut
1194 1660 1414 1701 studeant
1445 1674 1539 1701 non
1574 1671 1749 1709 errare;

103 1733 175 1774 sui
202 1745 316 1774 vero
345 1734 609 1774 adversarii
639 1732 911 1782 emendare;
954 1738 1092 1783 atque
1121 1732 1186 1772 ita
1213 1733 1398 1784 utrique
1430 1733 1678 1784 proficiunt
1709 1740 1752 1773 et

102 1806 286 1858 utrique
309 1807 367 1846 ad
389 1806 594 1846 studium
616 1806 859 1845 literarum
881 1804 1210 1845 incenduntur.
1244 1804 1451 1856 Singulis
1482 1805 1643 1846 diebus
1674 1804 1753 1845 Sa-

102 1878 227 1917 turni
249 1879 489 1917 axiomata
510 1889 624 1917 suae
644 1876 881 1916 facultatis
903 1875 1172 1926 defendunt,
1205 1877 1430 1927 privatim
1451 1877 1499 1917 in
1520 1889 1603 1917 sua
1633 1879 1752 1929 quis-

104 1960 192 2000 que
220 1949 391 1998 classe,
417 1960 472 1988 ac
495 1949 657 1988 diebus
679 1948 789 1988 item
813 1946 1004 1988 Saturni
1034 1948 1198 1999 primis
1225 1948 1449 1999 cuiusque
1479 1949 1653 1988 mensis
1674 1961 1750 2000 pu-

102 2020 221 2060 blice
256 2032 418 2060 omnes
449 2020 644 2071 pariter,
674 2019 721 2059 in
756 2030 938 2059 summo
967 2019 1087 2059 atrio
1120 2019 1429 2069 confluentes;
1462 2020 1598 2069 haec,
1633 2031 1752 2071 quae

103 2091 285 2142 publice
309 2091 448 2131 modo
471 2096 577 2142 post
598 2089 769 2130 festum
797 2091 1003 2141 paschae
1033 2096 1140 2130 acta
1171 2096 1299 2141 sunt,
1334 2090 1592 2131 celebriora
1622 2090 1752 2130 fuere

104 2162 263 2212 solit03
302 2174 435 2212 nam,
466 2168 800 2214 praeterquam
829 2161 953 2213 quod
984 2162 1222 2201 orationes
1251 2168 1295 2201 et
1324 2162 1665 2213 disputationes
1698 2162 1754 2202 de

104 2244 235 2272 more
261 2232 448 2273 habitae
475 2239 605 2283 sunt,
639 2233 815 2284 aliquot
847 2233 990 2272 etiam
1016 2232 1261 2283 Aeglogas
1286 2233 1546 2273 recitarunt
1576 2233 1632 2272 de
1669 2233 1753 2273 Re-

105 2303 409 2344 surrectione.
435 2303 521 2343 His
543 2304 607 2343 illi
631 2303 796 2343 studiis
819 2303 874 2343 ad
898 2304 1109 2344 laborem
1130 2310 1469 2355 provocantur,
1499 2310 1543 2344 et
1572 2310 1621 2344 ut
1643 2306 1751 2345 ulte-

106 2375 203 2415 rius
243 2374 492 2425 diligenter
527 2381 729 2426 pergant
768 2374 907 2414 facile
946 2375 1282 2426 perducuntur.
1325 2375 1506 2415 Horum
1544 2377 1754 2416 nonnulli

106 2446 351 2485 variarum
388 2445 669 2496 religionum
708 2446 922 2486 instituta
958 2452 1287 2498 susceperunt,
1325 2447 1404 2486 alii
1443 2445 1554 2487 Scti.
1595 2446 1753 2487 Domi-

106 2516 220 2567 nici,
252 2517 331 2556 alii
365 2515 475 2556 Scti.
515 2515 764 2564 Bernardi,
803 2528 932 2556 nrae.
963 2529 1076 2557 vero
1104 2516 1375 2568 Societatis,
1413 2518 1485 2557 his
1515 2519 1752 2559 mensibus

107 2586 216 2637 4.0r,
243 2587 334 2627 duo
357 2593 436 2627 aut
456 2586 558 2638 38³,
592 2588 696 2627 aliis
729 2588 962 2638 exceptis,
1000 2589 1077 2640 qui
1093 2588 1295 2639 idipsum
1325 2601 1352 2628 a
1383 2588 1520 2629 Patre
1550 2591 1751 2640 postula-

108 2664 228 2698 runt.
267 2658 374 2698 Illos
402 2659 450 2698 in
477 2659 689 2699 doctrina
722 2659 980 2700 christiana
1010 2667 1344 2711 praeceptores
1370 2660 1638 2711 instituunt,
1676 2672 1752 2700 ve-

107 2741 242 2781 spere
277 2729 367 2769 diei
403 2730 625 2770 dominici
659 2730 882 2781 privatim
911 2730 959 2770 in
993 2743 1076 2771 sua
1105 2732 1301 2783 quisque
1336 2732 1507 2781 classe,
1544 2732 1754 2783 ipsorum

108 2801 267 2852 captui
298 2813 346 2841 se
370 2801 797 2842 accommodantes.
828 2802 879 2842 In
911 2802 970 2841 La
990 2803 1141 2843 classe
1162 2803 1252 2843 hoc
1273 2803 1411 2843 modo
1433 2803 1752 2843 instituuntur:

108 2872 200 2911 alio
233 2872 306 2912 die
339 2871 587 2913 Dominico
616 2885 708 2913 una
737 2873 968 2924 quaedam
998 2874 1230 2925 particula
1252 2886 1311 2914 ex
1337 2874 1490 2915 dnica.
1523 2875 1751 2924 oratione,

108 2942 354 2994 Aplorum.
388 2944 601 2995 symbolo
631 2950 710 2984 aut
734 2945 830 2994 alio
858 2946 1024 2996 quovis
1054 2945 1194 2985 simili
1224 2945 1514 2996 declaratum
1547 2946 1605 2986 ad
1636 2947 1753 2986 haec

108 3014 337 3064 prolixius
360 3015 672 3056 admonentur
694 3015 750 3056 de
771 3016 864 3066 his,
889 3028 1008 3068 quae
1031 3016 1293 3058 conducere
1321 3020 1539 3060 videntur
1570 3017 1630 3058 ad
1657 3029 1750 3057 mo-
