2080 3392
830 188 913 225 AN.
943 187 1036 225 1553
1686 186 1756 222 435

108 294 277 340 guunt,
302 288 384 328 sed
405 287 545 327 etiam
567 286 656 336 ipsi
678 285 776 337 igni
797 285 1025 325 maiorem
1044 284 1140 324 vim
1162 284 1353 324 addunt.
1383 282 1503 323 Nam
1529 294 1619 335 quo
1651 294 1754 322 con-

114 359 380 400 cionatores
400 359 504 410 plus
520 358 732 398 nituntur
749 355 1015 396 huiusmodi
1032 355 1242 395 instituto
1262 355 1451 395 obviam
1467 355 1549 405 ire,
1569 354 1758 405 suisque

114 431 287 481 verbiS,
311 430 456 471 veluti
478 429 704 469 arietibus
725 427 1019 479 quibusdam,
1043 438 1128 467 nos
1150 432 1195 466 et
1216 426 1481 467 huiusmodi
1501 427 1603 478 pios
1630 425 1758 465 viros

115 508 382 551 concutere,
407 512 461 541 eo
485 500 638 551 magis
660 510 822 539 eorum
844 498 1074 538 accrescit
1100 509 1322 538 numerus
1350 504 1395 538 et
1422 497 1511 549 ipsi
1535 497 1756 537 fortiores

114 572 243 613 fiunt.
274 573 424 612 Huius
454 572 521 611 rei
559 570 873 610 certissimum
906 569 1278 620 experimentum
1316 569 1590 620 collegimus
1630 568 1760 608 hisce

116 644 292 693 diebuS,
331 654 433 684 cum
471 641 782 694 peritissimus
818 640 1008 691 quidam
1043 640 1305 690 religiosus,
1339 639 1449 680 dum
1484 641 1760 680 concionem

115 715 309 756 haberet
332 714 386 754 ad
411 714 650 765 populum,
674 711 942 752 vehementi
973 711 1131 750 animo
1160 722 1216 751 ac
1237 711 1439 762 suspirio
1470 712 1527 751 ab
1558 712 1651 752 imo
1683 722 1760 750 ve—

114 787 201 827 luti
220 792 412 838 pectore
434 785 615 835 educto,
641 783 908 823 adstantem
928 782 1111 834 plebem
1140 783 1359 822 monebat
1381 789 1430 822 ut
1452 789 1642 823 caveret
1664 794 1759 832 eos,

115 858 196 911 qui
216 857 351 898 brevi
372 856 597 908 temporis
624 855 799 907 spatio,
831 854 948 894 citra
975 854 1120 894 ullam
1151 854 1453 905 asperitatem
1482 866 1537 894 ac
1559 855 1759 906 discipli-

113 941 241 979 nam,
266 929 568 969 sanctitatem
588 926 938 978 promittebant,
962 936 1042 965 eos
1063 924 1277 965 inimicos
1305 926 1457 965 crucis
1486 926 1661 966 Christi
1684 937 1761 976 ap-

114 1002 308 1053 pellans,
334 999 618 1040 authoritate
640 997 698 1037 D.
722 996 856 1038 Pauli
877 997 923 1036 in
939 996 1143 1036 medium
1161 995 1380 1047 adducta,
1402 1007 1526 1036 nunc
1543 1001 1701 1037 autem
1717 1001 1767 1036 et

104 1073 236 1124 flens
257 1072 377 1117 dico,
397 1070 612 1110 inimicos
634 1069 789 1109 crucis
817 1068 1007 1108 Christi.
1032 1067 1175 1108 Cuius
1192 1068 1336 1108 ictum
1354 1068 1605 1108 adauxisse
1623 1069 1758 1108 nobis

116 1150 325 1195 segetem
346 1143 465 1183 citra
486 1143 629 1181 ullam
649 1140 1009 1180 haesitationem
1031 1139 1279 1179 credimus.

198 1214 398 1266 Quidam
419 1219 610 1253 nostrae
633 1211 882 1252 Societatis
903 1210 1059 1261 Pater,
1084 1210 1161 1262 qui
1178 1209 1494 1250 Salmanticae
1512 1209 1654 1260 degit,
1675 1210 1764 1250 huc

120 1286 264 1336 venit,
289 1286 368 1338 qui
388 1284 706 1332 concionibus,
731 1289 829 1322 tum
849 1282 896 1322 in
917 1282 1104 1333 templo,
1128 1288 1226 1321 tum
1247 1282 1390 1321 etiam
1415 1281 1463 1320 in
1484 1280 1608 1331 foro,
1639 1281 1765 1321 habi-

118 1358 192 1407 tis,
225 1368 398 1408 magna
438 1367 601 1396 omnes
640 1354 797 1395 affecit
838 1353 1158 1394 consolatione
1179 1386 1186 1404 ,
1234 1353 1293 1393 ad
1337 1352 1518 1405 Deique
1559 1353 1765 1393 incendit

123 1440 347 1470 amorem.

202 1499 392 1550 Clerici,
423 1499 502 1551 qui
531 1499 577 1538 in
607 1497 813 1537 finitimis
843 1496 1057 1536 habitant
1090 1496 1226 1547 vicis,
1264 1496 1364 1536 sive
1402 1496 1556 1547 pagis,
1594 1507 1768 1547 magna

122 1583 229 1613 cum
251 1570 500 1611 devotione
523 1576 685 1621 petunt
706 1575 755 1608 ut
776 1568 1135 1608 concionatores
1151 1567 1295 1619 aliqui
1312 1573 1502 1607 nostrae
1519 1566 1769 1608 Societatis

119 1643 209 1684 sibi
230 1643 488 1683 mittantur.
514 1641 740 1681 Attamen
761 1639 964 1691 operarii
984 1639 1139 1691 pauci.

202 1714 333 1754 Haec
356 1720 475 1763 sunt,
501 1711 774 1763 dignissime
796 1711 950 1761 Pater,
971 1721 1088 1762 quae
1106 1710 1249 1761 digna
1266 1709 1386 1750 scitu
1403 1710 1609 1750 iudicavi
1631 1722 1771 1762 quae-

121 1797 210 1837 que
231 1785 279 1825 P.
304 1785 356 1825 T.
381 1783 607 1824 mittenda
636 1783 812 1823 censui.
842 1781 1160 1834 Quapropter,
1190 1781 1330 1821 finem
1360 1781 1545 1822 dicendi
1571 1781 1765 1832 faciens,

120 1857 331 1898 divinam
360 1856 655 1896 Maiestatem
687 1854 914 1905 deprecor
941 1859 990 1893 ut
1019 1853 1154 1893 nobis
1181 1852 1467 1893 Paternitate
1496 1858 1576 1893 tua
1611 1854 1770 1894 multis

124 1929 260 1969 annis
282 1927 547 1968 felicissime
568 1926 660 1966 frui
682 1925 924 1965 concedat.

205 1999 522 2050 Methymnae,
548 2009 671 2037 anno
694 1996 885 2037 Domini
910 1995 1011 2036 1553
1032 2007 1190 2036 wastense
1214 1995 1504 2047 Septembris
1528 1995 1551 2036 ¹.

206 2070 429 2110 Minimus
451 2081 506 2109 ac
528 2068 747 2119 indignus
764 2067 899 2117 filius,

1067 2210 1288 2250 MICHAFLL
1319 2209 1389 2250 RA
1396 2221 1550 2250 ΜΙΗΕΖ.

209 2426 584 2478 Superscm'ptt'o,
606 2437 749 2465 mann
773 2425 945 2464 Patris
966 2424 1109 2465 Petri
1127 2424 1371 2464 Se-vz'llano
1385 2457 1396 2474 ,
1417 2424 1465 2463 in
1489 2427 1662 2474 quarm
1687 2427 1777 2474 pa-

126 2498 267 2551 gina:
287 2497 408 2551 JHs.
431 2497 700 2538 Admodum
716 2495 818 2536 R.d0
841 2496 888 2536 in
906 2496 1092 2536 Christo
1109 2496 1248 2548 patri,
1268 2496 1393 2547 patri
1411 2495 1594 2545 Ignatio
1617 2494 1672 2534 de
1691 2494 1776 2534 Lo-

127 2571 251 2622 yola,
276 2569 550 2621 Praeposito
573 2568 782 2619 generali
804 2566 1068 2608 Societatis.

210 2642 403 2682 Romae.

210 2712 323 2753 Alia
343 2723 506 2752 mam-c:
531 2711 645 2750 1553.
672 2710 821 2761 Quad.
845 2710 1048 2759 Medina,
1072 2709 1199 2762 Sept.

222 2783 485 2834 Vestz'gc'mn
509 2792 640 2822 cerae
662 2785 705 2821 et
727 2781 898 2832 sigilli.

188 2944 198 2963 ¹
239 2943 333 2971 Haec
352 2945 417 2971 duo
433 2945 540 2971 verba
556 2943 675 2971 addita
692 2946 768 2970 sunt
786 2943 818 2970 in
833 2942 904 2977 ipso
924 2942 1139 2976 autographo
1155 2949 1174 2969 a
1190 2941 1349 2969 Polanco.
