2080 3392
872 187 954 223 AN.
987 186 1079 223 1553
1722 185 1793 222 493

143 286 568 336 constitutionibus,
593 285 786 337 spiritus
808 284 1074 335 sumebant,
1104 290 1168 331 ut,
1199 283 1328 323 obliti
1358 294 1477 334 quae
1509 288 1634 322 retro
1662 288 1784 332 sunt,

144 359 203 400 ad
224 358 461 398 anteriora
479 369 527 397 se
545 356 870 406 extenderent,
889 361 988 396 tum
1009 356 1150 395 etiam
1167 355 1292 407 quod
1308 354 1356 394 P.
1377 354 1557 394 Natalis
1574 365 1645 404 ea,
1665 364 1786 404 quae

143 430 280 470 isthic
318 428 562 478 hauserat,
611 434 709 468 tam
753 438 929 478 magna
968 426 1200 466 charitate
1241 425 1528 475 effundebat,
1577 431 1625 465 ut
1659 431 1790 464 tuam

142 500 190 541 P.
224 500 360 540 nobis
387 499 549 539 audire
585 499 877 548 videremur,
916 509 1024 537 cum
1059 497 1115 537 de
1147 497 1362 537 omnibus
1390 496 1627 548 perfectae
1664 495 1790 535 vitae

142 571 480 621 instrumentis,
504 576 781 623 paupertate
804 569 923 619 dico,
948 569 1180 619 castitate,
1200 568 1281 608 sed
1300 568 1554 620 praecipue
1576 566 1790 607 obedien-

143 644 207 683 tia
228 643 434 695 quotidie
462 643 746 693 loqueretur.
777 641 894 680 Illud
922 639 1077 689 credo,
1113 651 1369 691 numquam
1400 639 1589 679 venisse
1619 631 1791 678 fr‘atres

144 714 204 755 ad
225 713 526 762 audiendum,
551 712 803 752 veniebant
826 717 983 751 autem
1009 710 1106 750 fere
1135 711 1357 762 quotidie,
1382 710 1492 761 quin
1515 709 1792 750 inflammati

145 786 441 826 discederent
462 785 688 824 virtutum
710 784 878 823 harum
899 793 1076 822 amore.

226 857 337 897 Post
353 857 529 907 aliquot
547 855 645 895 dies
661 855 791 894 venit
802 853 849 894 Ρ.
866 854 1152 894 Franciscus
1166 854 1367 903 Borgius
1382 853 1507 902 (sle),
1525 864 1668 905 quum
1687 864 1792 892 eum

146 940 286 981 saepe
303 940 388 968 rex
410 927 506 967 suis
528 927 676 967 literis
694 925 988 966 accersisset.
1009 924 1053 965 A
1069 935 1181 975 rege
1202 924 1520 976 universaque
1543 924 1642 976 ejus
1662 924 1792 964 fami—

143 1001 205 1041 lia
225 999 562 1040 humanissime
584 1003 808 1049 exceptus
839 1003 923 1047 est;
956 996 1016 1036 ad
1045 1002 1231 1036 Veteres
1255 996 1378 1035 enim
1402 995 1790 1044 necessitudines,

143 1083 260 1124 quas
282 1082 387 1111 cum
409 1070 457 1110 P.
488 1069 744 1110 Francisco
772 1068 1028 1117 habebant,
1054 1078 1277 1118 magnam
1295 1067 1449 1107 attulit
1471 1067 1793 1107 accessionem

143 1142 450 1193 existimatio,
475 1153 616 1193 quam
637 1141 693 1181 de
711 1141 856 1192 ipsius
877 1140 1051 1180 habent
1071 1139 1267 1189 virtute,
1291 1138 1415 1190 quod
1436 1138 1538 1190 ipsi,
1564 1138 1642 1190 qui
1663 1139 1719 1178 de
1741 1149 1791 1177 se

141 1221 239 1255 tam
254 1213 482 1254 submisse
499 1212 654 1261 sentit,
678 1224 772 1252 non
793 1217 977 1263 poterat
994 1222 1089 1251 non
1111 1210 1249 1250 valde
1269 1211 1518 1250 molestum
1540 1221 1656 1249 esse.
1677 1209 1791 1249 Mox

142 1291 299 1326 autem
321 1286 366 1325 in
388 1284 574 1335 magnis
596 1282 983 1335 occupationibus
1010 1293 1114 1322 esse
1136 1281 1310 1333 coepit,
1342 1293 1448 1321 curn
1470 1286 1795 1321 accerseretur

145 1357 223 1397 vel
244 1368 271 1397 a
302 1367 414 1407 rege
438 1357 510 1396 vel
539 1367 565 1394 a
593 1355 758 1406 regina
785 1354 794 1372 ¹
818 1355 894 1394 vel
915 1366 942 1393 a
965 1353 1185 1394 Caesaris
1212 1353 1308 1393 filia
1327 1352 1341 1371 ²
1363 1353 1438 1392 vel
1461 1353 1743 1392 inviseretur
1767 1363 1794 1390 a

141 1428 431 1480 principibus
452 1427 583 1467 viris.
608 1426 768 1478 Itaque
790 1437 898 1466 cum
917 1437 975 1465 ne
996 1425 1228 1465 tantulum
1250 1424 1436 1476 quidem
1466 1424 1659 1464 haberet
1682 1430 1792 1463 tem-

143 1499 291 1552 poris,
330 1499 376 1538 id
411 1505 590 1548 tamen,
631 1496 855 1550 quidquid
889 1503 1013 1547 erat,
1051 1496 1246 1536 summis
1278 1495 1667 1546 occupationibus
1698 1506 1794 1535 ere-

143 1577 294 1623 ptum,
326 1570 528 1610 fratrum
554 1569 743 1609 utilitati
773 1568 936 1616 dabat3
968 1580 996 1607 a
1029 1579 1192 1608 mensa
1225 1567 1348 1607 enim
1385 1567 1440 1607 de
1476 1566 1649 1607 Christi
1685 1566 1795 1619 Jesu

149 1642 410 1683 imitatione
439 1641 616 1693 aliquid
638 1641 686 1681 in
706 1640 911 1680 medium
941 1639 1230 1691 exponebat,
1258 1639 1605 1691 praecipueque
1626 1638 1682 1678 de
1704 1638 1794 1677 vir-

144 1714 341 1763 tutibus,
377 1725 496 1765 quae
524 1713 571 1753 in
593 1711 864 1752 beatissimo
891 1710 990 1763 ejus
1020 1711 1208 1751 fuerunt
1239 1709 1410 1750 animo.
1443 1710 1522 1750 Bis
1555 1710 1602 1750 in
1632 1715 1795 1749 nostro

144 1786 317 1837 templo
339 1785 647 1824 concionatus
668 1788 757 1833 est,
777 1782 837 1823 ad
854 1782 1203 1834 secundamque
1222 1782 1500 1822 concionem
1520 1781 1649 1821 venit
1669 1781 1791 1832 prin-

145 1868 256 1908 ceps
281 1856 550 1897 Ludovicus
579 1854 1003 1906 attentissimeque,
1035 1854 1091 1894 de
1122 1854 1226 1894 loco
1258 1853 1490 1905 superiori
1524 1859 1796 1892 nostrarum

146 1928 351 1978 aedium,
386 1927 746 1967 concionantem
774 1925 977 1976 audivit,
1003 1925 1079 1965 ubi
1101 1923 1200 1976 ejus
1226 1925 1596 1975 benevolentiae,
1629 1935 1721 1975 qua
1749 1923 1796 1963 in

143 2000 315 2040 fratres
336 2004 427 2049 est,
452 1998 754 2050 perspicuum
783 1998 969 2048 signum
996 1996 1146 2045 dedit;
1178 2008 1288 2037 nam
1318 2008 1397 2037 eos
1429 1997 1475 2036 in
1503 1995 1667 2036 eodem
1688 1996 1796 2035 loco

146 2071 206 2112 ad
222 2070 501 2111 audiendam
526 2069 802 2110 concionem
824 2069 987 2109 sedere
1000 2067 1159 2120 jussit,
1177 2074 1437 2120 posteaque
1455 2067 1708 2107 affirmavit
1729 2078 1794 2116 se,

145 2142 223 2194 qui
242 2142 332 2182 hoc
353 2142 454 2193 ipso
476 2141 572 2181 divi
589 2140 817 2181 Matthaei
834 2140 908 2180 die
926 2141 1097 2180 multas
1115 2139 1365 2180 conciones
1383 2139 1656 2189 audivisset,
1682 2137 1800 2177 nihil

150 2214 243 2254 tale
263 2224 471 2264 unquam
495 2212 748 2252 audivisse.

226 2284 366 2324 Pater
384 2284 564 2323 interea
583 2294 811 2334 persaepe
834 2282 881 2322 in
902 2283 1009 2322 aula
1030 2282 1268 2333 reginam,
1289 2282 1365 2322 vel
1389 2281 1608 2322 Caesaris
1636 2281 1794 2331 filiam,

150 2355 359 2407 aliasque
376 2354 613 2406 principes
633 2354 866 2394 foeminas
887 2353 947 2393 ad
964 2353 1190 2393 virtutem
1204 2353 1483 2393 hortabatur
1500 2364 1674 2404 magno
1691 2363 1800 2392 cum

148 2426 318 2477 fructu,
342 2431 392 2466 ut
413 2436 575 2465 omnes
597 2425 920 2474 cernebamus,
941 2436 1048 2464 cum
1064 2435 1134 2475 ea,
1161 2435 1280 2476 quae
1298 2424 1566 2474 audiebant,
1587 2423 1798 2464 studiose

149 2504 314 2549 postea
337 2497 620 2548 flagitarent;
652 2501 909 2547 coeperunt
940 2495 1082 2535 etiam
1111 2494 1320 2535 studiose
1342 2495 1595 2535 admodum
1617 2494 1795 2534 confes-

151 2569 296 2609 sionis
313 2572 664 2608 sacramentum
679 2566 995 2617 frequentare,
1010 2566 1059 2606 in
1072 2577 1163 2617 quo
1181 2571 1454 2606 constanter
1470 2570 1797 2617 perseverant.

231 2639 524 2680 Decreverat
558 2637 607 2677 P.
646 2637 827 2677 Natalis
867 2636 1054 2687 fratres,
1092 2637 1170 2688 qui
1204 2643 1339 2677 erant
1376 2636 1713 2688 Olyssiponae,
1751 2636 1798 2676 in

152 2711 340 2752 ordines
361 2721 472 2750 suos
493 2709 794 2759 distribuere,
819 2720 1018 2760 cumque
1045 2707 1105 2747 ad
1126 2719 1231 2748 eam
1259 2720 1358 2748 rem
1385 2720 1468 2760 per
1495 2708 1667 2748 multos
1699 2707 1800 2747 dies

151 2795 200 2824 se
229 2793 392 2823 omnes
422 2786 803 2832 comparassent,
832 2779 986 2820 visum
1013 2785 1083 2820 est
1111 2779 1262 2819 eidem
1289 2779 1417 2819 Patri
1446 2787 1494 2819 ut
1522 2779 1800 2819 commodus

209 2965 214 2983 ¹
259 2963 450 2992 Catharina
464 2964 641 2996 Austriae,
659 2962 773 2990 Caroli
788 2962 821 2989 V
834 2962 1058 2997 Imperatoris
1074 2969 1182 2990 soror.

211 3013 224 3032 2¹
264 3012 406 3046 Joanna,
422 3012 573 3046 Joannis,
589 3010 824 3045 Portugalliae
841 3010 1019 3044 Principis,
1036 3017 1133 3037 uxor.
