2080 3392
803 255 887 292 ΑΝ.
920 254 1014 291 1552
1685 250 1732 286 75

87 365 194 399 otra
214 356 360 397 mitad
381 366 468 407 que
491 355 663 395 habian
686 354 785 393 sido
807 352 1088 404 superiores.
1121 351 1234 391 Esto
1258 360 1308 388 es
1328 349 1372 388 lo
1401 359 1489 399 que
1517 348 1640 387 hallo
1674 348 1730 388 de

87 435 280 470 nuestra
301 427 435 467 salud
457 440 488 478 y
509 425 770 467 exercicios
792 436 908 476 para
929 422 1124 463 escribir
1149 425 1176 462 a
1195 421 1255 461 V.
1278 420 1327 461 P.

169 499 223 540 El
258 497 406 538 Sefior
441 510 526 538 nos
567 497 622 537 de
658 500 685 537 a
720 495 857 536 todos
890 506 944 534 su
986 493 1286 534 sanctissimo
1323 502 1454 532 amor
1494 503 1525 541 y
1565 495 1728 530 temor.

91 571 260 612 Amen.

174 640 245 681 De
267 639 452 681 Gandia
474 642 500 679 a
521 639 573 679 ‘29
595 639 650 679 de
670 637 947 679 Deziembre
970 636 1026 675 de
1052 634 1167 674 1552.

174 712 244 752 De
266 711 326 751 V.
349 711 400 752 P.
424 710 750 762 indignissimo
772 709 928 749 siervo
950 719 1007 746 en
1028 708 1070 746 el
1090 705 1180 746 S.0r

174 783 264 823 Por
286 783 520 823 mandado
542 781 599 822 de
620 780 720 821 Ν.ΓΟ
738 779 890 820 Padi-e
911 778 1014 818 D.0r
1034 776 1270 829 Baptista,

1199 919 1460 960 GOVIERNO.
1493 920 1520 966 †

177 1137 545 1191 Superscriptio.
581 1100 693 1177 His,
724 1136 784 1177 Al
814 1147 926 1188 muy
961 1134 1063 1175 R.d0
1091 1133 1243 1175 Padre
1269 1133 1368 1174 ΝΕΟ
1387 1144 1446 1173 en
1480 1131 1665 1174 Christo
1693 1132 1735 1172 el

95 1212 169 1253 P.‘³-
190 1212 250 1252 M.
274 1210 466 1261 Ignacio
488 1209 544 1249 de
566 1209 747 1260 Loyola
769 1207 1012 1259 Preposito
1036 1206 1239 1247 General
1259 1204 1316 1245 de
1337 1206 1382 1245 la
1399 1203 1657 1255 Compafiia
1679 1203 1734 1243 de

95 1285 232 1337 Jesus
253 1295 310 1323 en
338 1282 501 1322 Roma.

177 1354 289 1395 Alia
310 1365 482 1394 manu:
504 1352 557 1404 Q.
581 1351 780 1393 Gaudia.
803 1351 869 1391 52.
894 1350 946 1390 ‘29
967 1349 1250 1390 Diciembre.

330 1960 614 1988 Praecedentium
629 1959 805 1987 Michaelis
821 1958 994 1986 Govierno
1010 1958 1207 1985 litterarum
1222 1957 1328 1984 latina
1345 1957 1457 1985 versio
1475 1957 1497 1984 ¹.

185 2212 353 2253 Gratia
378 2218 424 2252 et
443 2223 538 2264 pax
558 2217 646 2251 etc.

183 2284 254 2324 Ex
275 2295 329 2323 eo
352 2289 586 2335 tempore,
612 2294 703 2335 quo
733 2282 883 2334 pridie
910 2281 1216 2322 calendarum
1242 2279 1528 2332 Septembris
1558 2278 1745 2330 scripsi-

101 2367 204 2395 mus
231 2355 287 2394 de
313 2354 514 2394 fratrum
541 2354 713 2404 salute,
743 2365 905 2394 eorum
935 2363 1157 2392 numerus
1188 2363 1283 2392 non
1319 2350 1488 2400 crevit;
1527 2349 1745 2401 permulti

100 2434 259 2467 tamen
286 2426 504 2476 extitere,
543 2425 621 2477 qui
655 2425 794 2465 anxie
830 2424 1157 2465 desiderarunt
1185 2429 1230 2463 et
1257 2434 1284 2462 a
1320 2428 1482 2462 nostro
1518 2421 1566 2461 P.
1607 2421 1744 2472 petie-

102 2504 211 2538 runt
232 2503 282 2537 ut
310 2497 357 2537 in
378 2502 591 2537 nostram
612 2497 888 2548 religionem
908 2496 1246 2548 reciperentur.
1269 2495 1424 2535 Taceo
1447 2493 1654 2543 insignes
1679 2492 1744 2531 vi-

101 2581 182 2610 ros
202 2575 246 2609 et
266 2568 429 2608 variae
453 2567 750 2618 eruditionis,
776 2568 853 2620 qui
870 2567 995 2619 quod
1023 2566 1206 2607 dotibus
1229 2566 1443 2606 omnibus
1465 2563 1744 2604 necessariis

101 2652 199 2681 non
229 2646 384 2680 essent
409 2639 641 2690 insigniti,
672 2639 822 2679 nostri
853 2638 1008 2679 Patris
1034 2637 1208 2689 judicio
1237 2647 1477 2688 nunquam
1510 2635 1637 2675 fuere
1667 2634 1743 2674 ad-

105 2711 249 2751 missi.
292 2710 452 2751 Solum
491 2709 742 2761 quemdam
780 2710 977 2750 fratrem
1017 2709 1089 2749 P.r
1130 2709 1317 2749 admisit
1357 2708 1513 2748 victus
1559 2705 1746 2758 quidem

100 2783 227 2823 illius
248 2782 546 2834 simplicitate
569 2787 613 2821 et
641 2782 928 2833 constantia;
962 2793 1071 2822 nam
1103 2793 1211 2821 cum
1239 2779 1310 2820 bis
1342 2779 1415 2819 Rs
1437 2780 1494 2818 ab
1516 2789 1571 2817 eo
1593 2789 1642 2817 se
1670 2788 1744 2816 ex-

104 2853 360 2904 pedivisset
387 2860 431 2894 et
462 2852 620 2893 multis
646 2864 731 2905 pro
767 2864 822 2893 eo
854 2852 1178 2893 laborantibus
1213 2863 1263 2891 se
1299 2850 1648 2898 excusavisset,
1686 2847 1745 2887 ad

162 3038 173 3058 ¹
212 3038 251 3066 In
266 3039 334 3066 vol.
349 3038 465 3074 Epist.
482 3038 670 3073 quadmssm
683 3038 786 3066 1553-
790 3038 854 3071 54,
869 3039 948 3066 folio
964 3038 1100 3072 duplici,
1113 3045 1167 3065 nn.
1190 3037 1243 3064 495
1263 3041 1296 3064 et
1308 3036 1370 3064 496.
1375 3036 1497 3063 —Vide
1510 3035 1644 3061 etiams
1630 3040 1745 3067 uspra,

85 3089 131 3112 t.
149 3093 177 3118 1,
192 3088 272 3121 pag.
287 3087 304 3113 6
314 3094 423 3121 ,quae
439 3087 479 3113 de
494 3087 546 3114 his
561 3086 675 3114 latinis
690 3086 905 3114 versionibus
920 3087 1084 3114 lectorem
1098 3085 1286 3113 monuimus
1376 3095 1379 3098 ·
