2080 3392
328 193 396 229 150
837 192 1063 228 LITTERAE
1089 201 1445 234 QUADRIMEsrREs

327 288 538 340 profecto
573 288 810 339 superbia,
841 299 932 338 qua
961 287 1112 327 Deum
1141 299 1258 338 puro
1288 287 1427 326 corde
1455 286 1838 327 honorificentius
1873 287 1962 327 coli

328 359 637 399 contendunt!

409 429 580 469 Multae
608 436 733 469 certe
762 428 859 480 spei
892 429 1024 468 nobis
1060 428 1135 468 hic
1165 429 1334 468 ostium
1362 434 1573 479 apertum
1603 434 1672 468 est
1707 428 1961 479 messisque

328 501 682 551 copiosissimae
711 500 757 539 in
785 500 942 540 herbis
967 500 1155 540 ubertas
1189 505 1398 550 apparet.
1432 499 1788 539 Confunduntur
1817 499 1960 539 iunio-

331 582 404 610 res
425 571 472 610 in
493 571 653 621 pravis
684 571 779 610 suis
811 570 1221 610 consuetudinibus
1253 570 1433 619 (contra
1464 581 1580 621 quas
1611 570 1750 610 etiam
1779 570 1961 621 publice

331 652 490 681 sumus
511 641 816 691 concionati),
841 641 1238 692 superfluitatibus
1259 652 1504 692 rerumque
1522 647 1787 680 creatarum
1808 641 1957 680 abusi-

328 712 434 762 bus,
459 712 681 763 temporis
703 712 759 752 ob
781 712 1072 763 iniquitatem
1097 711 1395 761 introductis,
1426 722 1545 762 quae
1575 712 1650 750 vel
1680 711 1963 751 mordaciter

330 790 488 822 tenere
511 789 648 834 atque
670 782 918 822 defendere
940 788 1190 831 conantur,
1222 781 1506 821 adducentes
1529 781 1719 821 Patrum
1748 793 1964 821 avorum-

332 864 419 904 que
457 858 775 903 monumenta,
815 853 892 904 qui
927 853 1068 892 etiam
1104 852 1346 892 christiani
1385 852 1591 902 fuerunt,
1628 863 1713 891 nec
1749 852 1964 892 omnibus

332 931 488 963 tamen
509 924 737 963 abdicatis
765 923 1160 974 superfluitatibus
1187 923 1446 974 pomposis,
1477 923 1708 962 conviviis
1738 928 1783 962 et
1811 923 1966 962 simili-

333 995 416 1034 bus
436 995 625 1045 spretis,
649 994 787 1034 toties
809 993 1057 1034 confitendi
1078 992 1544 1044 communicandique
1562 993 1725 1033 ritibus
1743 993 1962 1033 observa-

330 1066 411 1115 tis,
439 1065 828 1117 quemadmodum
853 1076 975 1104 nunc
1003 1066 1241 1114 volumus,
1272 1065 1515 1114 vixerunt,
1550 1071 1593 1104 et
1626 1076 1786 1104 omnes
1817 1075 1966 1115 regna

333 1136 551 1176 Tartaria
572 1137 758 1188 petiisse
780 1136 906 1176 dictu
927 1141 1050 1175 esset
1070 1135 1304 1175 horribile.
1336 1135 1387 1175 In
1414 1135 1486 1174 his
1506 1146 1705 1185 regnum
1727 1136 1964 1175 coelorum

335 1208 429 1247 vim
450 1208 546 1258 pati
568 1207 669 1258 quis
691 1206 904 1257 negabit?
921 1218 948 1245 a
966 1206 1151 1257 quibus,
1176 1206 1361 1245 nonnisi
1383 1205 1625 1245 confracta
1647 1212 1830 1254 natura,
1854 1206 1901 1245 vi
1924 1212 1967 1246 et

332 1278 575 1328 violentia,
600 1290 681 1329 per
710 1277 959 1317 conciones
980 1283 1023 1316 et
1044 1276 1362 1316 confessiones
1394 1276 1559 1316 abduci
1589 1283 1776 1327 queunt.
1808 1276 1965 1317 Senio-

332 1360 408 1389 res
429 1361 544 1389 vero
566 1349 655 1389 hac
677 1350 834 1400 populi
863 1349 1118 1388 mutatione
1146 1348 1191 1387 in
1219 1353 1458 1399 stuporem
1488 1348 1755 1398 rapiuntur,
1780 1354 1829 1387 ut
1855 1346 1970 1388 mihi

334 1426 576 1460 narratum
596 1427 665 1460 est
687 1433 712 1459 a
733 1420 995 1472 fidedignis,
1019 1421 1077 1460 ab
1100 1432 1217 1460 aevo
1239 1419 1437 1460 Lovanii
1468 1420 1567 1459 Visa
1589 1431 1682 1458 non
1704 1430 1806 1459 esse
1826 1420 1902 1458 vel
1923 1419 1970 1458 in

335 1491 623 1542 provectiori
645 1498 799 1531 aetate
819 1492 941 1542 fieri,
967 1503 1085 1543 quae
1107 1492 1200 1531 iam
1229 1491 1275 1530 in
1304 1491 1404 1542 ipsa
1432 1491 1675 1542 pubertate
1706 1501 1820 1540 erga
1856 1490 1968 1529 divi-

332 1574 444 1602 num
472 1563 647 1602 cultum
673 1575 766 1602 non
794 1563 892 1603 sine
920 1562 1118 1614 spiritali
1147 1562 1439 1601 recreatione
1471 1561 1681 1601 exerceri
1719 1561 1967 1600 cernimus.

336 1632 616 1673 Benedictus
651 1634 710 1673 sit
744 1634 839 1683 ille,
879 1634 971 1684 qui,
1009 1644 1091 1684 per
1120 1633 1347 1673 vilissima
1369 1632 1674 1672 instrumenta
1697 1631 1769 1671 sui
1797 1631 1967 1682 operis,

336 1703 515 1743 maiora
537 1703 815 1754 quandoque
837 1704 1022 1754 operari
1043 1703 1276 1754 dignatur.
1297 1703 1382 1742 His
1403 1703 1558 1742 valeat
1579 1701 1682 1741 R.da
1703 1701 1760 1741 V.
1786 1701 1834 1741 Ρ.
1863 1713 1970 1742 nos-

334 1786 424 1825 que
446 1786 630 1826 semper
651 1775 747 1814 suis
769 1775 1057 1814 orationibus
1077 1774 1428 1814 commendatos
1448 1773 1619 1813 habere
1641 1773 1873 1824 dignetur.

419 1844 641 1895 Lovanii,
689 1845 734 1884 17
789 1845 1021 1885 Calendas
1067 1844 1308 1893 februarii,
1360 1844 1474 1895 ipsis
1517 1843 1644 1883 feriis
1683 1842 1728 1883 S.
1769 1843 1963 1883 Antonii

338 1915 458 1956 Abb.
487 1916 600 1955 1553.

417 1986 475 2026 V.
501 1987 548 2026 Ρ.
574 1998 741 2027 servus
763 1987 1001 2037 indignus,

1261 2145 1515 2185 ARNOLDUS
1545 2144 1746 2184 HEZEUS.

421 2423 457 2464 Λ
517 2413 765 2453 Promotus
782 2413 856 2452 ille
873 2412 1050 2463 primus
1069 2411 1401 2452 Universitatis
1420 2411 1491 2460 (de
1508 2422 1598 2461 quo
1618 2409 1793 2460 supra),
1813 2409 1971 2448 civita-

340 2485 400 2524 tis
419 2484 517 2524 fere
538 2483 902 2536 potentissimus,
926 2494 975 2522 se
996 2482 1088 2522 iarn
1107 2487 1254 2521 totum
1275 2481 1537 2532 resignavit
1557 2480 1787 2520 voluntati
1818 2479 1971 2519 Patris

339 2555 510 2605 nostri,
534 2561 726 2606 paratus
747 2553 980 2604 proficisci
1005 2551 1013 2571 ¹
1038 2553 1337 2603 (parentibus,
1362 2552 1524 2592 amicis
1545 2557 1589 2591 et
1612 2551 1825 2591 omnibus
1846 2557 1969 2601 post-

339 2625 518 2677 positis)
541 2636 831 2677 quocumque
854 2630 1085 2664 terrarum
1102 2635 1206 2663 eum
1227 2624 1409 2663 mittere
1430 2623 1645 2662 voluerit.
1666 2622 1843 2662 Verum
1861 2632 1971 2673 quo-

340 2697 467 2736 niam
489 2696 722 2747 agendum
744 2696 831 2734 erit
852 2705 957 2734 cum
978 2693 1269 2745 parentibus,
1289 2694 1368 2745 qui
1385 2700 1433 2733 ut
1451 2693 1579 2733 iuxta
1595 2692 1817 2732 mundum
1834 2691 1972 2731 valde

342 2773 449 2806 sunt
470 2772 702 2817 potentes,
727 2766 790 2805 ita
821 2777 906 2805 nec
937 2776 1135 2815 parvam
1166 2764 1222 2804 ab
1253 2764 1308 2803 iis
1339 2763 1631 2814 tragoediam
1652 2769 1969 2814 expectamus,

403 2997 411 3016 ¹
453 2997 638 3030 Proficisse
654 2997 789 3030 scripsit
808 2996 987 3023 Arnoldus.
