<?xml version="1.0" encoding="UTF-8"?>
<!DOCTYPE html PUBLIC "-//W3C//DTD XHTML 1.0 Transitional//EN"
    "http://www.w3.org/TR/xhtml1/DTD/xhtml1-transitional.dtd">
<html xmlns="http://www.w3.org/1999/xhtml" xml:lang="en" lang="en">
 <head>
  <title>
</title>
<meta http-equiv="Content-Type" content="text/html;charset=utf-8" />
  <meta name='ocr-system' content='tesseract 3.04.00' />
  <meta name='ocr-capabilities' content='ocr_page ocr_carea ocr_par ocr_line ocrx_word'/>
</head>
<body>
  <div class='ocr_page' id='page_1' title='image "./litteraequadrime14lain_0201.png"; bbox 0 0 2080 3392; ppageno 0'>
   <div class='ocr_carea' id='block_1_1' title="bbox 823 211 1748 251">
    <p class='ocr_par' dir='ltr' id='par_1_1' title="bbox 823 211 1748 251">
     <span class='ocr_line' id='line_1_1' title="bbox 823 211 1748 251; baseline -0.003 0"><span class='ocrx_word' id='word_1_1' title='bbox 823 215 906 251; x_wconf 81' lang='lat' dir='ltr'>AN.</span> <span class='ocrx_word' id='word_1_2' title='bbox 938 213 1029 251; x_wconf 76' lang='lat'>1553</span> <span class='ocrx_word' id='word_1_3' title='bbox 1680 211 1748 248; x_wconf 79' lang='lat'>197</span> 
     </span>
    </p>
   </div>
   <div class='ocr_carea' id='block_1_2' title="bbox 106 307 1754 2859">
    <p class='ocr_par' dir='ltr' id='par_1_2' title="bbox 108 307 1751 924">
     <span class='ocr_line' id='line_1_2' title="bbox 109 307 1744 368; baseline -0.005 -13"><span class='ocrx_word' id='word_1_4' title='bbox 109 327 197 368; x_wconf 88' lang='lat' dir='ltr'>que</span> <span class='ocrx_word' id='word_1_5' title='bbox 219 313 535 362; x_wconf 81' lang='lat' dir='ltr'>observantia,</span> <span class='ocrx_word' id='word_1_6' title='bbox 559 323 643 364; x_wconf 90' lang='lat' dir='ltr'>per</span> <span class='ocrx_word' id='word_1_7' title='bbox 664 312 827 352; x_wconf 90' lang='lat' dir='ltr'>urbem</span> <span class='ocrx_word' id='word_1_8' title='bbox 847 311 979 351; x_wconf 85' lang='lat' dir='ltr'>festis</span> <span class='ocrx_word' id='word_1_9' title='bbox 1000 309 1160 350; x_wconf 87' lang='lat' dir='ltr'>diebus</span> <span class='ocrx_word' id='word_1_10' title='bbox 1182 309 1373 350; x_wconf 89' lang='lat' dir='ltr'>militari</span> <span class='ocrx_word' id='word_1_11' title='bbox 1390 320 1520 349; x_wconf 90' lang='lat' dir='ltr'>more</span> <span class='ocrx_word' id='word_1_12' title='bbox 1547 307 1744 359; x_wconf 81' lang='lat' dir='ltr'><strong>ingredi.</strong></span> 
     </span>
     <span class='ocr_line' id='line_1_3' title="bbox 108 379 1749 432; baseline -0.004 -6"><span class='ocrx_word' id='word_1_13' title='bbox 108 386 318 427; x_wconf 89' lang='lat' dir='ltr'>Iuniores</span> <span class='ocrx_word' id='word_1_14' title='bbox 339 390 496 424; x_wconf 90' lang='lat' dir='ltr'>tamen</span> <span class='ocrx_word' id='word_1_15' title='bbox 518 394 702 423; x_wconf 89' lang='lat' dir='ltr'>morum</span> <span class='ocrx_word' id='word_1_16' title='bbox 724 393 916 422; x_wconf 88' lang='lat' dir='ltr'>suorum</span> <span class='ocrx_word' id='word_1_17' title='bbox 939 381 1272 421; x_wconf 76' lang='lat' dir='ltr'>reformatione</span> <span class='ocrx_word' id='word_1_18' title='bbox 1287 387 1469 420; x_wconf 88' lang='lat' dir='ltr'>tantum</span> <span class='ocrx_word' id='word_1_19' title='bbox 1486 379 1749 432; x_wconf 74' lang='lat' dir='ltr'>splendoris</span> 
     </span>
     <span class='ocr_line' id='line_1_4' title="bbox 109 451 1748 504; baseline -0.005 -7"><span class='ocrx_word' id='word_1_20' title='bbox 109 456 282 498; x_wconf 89' lang='lat' dir='ltr'>scholis</span> <span class='ocrx_word' id='word_1_21' title='bbox 311 455 487 495; x_wconf 85' lang='lat' dir='ltr'>nostris</span> <span class='ocrx_word' id='word_1_22' title='bbox 514 455 733 504; x_wconf 85' lang='lat' dir='ltr'>intulere,</span> <span class='ocrx_word' id='word_1_23' title='bbox 766 459 816 493; x_wconf 92' lang='lat' dir='ltr'>ut</span> <span class='ocrx_word' id='word_1_24' title='bbox 844 452 1109 502; x_wconf 85' lang='lat' dir='ltr'>angelicum</span> <span class='ocrx_word' id='word_1_25' title='bbox 1132 464 1158 492; x_wconf 91' lang='lat' dir='ltr'>a</span> <span class='ocrx_word' id='word_1_26' title='bbox 1186 451 1423 491; x_wconf 76' lang='lat' dir='ltr'>nonnullis</span> <span class='ocrx_word' id='word_1_27' title='bbox 1456 462 1628 490; x_wconf 90' lang='lat' dir='ltr'>nomen</span> <span class='ocrx_word' id='word_1_28' title='bbox 1656 451 1748 490; x_wconf 88' lang='lat' dir='ltr'>sint</span> 
     </span>
     <span class='ocr_line' id='line_1_5' title="bbox 111 521 1749 580; baseline -0.005 -12"><span class='ocrx_word' id='word_1_29' title='bbox 111 526 409 580; x_wconf 76' lang='lat' dir='ltr'>promeritae.</span> <span class='ocrx_word' id='word_1_30' title='bbox 434 524 639 576; x_wconf 81' lang='lat' dir='ltr'>Singulis</span> <span class='ocrx_word' id='word_1_31' title='bbox 667 525 829 564; x_wconf 89' lang='lat' dir='ltr'>diebus</span> <span class='ocrx_word' id='word_1_32' title='bbox 857 535 1018 563; x_wconf 91' lang='lat' dir='ltr'>omnes</span> <span class='ocrx_word' id='word_1_33' title='bbox 1048 534 1186 562; x_wconf 90' lang='lat' dir='ltr'>sacro</span> <span class='ocrx_word' id='word_1_34' title='bbox 1217 523 1464 562; x_wconf 80' lang='lat' dir='ltr'>intersunt.</span> <span class='ocrx_word' id='word_1_35' title='bbox 1494 521 1583 562; x_wconf 89' lang='lat' dir='ltr'>Die</span> <span class='ocrx_word' id='word_1_36' title='bbox 1611 522 1749 561; x_wconf 89' lang='lat' dir='ltr'>lunae</span> 
     </span>
     <span class='ocr_line' id='line_1_6' title="bbox 109 591 1748 647; baseline -0.004 -8"><span class='ocrx_word' id='word_1_37' title='bbox 109 597 349 639; x_wconf 88' lang='lat' dir='ltr'>doctrinae</span> <span class='ocrx_word' id='word_1_38' title='bbox 378 596 684 645; x_wconf 89' lang='lat' dir='ltr'>christianae,</span> <span class='ocrx_word' id='word_1_39' title='bbox 716 606 856 647; x_wconf 86' lang='lat' dir='ltr'>quam</span> <span class='ocrx_word' id='word_1_40' title='bbox 877 593 1085 646; x_wconf 88' lang='lat' dir='ltr'>profiteri</span> <span class='ocrx_word' id='word_1_41' title='bbox 1121 593 1273 644; x_wconf 89' lang='lat' dir='ltr'>coepit</span> <span class='ocrx_word' id='word_1_42' title='bbox 1300 593 1352 634; x_wconf 88' lang='lat' dir='ltr'>R.</span> <span class='ocrx_word' id='word_1_43' title='bbox 1377 593 1426 633; x_wconf 88' lang='lat' dir='ltr'>P.</span> <span class='ocrx_word' id='word_1_44' title='bbox 1466 593 1687 633; x_wconf 79' lang='lat' dir='ltr'>Albertus</span> <span class='ocrx_word' id='word_1_45' title='bbox 1722 591 1748 643; x_wconf 85' lang='lat'>¹,</span> 
     </span>
     <span class='ocr_line' id='line_1_7' title="bbox 109 664 1750 710; baseline -0.004 0"><span class='ocrx_word' id='word_1_46' title='bbox 109 669 389 710; x_wconf 86' lang='lat' dir='ltr'>suavissimo</span> <span class='ocrx_word' id='word_1_47' title='bbox 412 668 516 708; x_wconf 92' lang='lat' dir='ltr'>cibo</span> <span class='ocrx_word' id='word_1_48' title='bbox 545 666 832 707; x_wconf 89' lang='lat' dir='ltr'>reficiuntur.</span> <span class='ocrx_word' id='word_1_49' title='bbox 865 665 1119 705; x_wconf 85' lang='lat' dir='ltr'>Menstruis</span> <span class='ocrx_word' id='word_1_50' title='bbox 1150 665 1525 704; x_wconf 77' lang='lat' dir='ltr'>confessionibus</span> <span class='ocrx_word' id='word_1_51' title='bbox 1555 664 1613 704; x_wconf 88' lang='lat' dir='ltr'>ad</span> <span class='ocrx_word' id='word_1_52' title='bbox 1644 675 1750 704; x_wconf 89' lang='lat' dir='ltr'>con—</span> 
     </span>
     <span class='ocr_line' id='line_1_8' title="bbox 108 736 1751 791; baseline -0.004 -10"><span class='ocrx_word' id='word_1_53' title='bbox 108 740 330 782; x_wconf 82' lang='lat' dir='ltr'>scientiae</span> <span class='ocrx_word' id='word_1_54' title='bbox 366 739 620 791; x_wconf 88' lang='lat' dir='ltr'>puritatem</span> <span class='ocrx_word' id='word_1_55' title='bbox 643 737 884 789; x_wconf 88' lang='lat' dir='ltr'>juvantur,</span> <span class='ocrx_word' id='word_1_56' title='bbox 921 736 1213 788; x_wconf 79' lang='lat' dir='ltr'>privatisque</span> <span class='ocrx_word' id='word_1_57' title='bbox 1241 741 1286 775; x_wconf 92' lang='lat' dir='ltr'>et</span> <span class='ocrx_word' id='word_1_58' title='bbox 1320 736 1645 775; x_wconf 90' lang='lat' dir='ltr'>communibus</span> <span class='ocrx_word' id='word_1_59' title='bbox 1676 747 1751 775; x_wconf 84' lang='lat' dir='ltr'>ex-</span> 
     </span>
     <span class='ocr_line' id='line_1_9' title="bbox 108 807 1750 859; baseline -0.004 -7"><span class='ocrx_word' id='word_1_60' title='bbox 108 811 453 852; x_wconf 77' lang='lat' dir='ltr'>hortationibus</span> <span class='ocrx_word' id='word_1_61' title='bbox 488 810 548 850; x_wconf 86' lang='lat' dir='ltr'>ad</span> <span class='ocrx_word' id='word_1_62' title='bbox 582 809 782 850; x_wconf 83' lang='lat' dir='ltr'>virtutes</span> <span class='ocrx_word' id='word_1_63' title='bbox 817 807 1154 859; x_wconf 89' lang='lat' dir='ltr'>capessendas,</span> <span class='ocrx_word' id='word_1_64' title='bbox 1195 807 1470 855; x_wconf 77' lang='lat' dir='ltr'>invitantur,</span> <span class='ocrx_word' id='word_1_65' title='bbox 1507 813 1750 857; x_wconf 81' lang='lat' dir='ltr'>urgentur,</span> 
     </span>
     <span class='ocr_line' id='line_1_10' title="bbox 109 883 422 924; baseline -0.013 0"><span class='ocrx_word' id='word_1_66' title='bbox 109 883 422 924; x_wconf 86' lang='lat' dir='ltr'>stimulantur.</span> 
     </span>
    </p>

    <p class='ocr_par' dir='ltr' id='par_1_3' title="bbox 106 948 1754 2859">
     <span class='ocr_line' id='line_1_11' title="bbox 187 948 1749 1004; baseline -0.004 -10"><span class='ocrx_word' id='word_1_67' title='bbox 187 953 279 994; x_wconf 85' lang='lat' dir='ltr'>Sed</span> <span class='ocrx_word' id='word_1_68' title='bbox 312 952 422 1004; x_wconf 92' lang='lat' dir='ltr'>quid</span> <span class='ocrx_word' id='word_1_69' title='bbox 451 953 507 992; x_wconf 87' lang='lat' dir='ltr'>de</span> <span class='ocrx_word' id='word_1_70' title='bbox 537 952 764 992; x_wconf 86' lang='lat' dir='ltr'>fratribus</span> <span class='ocrx_word' id='word_1_71' title='bbox 799 951 973 991; x_wconf 90' lang='lat' dir='ltr'>nostris</span> <span class='ocrx_word' id='word_1_72' title='bbox 1005 949 1300 990; x_wconf 79' lang='lat' dir='ltr'>domesticis?</span> <span class='ocrx_word' id='word_1_73' title='bbox 1336 949 1576 988; x_wconf 73' lang='lat' dir='ltr'>enimvero</span> <span class='ocrx_word' id='word_1_74' title='bbox 1612 948 1659 988; x_wconf 92' lang='lat' dir='ltr'>hi</span> <span class='ocrx_word' id='word_1_75' title='bbox 1689 948 1749 988; x_wconf 88' lang='lat' dir='ltr'>ad</span> 
     </span>
     <span class='ocr_line' id='line_1_12' title="bbox 109 1020 1751 1073; baseline -0.004 -8"><span class='ocrx_word' id='word_1_76' title='bbox 109 1036 251 1065; x_wconf 90' lang='lat' dir='ltr'>unum</span> <span class='ocrx_word' id='word_1_77' title='bbox 261 1035 422 1064; x_wconf 91' lang='lat' dir='ltr'>omnes</span> <span class='ocrx_word' id='word_1_78' title='bbox 439 1023 543 1073; x_wconf 87' lang='lat' dir='ltr'>(Dei</span> <span class='ocrx_word' id='word_1_79' title='bbox 558 1022 798 1072; x_wconf 88' lang='lat' dir='ltr'>beneficio)</span> <span class='ocrx_word' id='word_1_80' title='bbox 819 1028 862 1062; x_wconf 89' lang='lat' dir='ltr'>et</span> <span class='ocrx_word' id='word_1_81' title='bbox 880 1022 939 1061; x_wconf 89' lang='lat' dir='ltr'>ad</span> <span class='ocrx_word' id='word_1_82' title='bbox 952 1022 1213 1061; x_wconf 87' lang='lat' dir='ltr'>litterarum</span> <span class='ocrx_word' id='word_1_83' title='bbox 1230 1027 1274 1060; x_wconf 87' lang='lat' dir='ltr'>et</span> <span class='ocrx_word' id='word_1_84' title='bbox 1289 1020 1546 1072; x_wconf 89' lang='lat' dir='ltr'>proborum</span> <span class='ocrx_word' id='word_1_85' title='bbox 1568 1031 1751 1059; x_wconf 88' lang='lat' dir='ltr'>morum</span> 
     </span>
     <span class='ocr_line' id='line_1_13' title="bbox 107 1090 1752 1148; baseline -0.004 -11"><span class='ocrx_word' id='word_1_86' title='bbox 107 1097 297 1148; x_wconf 89' lang='lat' dir='ltr'>fastigia</span> <span class='ocrx_word' id='word_1_87' title='bbox 309 1107 565 1146; x_wconf 88' lang='lat' dir='ltr'>numquam</span> <span class='ocrx_word' id='word_1_88' title='bbox 576 1106 672 1135; x_wconf 91' lang='lat' dir='ltr'>non</span> <span class='ocrx_word' id='word_1_89' title='bbox 688 1094 953 1146; x_wconf 89' lang='lat' dir='ltr'>aspirantes</span> <span class='ocrx_word' id='word_1_90' title='bbox 968 1093 1101 1133; x_wconf 85' lang='lat' dir='ltr'>freno</span> <span class='ocrx_word' id='word_1_91' title='bbox 1114 1092 1268 1143; x_wconf 89' lang='lat' dir='ltr'>magis</span> <span class='ocrx_word' id='word_1_92' title='bbox 1281 1103 1421 1143; x_wconf 89' lang='lat' dir='ltr'>quam</span> <span class='ocrx_word' id='word_1_93' title='bbox 1434 1092 1621 1131; x_wconf 88' lang='lat' dir='ltr'>stimulo</span> <span class='ocrx_word' id='word_1_94' title='bbox 1639 1090 1752 1131; x_wconf 88' lang='lat' dir='ltr'>indi-</span> 
     </span>
     <span class='ocr_line' id='line_1_14' title="bbox 108 1162 1750 1220; baseline -0.004 -12"><span class='ocrx_word' id='word_1_95' title='bbox 108 1173 234 1220; x_wconf 84' lang='lat' dir='ltr'>gent.</span> <span class='ocrx_word' id='word_1_96' title='bbox 254 1167 435 1207; x_wconf 88' lang='lat' dir='ltr'>Tantus</span> <span class='ocrx_word' id='word_1_97' title='bbox 448 1166 664 1218; x_wconf 82' lang='lat' dir='ltr'>equidem</span> <span class='ocrx_word' id='word_1_98' title='bbox 681 1164 944 1205; x_wconf 88' lang='lat' dir='ltr'>studiorum</span> <span class='ocrx_word' id='word_1_99' title='bbox 962 1176 1107 1212; x_wconf 90' lang='lat' dir='ltr'>amor,</span> <span class='ocrx_word' id='word_1_100' title='bbox 1129 1169 1288 1204; x_wconf 91' lang='lat' dir='ltr'>tantus</span> <span class='ocrx_word' id='word_1_101' title='bbox 1311 1163 1577 1203; x_wconf 88' lang='lat' dir='ltr'>orationum</span> <span class='ocrx_word' id='word_1_102' title='bbox 1595 1162 1750 1209; x_wconf 84' lang='lat' dir='ltr'>ardor,</span> 
     </span>
     <span class='ocr_line' id='line_1_15' title="bbox 109 1234 1753 1285; baseline -0.004 -5"><span class='ocrx_word' id='word_1_103' title='bbox 109 1245 269 1280; x_wconf 92' lang='lat' dir='ltr'>tantus</span> <span class='ocrx_word' id='word_1_104' title='bbox 290 1238 645 1279; x_wconf 87' lang='lat' dir='ltr'>mortificandae</span> <span class='ocrx_word' id='word_1_105' title='bbox 667 1237 824 1277; x_wconf 89' lang='lat' dir='ltr'>carnis</span> <span class='ocrx_word' id='word_1_106' title='bbox 846 1236 1004 1276; x_wconf 73' lang='lat' dir='ltr'>fervor</span> <span class='ocrx_word' id='word_1_107' title='bbox 1027 1236 1083 1275; x_wconf 89' lang='lat' dir='ltr'>iis</span> <span class='ocrx_word' id='word_1_108' title='bbox 1104 1236 1239 1284; x_wconf 83' lang='lat' dir='ltr'>inest,</span> <span class='ocrx_word' id='word_1_109' title='bbox 1264 1242 1313 1275; x_wconf 93' lang='lat' dir='ltr'>ut</span> <span class='ocrx_word' id='word_1_110' title='bbox 1336 1246 1574 1284; x_wconf 84' lang='lat' dir='ltr'>excessus,</span> <span class='ocrx_word' id='word_1_111' title='bbox 1598 1234 1753 1285; x_wconf 88' lang='lat' dir='ltr'>potius</span> 
     </span>
     <span class='ocr_line' id='line_1_16' title="bbox 111 1305 1750 1362; baseline -0.004 -12"><span class='ocrx_word' id='word_1_112' title='bbox 111 1321 254 1362; x_wconf 87' lang='lat' dir='ltr'>quarn</span> <span class='ocrx_word' id='word_1_113' title='bbox 281 1309 492 1350; x_wconf 88' lang='lat' dir='ltr'>defectus</span> <span class='ocrx_word' id='word_1_114' title='bbox 521 1308 816 1358; x_wconf 80' lang='lat' dir='ltr'>excitandus,</span> <span class='ocrx_word' id='word_1_115' title='bbox 848 1307 906 1347; x_wconf 90' lang='lat' dir='ltr'>sit</span> <span class='ocrx_word' id='word_1_116' title='bbox 941 1318 1023 1358; x_wconf 85' lang='lat' dir='ltr'>per</span> <span class='ocrx_word' id='word_1_117' title='bbox 1060 1306 1374 1346; x_wconf 85' lang='lat' dir='ltr'>obedientiam</span> <span class='ocrx_word' id='word_1_118' title='bbox 1410 1305 1750 1356; x_wconf 89' lang='lat' dir='ltr'>reprimendus.</span> 
     </span>
     <span class='ocr_line' id='line_1_17' title="bbox 110 1376 1753 1432; baseline -0.004 -10"><span class='ocrx_word' id='word_1_119' title='bbox 110 1381 412 1432; x_wconf 82' lang='lat' dir='ltr'>Quiescendi,</span> <span class='ocrx_word' id='word_1_120' title='bbox 454 1380 641 1430; x_wconf 88' lang='lat' dir='ltr'>edendi,</span> <span class='ocrx_word' id='word_1_121' title='bbox 684 1379 922 1429; x_wconf 82' lang='lat' dir='ltr'>studendi,</span> <span class='ocrx_word' id='word_1_122' title='bbox 959 1378 1147 1427; x_wconf 88' lang='lat' dir='ltr'>orandi,</span> <span class='ocrx_word' id='word_1_123' title='bbox 1186 1377 1457 1427; x_wconf 85' lang='lat' dir='ltr'>confitendi,</span> <span class='ocrx_word' id='word_1_124' title='bbox 1501 1376 1753 1416; x_wconf 87' lang='lat' dir='ltr'>communi-</span> 
     </span>
     <span class='ocr_line' id='line_1_18' title="bbox 109 1448 1754 1503; baseline -0.004 -10"><span class='ocrx_word' id='word_1_125' title='bbox 109 1453 262 1503; x_wconf 87' lang='lat' dir='ltr'>candi,</span> <span class='ocrx_word' id='word_1_126' title='bbox 287 1452 501 1492; x_wconf 88' lang='lat' dir='ltr'>eumdem</span> <span class='ocrx_word' id='word_1_127' title='bbox 521 1451 619 1491; x_wconf 88' lang='lat' dir='ltr'>fere</span> <span class='ocrx_word' id='word_1_128' title='bbox 641 1451 869 1501; x_wconf 77' lang='lat' dir='ltr'>ordinem,</span> <span class='ocrx_word' id='word_1_129' title='bbox 893 1461 1032 1501; x_wconf 89' lang='lat' dir='ltr'>quem</span> <span class='ocrx_word' id='word_1_130' title='bbox 1053 1448 1257 1489; x_wconf 88' lang='lat' dir='ltr'>Romani</span> <span class='ocrx_word' id='word_1_131' title='bbox 1280 1449 1476 1499; x_wconf 86' lang='lat' dir='ltr'>Collegii</span> <span class='ocrx_word' id='word_1_132' title='bbox 1497 1454 1660 1488; x_wconf 88' lang='lat' dir='ltr'>nostra</span> <span class='ocrx_word' id='word_1_133' title='bbox 1676 1448 1754 1487; x_wconf 89' lang='lat' dir='ltr'>ha-</span> 
     </span>
     <span class='ocr_line' id='line_1_19' title="bbox 108 1519 1753 1574; baseline -0.004 -9"><span class='ocrx_word' id='word_1_134' title='bbox 108 1526 216 1565; x_wconf 91' lang='lat' dir='ltr'>bent</span> <span class='ocrx_word' id='word_1_135' title='bbox 239 1530 429 1574; x_wconf 78' lang='lat' dir='ltr'>statuta,</span> <span class='ocrx_word' id='word_1_136' title='bbox 455 1524 731 1573; x_wconf 78' lang='lat' dir='ltr'>observant3</span> <span class='ocrx_word' id='word_1_137' title='bbox 756 1522 881 1574; x_wconf 87' lang='lat' dir='ltr'>quod</span> <span class='ocrx_word' id='word_1_138' title='bbox 901 1521 1121 1561; x_wconf 88' lang='lat' dir='ltr'>nimirum</span> <span class='ocrx_word' id='word_1_139' title='bbox 1153 1532 1237 1560; x_wconf 90' lang='lat' dir='ltr'>sua</span> <span class='ocrx_word' id='word_1_140' title='bbox 1260 1520 1467 1560; x_wconf 90' lang='lat' dir='ltr'>maxima</span> <span class='ocrx_word' id='word_1_141' title='bbox 1494 1531 1600 1559; x_wconf 89' lang='lat' dir='ltr'>cum</span> <span class='ocrx_word' id='word_1_142' title='bbox 1622 1519 1753 1559; x_wconf 88' lang='lat' dir='ltr'>satis-</span> 
     </span>
     <span class='ocr_line' id='line_1_20' title="bbox 112 1591 1754 1646; baseline -0.004 -10"><span class='ocrx_word' id='word_1_143' title='bbox 112 1596 315 1636; x_wconf 87' lang='lat' dir='ltr'>factione</span> <span class='ocrx_word' id='word_1_144' title='bbox 344 1601 389 1635; x_wconf 89' lang='lat' dir='ltr'>et</span> <span class='ocrx_word' id='word_1_145' title='bbox 423 1595 584 1646; x_wconf 89' lang='lat' dir='ltr'>populi</span> <span class='ocrx_word' id='word_1_146' title='bbox 617 1593 943 1634; x_wconf 84' lang='lat' dir='ltr'>aedificatione</span> <span class='ocrx_word' id='word_1_147' title='bbox 979 1591 1323 1644; x_wconf 58' lang='lat' dir='ltr'>[exequuntur]</span> <span class='ocrx_word' id='word_1_148' title='bbox 1356 1591 1511 1631; x_wconf 85' lang='lat' dir='ltr'>Taceo</span> <span class='ocrx_word' id='word_1_149' title='bbox 1540 1591 1754 1642; x_wconf 85' lang='lat' dir='ltr'>privatas</span> 
     </span>
     <span class='ocr_line' id='line_1_21' title="bbox 110 1662 1754 1716; baseline -0.004 -8"><span class='ocrx_word' id='word_1_150' title='bbox 110 1679 270 1708; x_wconf 86' lang='lat' dir='ltr'>eorum</span> <span class='ocrx_word' id='word_1_151' title='bbox 287 1666 641 1707; x_wconf 81' lang='lat' dir='ltr'>exhortationes</span> <span class='ocrx_word' id='word_1_152' title='bbox 658 1665 717 1706; x_wconf 92' lang='lat' dir='ltr'>ad</span> <span class='ocrx_word' id='word_1_153' title='bbox 734 1665 926 1705; x_wconf 88' lang='lat' dir='ltr'>ciendos</span> <span class='ocrx_word' id='word_1_154' title='bbox 944 1676 1153 1716; x_wconf 90' lang='lat' dir='ltr'>quosque</span> <span class='ocrx_word' id='word_1_155' title='bbox 1171 1675 1255 1715; x_wconf 89' lang='lat' dir='ltr'>per</span> <span class='ocrx_word' id='word_1_156' title='bbox 1273 1663 1574 1703; x_wconf 88' lang='lat' dir='ltr'>occasionem</span> <span class='ocrx_word' id='word_1_157' title='bbox 1590 1662 1754 1702; x_wconf 85' lang='lat' dir='ltr'>obvios</span> 
     </span>
     <span class='ocr_line' id='line_1_22' title="bbox 109 1733 1752 1786; baseline -0.004 -7"><span class='ocrx_word' id='word_1_158' title='bbox 109 1739 168 1779; x_wconf 87' lang='lat' dir='ltr'>ad</span> <span class='ocrx_word' id='word_1_159' title='bbox 206 1749 371 1779; x_wconf 88' lang='lat' dir='ltr'>sacrae</span> <span class='ocrx_word' id='word_1_160' title='bbox 411 1737 721 1777; x_wconf 89' lang='lat' dir='ltr'>confessionis</span> <span class='ocrx_word' id='word_1_161' title='bbox 761 1742 1126 1785; x_wconf 87' lang='lat' dir='ltr'>sacramentum,</span> <span class='ocrx_word' id='word_1_162' title='bbox 1165 1746 1282 1786; x_wconf 91' lang='lat' dir='ltr'>quas</span> <span class='ocrx_word' id='word_1_163' title='bbox 1318 1740 1444 1775; x_wconf 87' lang='lat' dir='ltr'>certe</span> <span class='ocrx_word' id='word_1_164' title='bbox 1479 1745 1573 1774; x_wconf 91' lang='lat' dir='ltr'>non</span> <span class='ocrx_word' id='word_1_165' title='bbox 1609 1733 1752 1773; x_wconf 90' lang='lat' dir='ltr'>fuisse</span> 
     </span>
     <span class='ocr_line' id='line_1_23' title="bbox 108 1806 1750 1858; baseline -0.004 -8"><span class='ocrx_word' id='word_1_166' title='bbox 108 1810 270 1850; x_wconf 87' lang='lat' dir='ltr'>inanes</span> <span class='ocrx_word' id='word_1_167' title='bbox 311 1809 492 1850; x_wconf 88' lang='lat' dir='ltr'>fructus</span> <span class='ocrx_word' id='word_1_168' title='bbox 534 1809 641 1849; x_wconf 89' lang='lat' dir='ltr'>inde</span> <span class='ocrx_word' id='word_1_169' title='bbox 682 1808 819 1848; x_wconf 90' lang='lat' dir='ltr'>relati</span> <span class='ocrx_word' id='word_1_170' title='bbox 859 1807 1201 1848; x_wconf 80' lang='lat' dir='ltr'>demonstravit</span> <span class='ocrx_word' id='word_1_171' title='bbox 1243 1806 1548 1858; x_wconf 78' lang='lat' dir='ltr'>experientia.</span> <span class='ocrx_word' id='word_1_172' title='bbox 1594 1806 1750 1845; x_wconf 85' lang='lat' dir='ltr'>Taceo</span> 
     </span>
     <span class='ocr_line' id='line_1_24' title="bbox 109 1876 1749 1930; baseline -0.004 -9"><span class='ocrx_word' id='word_1_173' title='bbox 109 1882 315 1922; x_wconf 90' lang='lat' dir='ltr'>omnium</span> <span class='ocrx_word' id='word_1_174' title='bbox 336 1881 395 1921; x_wconf 92' lang='lat' dir='ltr'>ad</span> <span class='ocrx_word' id='word_1_175' title='bbox 417 1881 626 1921; x_wconf 85' lang='lat' dir='ltr'>iniuncta</span> <span class='ocrx_word' id='word_1_176' title='bbox 657 1891 852 1920; x_wconf 86' lang='lat' dir='ltr'>munera</span> <span class='ocrx_word' id='word_1_177' title='bbox 874 1878 1149 1930; x_wconf 90' lang='lat' dir='ltr'>exequenda</span> <span class='ocrx_word' id='word_1_178' title='bbox 1178 1876 1594 1930; x_wconf 86' lang='lat' dir='ltr'>promptitudinem</span> <span class='ocrx_word' id='word_1_179' title='bbox 1620 1888 1749 1927; x_wconf 87' lang='lat' dir='ltr'>erga—</span> 
     </span>
     <span class='ocr_line' id='line_1_25' title="bbox 108 1948 1751 2004; baseline -0.004 -11"><span class='ocrx_word' id='word_1_180' title='bbox 108 1964 194 2004; x_wconf 88' lang='lat' dir='ltr'>que</span> <span class='ocrx_word' id='word_1_181' title='bbox 216 1964 264 1993; x_wconf 89' lang='lat' dir='ltr'>se</span> <span class='ocrx_word' id='word_1_182' title='bbox 300 1958 461 1992; x_wconf 89' lang='lat' dir='ltr'>mutuo</span> <span class='ocrx_word' id='word_1_183' title='bbox 496 1951 763 1992; x_wconf 89' lang='lat' dir='ltr'>mirandam</span> <span class='ocrx_word' id='word_1_184' title='bbox 797 1950 1092 1991; x_wconf 88' lang='lat' dir='ltr'>charitatem.</span> <span class='ocrx_word' id='word_1_185' title='bbox 1130 1949 1232 1989; x_wconf 91' lang='lat' dir='ltr'>Hoc</span> <span class='ocrx_word' id='word_1_186' title='bbox 1269 1956 1427 1989; x_wconf 86' lang='lat' dir='ltr'>tamen</span> <span class='ocrx_word' id='word_1_187' title='bbox 1463 1960 1557 1988; x_wconf 92' lang='lat' dir='ltr'>non</span> <span class='ocrx_word' id='word_1_188' title='bbox 1585 1948 1751 1988; x_wconf 88' lang='lat' dir='ltr'>tacebo</span> 
     </span>
     <span class='ocr_line' id='line_1_26' title="bbox 107 2017 1749 2075; baseline -0.004 -11"><span class='ocrx_word' id='word_1_189' title='bbox 107 2023 228 2075; x_wconf 89' lang='lat' dir='ltr'>quod</span> <span class='ocrx_word' id='word_1_190' title='bbox 244 2023 442 2064; x_wconf 89' lang='lat' dir='ltr'>fratrum</span> <span class='ocrx_word' id='word_1_191' title='bbox 465 2023 674 2063; x_wconf 89' lang='lat' dir='ltr'>omnium</span> <span class='ocrx_word' id='word_1_192' title='bbox 697 2028 851 2062; x_wconf 88' lang='lat' dir='ltr'>aetate</span> <span class='ocrx_word' id='word_1_193' title='bbox 876 2022 1119 2071; x_wconf 69' lang='lat' dir='ltr'>minimus,‚</span> <span class='ocrx_word' id='word_1_194' title='bbox 1152 2021 1200 2061; x_wconf 89' lang='lat' dir='ltr'>in</span> <span class='ocrx_word' id='word_1_195' title='bbox 1230 2020 1313 2060; x_wconf 80' lang='lat' dir='ltr'>X.0</span> <span class='ocrx_word' id='word_1_196' title='bbox 1345 2020 1653 2060; x_wconf 88' lang='lat' dir='ltr'>charissimus</span> <span class='ocrx_word' id='word_1_197' title='bbox 1684 2017 1749 2059; x_wconf 90' lang='lat' dir='ltr'>Si-</span> 
     </span>
     <span class='ocr_line' id='line_1_27' title="bbox 107 2090 1750 2145; baseline -0.003 -10"><span class='ocrx_word' id='word_1_198' title='bbox 107 2106 214 2135; x_wconf 91' lang='lat' dir='ltr'>mon</span> <span class='ocrx_word' id='word_1_199' title='bbox 234 2094 262 2145; x_wconf 52' lang='grc'>2,</span> <span class='ocrx_word' id='word_1_200' title='bbox 287 2094 643 2135; x_wconf 87' lang='lat' dir='ltr'>mortificandae</span> <span class='ocrx_word' id='word_1_201' title='bbox 661 2094 818 2134; x_wconf 87' lang='lat' dir='ltr'>carnis</span> <span class='ocrx_word' id='word_1_202' title='bbox 832 2092 1121 2145; x_wconf 85' lang='lat' dir='ltr'>juvandique</span> <span class='ocrx_word' id='word_1_203' title='bbox 1141 2091 1344 2144; x_wconf 77' lang='lat' dir='ltr'>proximi</span> <span class='ocrx_word' id='word_1_204' title='bbox 1361 2091 1514 2131; x_wconf 91' lang='lat' dir='ltr'>studio</span> <span class='ocrx_word' id='word_1_205' title='bbox 1536 2090 1750 2130; x_wconf 85' lang='lat' dir='ltr'>efferves-</span> 
     </span>
     <span class='ocr_line' id='line_1_28' title="bbox 110 2162 1750 2217; baseline -0.003 -11"><span class='ocrx_word' id='word_1_206' title='bbox 110 2178 241 2217; x_wconf 87' lang='lat' dir='ltr'>cens,</span> <span class='ocrx_word' id='word_1_207' title='bbox 262 2166 418 2206; x_wconf 87' lang='lat' dir='ltr'>multis</span> <span class='ocrx_word' id='word_1_208' title='bbox 439 2178 490 2206; x_wconf 89' lang='lat' dir='ltr'>re</span> <span class='ocrx_word' id='word_1_209' title='bbox 511 2166 699 2205; x_wconf 86' lang='lat' dir='ltr'>insolita</span> <span class='ocrx_word' id='word_1_210' title='bbox 720 2165 1035 2216; x_wconf 89' lang='lat' dir='ltr'>stupentibus,</span> <span class='ocrx_word' id='word_1_211' title='bbox 1059 2164 1187 2204; x_wconf 89' lang='lat' dir='ltr'>hisce</span> <span class='ocrx_word' id='word_1_212' title='bbox 1205 2163 1566 2213; x_wconf 80' lang='lat' dir='ltr'>Bachanalibus‚</span> <span class='ocrx_word' id='word_1_213' title='bbox 1586 2162 1633 2202; x_wconf 93' lang='lat' dir='ltr'>in</span> <span class='ocrx_word' id='word_1_214' title='bbox 1648 2162 1750 2202; x_wconf 87' lang='lat' dir='ltr'>foro</span> 
     </span>
     <span class='ocr_line' id='line_1_29' title="bbox 106 2234 1751 2289; baseline -0.003 -11"><span class='ocrx_word' id='word_1_215' title='bbox 106 2237 370 2278; x_wconf 87' lang='lat' dir='ltr'>hominibus</span> <span class='ocrx_word' id='word_1_216' title='bbox 405 2238 556 2278; x_wconf 90' lang='lat' dir='ltr'>omnis</span> <span class='ocrx_word' id='word_1_217' title='bbox 589 2237 778 2289; x_wconf 87' lang='lat' dir='ltr'>generis</span> <span class='ocrx_word' id='word_1_218' title='bbox 807 2236 1209 2288; x_wconf 84' lang='lat' dir='ltr'>frequentissimO,</span> <span class='ocrx_word' id='word_1_219' title='bbox 1241 2234 1568 2276; x_wconf 83' lang='lat' dir='ltr'>concionando</span> <span class='ocrx_word' id='word_1_220' title='bbox 1594 2234 1751 2286; x_wconf 83' lang='lat' dir='ltr'>palam</span> 
     </span>
     <span class='ocr_line' id='line_1_30' title="bbox 107 2305 1752 2356; baseline -0.003 -7"><span class='ocrx_word' id='word_1_221' title='bbox 107 2308 365 2349; x_wconf 84' lang='lat' dir='ltr'>declaravit</span> <span class='ocrx_word' id='word_1_222' title='bbox 386 2309 433 2349; x_wconf 88' lang='lat' dir='ltr'>in</span> <span class='ocrx_word' id='word_1_223' title='bbox 454 2321 533 2349; x_wconf 88' lang='lat' dir='ltr'>ore</span> <span class='ocrx_word' id='word_1_224' title='bbox 555 2308 803 2349; x_wconf 90' lang='lat' dir='ltr'>infantium</span> <span class='ocrx_word' id='word_1_225' title='bbox 824 2315 868 2348; x_wconf 92' lang='lat' dir='ltr'>et</span> <span class='ocrx_word' id='word_1_226' title='bbox 890 2308 1164 2348; x_wconf 87' lang='lat' dir='ltr'>lactentium</span> <span class='ocrx_word' id='word_1_227' title='bbox 1186 2318 1451 2347; x_wconf 87' lang='lat' dir='ltr'>sermonem</span> <span class='ocrx_word' id='word_1_228' title='bbox 1472 2305 1752 2356; x_wconf 89' lang='lat' dir='ltr'>laudemque</span> 
     </span>
     <span class='ocr_line' id='line_1_31' title="bbox 108 2377 1750 2432; baseline -0.004 -11"><span class='ocrx_word' id='word_1_229' title='bbox 108 2379 195 2420; x_wconf 89' lang='lat' dir='ltr'>Dei</span> <span class='ocrx_word' id='word_1_230' title='bbox 211 2392 312 2420; x_wconf 90' lang='lat' dir='ltr'>esse</span> <span class='ocrx_word' id='word_1_231' title='bbox 334 2380 606 2432; x_wconf 88' lang='lat' dir='ltr'>perfectum.</span> <span class='ocrx_word' id='word_1_232' title='bbox 631 2379 757 2420; x_wconf 87' lang='lat' dir='ltr'>Idem</span> <span class='ocrx_word' id='word_1_233' title='bbox 778 2379 874 2420; x_wconf 85' lang='lat' dir='ltr'>fere</span> <span class='ocrx_word' id='word_1_234' title='bbox 897 2379 1106 2419; x_wconf 81' lang='lat' dir='ltr'>exhibuit</span> <span class='ocrx_word' id='word_1_235' title='bbox 1128 2379 1403 2418; x_wconf 89' lang='lat' dir='ltr'>adolescens</span> <span class='ocrx_word' id='word_1_236' title='bbox 1426 2378 1471 2417; x_wconf 89' lang='lat' dir='ltr'>in</span> <span class='ocrx_word' id='word_1_237' title='bbox 1494 2389 1584 2417; x_wconf 92' lang='lat' dir='ltr'>uno</span> <span class='ocrx_word' id='word_1_238' title='bbox 1609 2377 1750 2427; x_wconf 85' lang='lat' dir='ltr'>virgi-</span> 
     </span>
     <span class='ocr_line' id='line_1_32' title="bbox 109 2447 1752 2503; baseline -0.003 -11"><span class='ocrx_word' id='word_1_239' title='bbox 109 2462 219 2491; x_wconf 92' lang='lat' dir='ltr'>num</span> <span class='ocrx_word' id='word_1_240' title='bbox 235 2452 433 2503; x_wconf 88' lang='lat' dir='ltr'>collegio</span> <span class='ocrx_word' id='word_1_241' title='bbox 451 2452 498 2491; x_wconf 89' lang='lat' dir='ltr'>in</span> <span class='ocrx_word' id='word_1_242' title='bbox 514 2452 667 2503; x_wconf 88' lang='lat' dir='ltr'>capite</span> <span class='ocrx_word' id='word_1_243' title='bbox 682 2451 840 2491; x_wconf 89' lang='lat' dir='ltr'>ieiunii</span> <span class='ocrx_word' id='word_1_244' title='bbox 855 2450 882 2501; x_wconf 70' lang='lat'>⁵,</span> <span class='ocrx_word' id='word_1_245' title='bbox 902 2462 1064 2490; x_wconf 90' lang='lat' dir='ltr'>earum</span> <span class='ocrx_word' id='word_1_246' title='bbox 1081 2451 1145 2490; x_wconf 89' lang='lat' dir='ltr'>ita</span> <span class='ocrx_word' id='word_1_247' title='bbox 1163 2450 1288 2489; x_wconf 82' lang='lat' dir='ltr'>votis</span> <span class='ocrx_word' id='word_1_248' title='bbox 1305 2448 1610 2500; x_wconf 87' lang='lat' dir='ltr'>respondens,</span> <span class='ocrx_word' id='word_1_249' title='bbox 1627 2454 1675 2487; x_wconf 93' lang='lat' dir='ltr'>ut</span> <span class='ocrx_word' id='word_1_250' title='bbox 1693 2447 1752 2487; x_wconf 90' lang='lat' dir='ltr'>ad</span> 
     </span>
     <span class='ocr_line' id='line_1_33' title="bbox 109 2519 1752 2574; baseline -0.002 -13"><span class='ocrx_word' id='word_1_251' title='bbox 109 2522 255 2563; x_wconf 89' lang='lat' dir='ltr'>simile</span> <span class='ocrx_word' id='word_1_252' title='bbox 278 2534 445 2563; x_wconf 89' lang='lat' dir='ltr'>munus</span> <span class='ocrx_word' id='word_1_253' title='bbox 465 2522 817 2574; x_wconf 86' lang='lat' dir='ltr'>praestandum,</span> <span class='ocrx_word' id='word_1_254' title='bbox 843 2530 942 2562; x_wconf 91' lang='lat' dir='ltr'>tum</span> <span class='ocrx_word' id='word_1_255' title='bbox 963 2523 1020 2562; x_wconf 94' lang='lat' dir='ltr'>ab</span> <span class='ocrx_word' id='word_1_256' title='bbox 1044 2522 1223 2570; x_wconf 86' lang='lat' dir='ltr'>iisdem,</span> <span class='ocrx_word' id='word_1_257' title='bbox 1249 2527 1346 2560; x_wconf 90' lang='lat' dir='ltr'>tum</span> <span class='ocrx_word' id='word_1_258' title='bbox 1365 2520 1422 2560; x_wconf 89' lang='lat' dir='ltr'>ab</span> <span class='ocrx_word' id='word_1_259' title='bbox 1440 2520 1542 2559; x_wconf 91' lang='lat' dir='ltr'>aliis</span> <span class='ocrx_word' id='word_1_260' title='bbox 1564 2519 1752 2570; x_wconf 89' lang='lat' dir='ltr'>saepius</span> 
     </span>
     <span class='ocr_line' id='line_1_34' title="bbox 109 2590 1753 2645; baseline -0.002 -12"><span class='ocrx_word' id='word_1_261' title='bbox 109 2593 409 2644; x_wconf 75' lang='lat' dir='ltr'>invitaretur3</span> <span class='ocrx_word' id='word_1_262' title='bbox 439 2594 677 2645; x_wconf 86' lang='lat' dir='ltr'>repulsam</span> <span class='ocrx_word' id='word_1_263' title='bbox 706 2601 864 2634; x_wconf 90' lang='lat' dir='ltr'>tamen</span> <span class='ocrx_word' id='word_1_264' title='bbox 885 2594 1147 2645; x_wconf 87' lang='lat' dir='ltr'>patiuntur,</span> <span class='ocrx_word' id='word_1_265' title='bbox 1171 2604 1262 2644; x_wconf 91' lang='lat' dir='ltr'>quo</span> <span class='ocrx_word' id='word_1_266' title='bbox 1290 2592 1389 2631; x_wconf 88' lang='lat' dir='ltr'>eius</span> <span class='ocrx_word' id='word_1_267' title='bbox 1412 2590 1576 2631; x_wconf 90' lang='lat' dir='ltr'>studiis</span> <span class='ocrx_word' id='word_1_268' title='bbox 1598 2590 1753 2630; x_wconf 91' lang='lat' dir='ltr'>minus</span> 
     </span>
     <span class='ocr_line' id='line_1_35' title="bbox 110 2661 1752 2716; baseline -0.003 -11"><span class='ocrx_word' id='word_1_269' title='bbox 110 2665 266 2705; x_wconf 88' lang='lat' dir='ltr'>damni</span> <span class='ocrx_word' id='word_1_270' title='bbox 301 2666 560 2716; x_wconf 83' lang='lat' dir='ltr'>ingeratur.</span> <span class='ocrx_word' id='word_1_271' title='bbox 594 2665 711 2715; x_wconf 89' lang='lat' dir='ltr'>Alii,</span> <span class='ocrx_word' id='word_1_272' title='bbox 743 2665 866 2705; x_wconf 90' lang='lat' dir='ltr'>idem</span> <span class='ocrx_word' id='word_1_273' title='bbox 895 2665 1052 2705; x_wconf 85' lang='lat' dir='ltr'>facere</span> <span class='ocrx_word' id='word_1_274' title='bbox 1087 2664 1359 2715; x_wconf 83' lang='lat' dir='ltr'>gestientes,</span> <span class='ocrx_word' id='word_1_275' title='bbox 1388 2662 1510 2702; x_wconf 88' lang='lat' dir='ltr'>hanc</span> <span class='ocrx_word' id='word_1_276' title='bbox 1540 2661 1752 2701; x_wconf 89' lang='lat' dir='ltr'>eamdem</span> 
     </span>
     <span class='ocr_line' id='line_1_36' title="bbox 109 2733 1748 2786; baseline -0.002 -11"><span class='ocrx_word' id='word_1_277' title='bbox 109 2736 166 2776; x_wconf 95' lang='lat' dir='ltr'>ob</span> <span class='ocrx_word' id='word_1_278' title='bbox 188 2748 383 2777; x_wconf 85' lang='lat' dir='ltr'>causam</span> <span class='ocrx_word' id='word_1_279' title='bbox 403 2742 638 2777; x_wconf 86' lang='lat' dir='ltr'>arcentur.</span> <span class='ocrx_word' id='word_1_280' title='bbox 662 2735 754 2777; x_wconf 92' lang='lat' dir='ltr'>Sed</span> <span class='ocrx_word' id='word_1_281' title='bbox 774 2736 892 2777; x_wconf 89' lang='lat' dir='ltr'>haec</span> <span class='ocrx_word' id='word_1_282' title='bbox 922 2736 981 2777; x_wconf 90' lang='lat' dir='ltr'>ad</span> <span class='ocrx_word' id='word_1_283' title='bbox 1002 2735 1259 2776; x_wconf 89' lang='lat' dir='ltr'>secundam</span> <span class='ocrx_word' id='word_1_284' title='bbox 1289 2741 1473 2786; x_wconf 87' lang='lat' dir='ltr'>partem</span> <span class='ocrx_word' id='word_1_285' title='bbox 1499 2733 1748 2785; x_wconf 83' lang='lat' dir='ltr'>pertinent:</span> 
     </span>
     <span class='ocr_line' id='line_1_37' title="bbox 110 2808 767 2859; baseline 0.002 -13"><span class='ocrx_word' id='word_1_286' title='bbox 110 2818 214 2847; x_wconf 86' lang='lat' dir='ltr'>eam</span> <span class='ocrx_word' id='word_1_287' title='bbox 235 2808 391 2859; x_wconf 87' lang='lat' dir='ltr'>itaque</span> <span class='ocrx_word' id='word_1_288' title='bbox 416 2808 767 2859; x_wconf 88' lang='lat' dir='ltr'>aggrediamur.</span> 
     </span>
    </p>
   </div>
   <div class='ocr_carea' id='block_1_3' title="bbox 108 2893 1753 3075">
    <p class='ocr_par' dir='ltr' id='par_1_4' title="bbox 164 2893 769 2923">
     <span class='ocr_line' id='line_1_38' title="bbox 164 2893 769 2923; baseline 0.003 -2"><span class='ocrx_word' id='word_1_289' title='bbox 164 2893 173 2913; x_wconf 88' lang='lat'>¹</span> <span class='ocrx_word' id='word_1_290' title='bbox 215 2894 251 2921; x_wconf 84' lang='grc' dir='ltr'>Ρ.</span> <span class='ocrx_word' id='word_1_291' title='bbox 267 2895 325 2922; x_wconf 81' lang='lat' dir='ltr'>Dr.</span> <span class='ocrx_word' id='word_1_292' title='bbox 340 2896 507 2923; x_wconf 85' lang='lat' dir='ltr'>Albertus</span> <span class='ocrx_word' id='word_1_293' title='bbox 522 2895 769 2923; x_wconf 76' lang='lat' dir='ltr'>Ferrariensis.</span> 
     </span>
    </p>

    <p class='ocr_par' dir='ltr' id='par_1_5' title="bbox 108 2942 1753 3024">
     <span class='ocr_line' id='line_1_39' title="bbox 162 2942 1753 2978; baseline -0.001 -9"><span class='ocrx_word' id='word_1_294' title='bbox 162 2942 175 2961; x_wconf 75' lang='lat'><strong>2</strong></span> <span class='ocrx_word' id='word_1_295' title='bbox 212 2942 268 2970; x_wconf 82' lang='lat' dir='ltr'>Fr.</span> <span class='ocrx_word' id='word_1_296' title='bbox 283 2942 395 2971; x_wconf 87' lang='lat' dir='ltr'>Simon</span> <span class='ocrx_word' id='word_1_297' title='bbox 412 2944 544 2972; x_wconf 85' lang='lat' dir='ltr'>Bartoli</span> <span class='ocrx_word' id='word_1_298' title='bbox 556 2965 562 2976; x_wconf 87' lang='lat'>,</span> <span class='ocrx_word' id='word_1_299' title='bbox 578 2944 635 2971; x_wconf 87' lang='lat' dir='ltr'>ille</span> <span class='ocrx_word' id='word_1_300' title='bbox 652 2944 691 2971; x_wconf 88' lang='lat' dir='ltr'>de</span> <span class='ocrx_word' id='word_1_301' title='bbox 708 2951 771 2978; x_wconf 91' lang='lat' dir='ltr'>quo</span> <span class='ocrx_word' id='word_1_302' title='bbox 788 2944 820 2971; x_wconf 92' lang='lat' dir='ltr'>in</span> <span class='ocrx_word' id='word_1_303' title='bbox 836 2944 985 2972; x_wconf 61' lang='lat' dir='ltr'>Pomxm</span> <span class='ocrx_word' id='word_1_304' title='bbox 1000 2945 1133 2976; x_wconf 64' lang='lat' dir='ltr'>Claron„</span> <span class='ocrx_word' id='word_1_305' title='bbox 1147 2949 1170 2971; x_wconf 92' lang='lat' dir='ltr'>t.</span> <span class='ocrx_word' id='word_1_306' title='bbox 1184 2951 1232 2975; x_wconf 79' lang='lat'><em>111,</em></span> <span class='ocrx_word' id='word_1_307' title='bbox 1248 2950 1328 2977; x_wconf 87' lang='lat' dir='ltr'>pag.</span> <span class='ocrx_word' id='word_1_308' title='bbox 1345 2942 1388 2976; x_wconf 72' lang='lat'>29,</span> <span class='ocrx_word' id='word_1_309' title='bbox 1407 2946 1521 2970; x_wconf 78' lang='lat' dir='ltr'>annot.</span> <span class='ocrx_word' id='word_1_310' title='bbox 1546 2943 1571 2976; x_wconf 86' lang='lat'>1,</span> <span class='ocrx_word' id='word_1_311' title='bbox 1587 2946 1619 2968; x_wconf 86' lang='lat' dir='ltr'>et</span> <span class='ocrx_word' id='word_1_312' title='bbox 1636 2949 1753 2975; x_wconf 72' lang='lat' dir='ltr'>supra,</span> 
     </span>
     <span class='ocr_line' id='line_1_40' title="bbox 108 2990 260 3024; baseline 0 -8"><span class='ocrx_word' id='word_1_313' title='bbox 108 2997 185 3024; x_wconf 85' lang='lat' dir='ltr'>pag.</span> <span class='ocrx_word' id='word_1_314' title='bbox 201 2990 260 3017; x_wconf 80' lang='lat'>193.</span> 
     </span>
    </p>

    <p class='ocr_par' dir='ltr' id='par_1_6' title="bbox 163 3037 1123 3075">
     <span class='ocr_line' id='line_1_41' title="bbox 163 3037 1123 3075; baseline 0.003 -11"><span class='ocrx_word' id='word_1_315' title='bbox 163 3037 176 3055; x_wconf 75' lang='lat'>³</span> <span class='ocrx_word' id='word_1_316' title='bbox 215 3039 251 3064; x_wconf 85' lang='lat' dir='ltr'>in</span> <span class='ocrx_word' id='word_1_317' title='bbox 268 3040 385 3072; x_wconf 68' lang='lat' dir='ltr'>capite</span> <span class='ocrx_word' id='word_1_318' title='bbox 402 3041 543 3073; x_wconf 78' lang='lat' dir='ltr'>ieiunii,</span> <span class='ocrx_word' id='word_1_319' title='bbox 559 3040 654 3067; x_wconf 86' lang='lat' dir='ltr'>initio</span> <span class='ocrx_word' id='word_1_320' title='bbox 670 3041 980 3074; x_wconf 78' lang='lat' dir='ltr'>quadragesimalis</span> <span class='ocrx_word' id='word_1_321' title='bbox 993 3040 1123 3075; x_wconf 82' lang='lat' dir='ltr'>J&#39;ejunii.</span> 
     </span>
    </p>
   </div>
  </div>
 </body>
</html>
