2080 3392
311 199 382 236 642
821 196 1048 233 LITTERAE
1075 206 1433 239 QUADRtntES‘rRES

309 293 618 335 interfuerunt
639 298 683 332 et
703 292 956 332 Dominum
977 293 1109 343 coeli,
1135 292 1209 333 cui
1230 304 1278 333 se
1299 292 1591 344 dicaverant,
1611 295 1744 345 quasi
1759 295 1943 336 futurae

309 365 490 416 gloriae
512 375 595 415 pro
617 375 700 403 sua
724 363 957 403 oblatione
988 364 1178 414 pignus,
1215 370 1518 415 acceperunt,
1542 376 1731 405 mensae
1752 366 1942 406 domini-

310 448 393 476 cae
413 435 766 487 participantes.

390 505 763 556 Quadragesima
786 504 1088 556 adventante,
1119 505 1256 546 Pater
1286 506 1343 546 D.
1368 506 1578 558 Baptista
1598 507 1889 548 Fontenente
1915 507 1941 559 ¹,

310 576 530 632 oppidum
550 575 813 628 frequentia
833 587 889 616 ac
911 576 1085 616 civium
1106 577 1348 617 nobilitate
1371 578 1693 629 conspicuum,
1718 590 1766 618 se
1789 584 1944 619 contu-

310 649 380 697 lit,
409 648 488 688 ubi
522 659 615 687 non
643 648 795 687 minor
825 647 971 687 divini
998 647 1166 699 eloquii
1194 649 1452 688 necessitas
1487 660 1628 700 quam
1663 649 1946 690 desiderium

309 719 463 759 Patris
484 718 702 758 audiendi
724 717 1067 769 oppidanorum
1094 718 1261 758 animis
1283 719 1544 770 ingruerat.
1566 720 1816 760 Factiones
1832 722 1943 761 mul-

308 797 403 840 tae,
427 789 697 829 inimicitiae
717 789 945 840 publicae,
969 790 1259 842 'caeteraque
1287 791 1432 831 multa
1459 791 1595 831 huius
1622 792 1810 842 generis
1830 792 1944 831 vitia

309 861 570 910 doctorem,
594 860 720 900 Vitae
740 861 954 911 exemplo
976 872 1029 899 ac
1053 860 1265 900 doctrina
1287 861 1539 912 insignem,
1559 863 1797 913 postulare
1815 862 1939 902 Vide-

307 932 499 971 bantur:
527 931 710 971 incolas
737 937 895 971 autem
925 931 983 970 ad
1011 930 1218 982 Patrem,
1250 932 1327 982 qui
1355 938 1535 973 tantum
1570 945 1628 972 ex
1662 933 1851 973 nomine
1879 933 1944 973 eis

308 1003 577 1042 innotuerat
598 1001 627 1052 ‘·‘,
654 1009 697 1041 et
726 1001 785 1041 ad
811 1001 1086 1042 Illustriss.m
1115 1002 1298 1042 Ducem
1325 1003 1536 1043 Gandiae
1568 1002 1581 1021 ⁵
1608 1004 1792 1054 legatos
1812 1003 1944 1044 mise-

307 1080 433 1124 rant,
456 1073 584 1113 illum
604 1072 728 1113 flecti
750 1084 799 1113 se
820 1073 1025 1113 sinerent
1048 1080 1259 1124 orantes,
1279 1074 1404 1114 hunc
1422 1081 1470 1114 ut
1489 1086 1569 1114 eos
1585 1075 1803 1126 precibus
1821 1075 1944 1126 apud

307 1145 493 1184 Patrem
515 1144 713 1184 iuvaret.
736 1143 969 1195 Expedire
991 1156 1040 1183 se
1063 1156 1158 1184 non
1179 1145 1327 1195 potuit
1348 1144 1487 1185 Pater
1509 1146 1565 1185 ab
1588 1157 1642 1185 ea
1665 1157 1777 1186 cura
1796 1158 1804 1196 3
1829 1146 1941 1186 abiit

308 1216 451 1266 igitur
473 1216 581 1255 illuc
605 1215 782 1254 duobus
805 1215 1053 1254 comitatus
1075 1215 1325 1265 operariis,
1350 1216 1428 1267 qui
1455 1222 1682 1256 meterent
1703 1217 1944 1268 spirituale

305 1286 612 1336 frumentum,
650 1285 781 1325 cuius
811 1285 1014 1325 dedisset
1049 1284 1279 1325 Dominus
1309 1298 1468 1326 semen
1496 1287 1942 1338 incrementumque.

306 1357 382 1397 Ad
417 1357 788 1407 xenodochium,
821 1368 1082 1408 pauperum
1119 1357 1393 1408 hospitium,
1427 1357 1739 1408 diverterunt,
1773 1370 1858 1398 nec
1896 1364 1945 1398 ut

306 1427 411 1467 inde
448 1428 538 1468 alio
570 1428 828 1478 migrarent
858 1428 1074 1479 compelli
1102 1434 1376 1479 potuerunt3
1413 1428 1600 1469 aiebant
1632 1430 1800 1481 quippe
1834 1429 1945 1469 illud

306 1510 567 1550 pauperum
587 1498 836 1539 Societatis
857 1504 1047 1538 nostrae
1065 1510 1166 1538 esse
1183 1499 1450 1550 hospitium,
1470 1500 1699 1551 siquidem
1717 1507 1817 1541 erat
1835 1501 1944 1540 alio-

313 1582 420 1610 rum
441 1581 716 1621 pauperum.

385 1640 498 1680 Dies
515 1640 905 1692 quadragesimae
922 1641 1078 1690 vicini,
1095 1652 1210 1691 quos
1228 1642 1590 1694 carnisprivium
1606 1649 1794 1693 vocant,
1815 1649 1944 1682 tran-

305 1712 457 1763 quilli,
494 1718 681 1763 praeter
718 1712 1030 1752 inveteratam
1066 1713 1471 1763 consuetudinem,
1502 1714 1647 1754 habiti
1676 1720 1805 1764 sunt;
1838 1725 1947 1754 nam

306 1795 412 1823 cum
434 1784 738 1823 intellexisset
755 1782 894 1822 Pater
918 1783 1133 1833 Baptista
1156 1784 1290 1823 ludos
1310 1796 1476 1835 parum
1498 1785 1722 1825 honestos
1743 1785 1800 1825 ab
1823 1785 1948 1825 omni

305 1860 457 1894 aetate
486 1866 693 1905 sexuque
722 1854 767 1893 in
798 1853 1034 1904 publicum
1070 1854 1258 1905 prodire
1279 1855 1392 1906 iam,
1418 1855 1609 1905 fratres,
1641 1868 1757 1907 quos
1787 1867 1947 1896 secum

305 1925 519 1975 habebat,
538 1926 663 1965 misit
682 1925 748 1964 eis
765 1925 966 1973 obviam,
984 1930 1031 1965 ut
1048 1925 1314 1965 vehementi
1327 1927 1537 1966 oratione
1552 1934 1718 1978 coepta
1731 1927 1946 1967 intertur-

304 1997 470 2036 barent
492 1996 701 2036 consilia.
728 1995 863 2046 Quod
885 2007 1106 2035 successu
1128 2007 1221 2035 non
1243 1997 1405 2045 caruit3
1430 2009 1540 2037 nam
1559 1998 1625 2038 eis
1646 1999 1866 2049 populum
1888 1998 1946 2037 ad

306 2067 516 2107 divinum
534 2068 729 2107 verbum
746 2067 1120 2117 inclamantibus,
1141 2077 1314 2117 omnes,
1329 2068 1504 2108 relictis
1521 2068 1727 2117 ludicris,
1748 2069 1807 2109 ad
1824 2069 1946 2109 seria

306 2137 539 2177 audienda
562 2149 839 2177 convenere:
861 2149 947 2177 nec
970 2143 1205 2177 cessatum
1226 2144 1365 2177 antea
1388 2144 1456 2178 est
1478 2150 1618 2190 quam
1640 2150 1799 2179 omnes
1821 2139 1945 2179 ludo-

311 2220 415 2248 rum
457 2215 713 2260 apparatus
753 2208 1040 2259 disparuere.
1083 2207 1179 2248 Nec
1218 2210 1362 2249 multo
1402 2216 1507 2261 post
1549 2209 1808 2250 funambuli
1847 2221 1944 2260 spe-

306 2280 492 2319 ctacula
524 2280 569 2319 in
592 2279 692 2318 foro
715 2284 881 2330 parata
904 2290 1009 2318 cum
1030 2285 1206 2327 essent,
1231 2281 1522 2331 populusque
1554 2293 1610 2321 ac
1640 2281 1946 2332 magistratus

306 2358 568 2401 spectatum
589 2350 920 2400 accessissent,
944 2349 1070 2389 misit
1091 2349 1285 2400 fratres,
1309 2351 1387 2402 qui
1409 2363 1514 2391 cum
1536 2363 1590 2391 eo
1618 2358 1775 2401 erant,
1807 2351 1944 2392 Pater

306 2421 539 2475 Baptista,
564 2421 641 2472 qui
663 2432 745 2472 pro
768 2432 816 2460 se
840 2426 1029 2460 orarent
1051 2421 1378 2472 magistratus,
1402 2428 1451 2462 ut
1470 2422 1790 2462 funambulum
1815 2423 1943 2462 abire

302 2492 540 2543 juberent,
564 2503 650 2531 nec
671 2497 943 2543 paterentur
966 2491 1011 2531 id
1032 2502 1181 2542 genus
1202 2492 1417 2533 ludorum
1438 2494 1609 2545 populo
1632 2493 1842 2543 obtrudi,
1867 2493 1944 2533 ubi

366 2677 374 2697 ¹
415 2676 487 2707 Sic:
505 2677 676 2710 hispanice
696 2675 915 2703 Onteniente.

363 2724 377 2743 ‘—'
415 2724 535 2751 Mirum
548 2729 640 2751 certe
653 2723 779 2757 legenti
793 2724 856 2750 hoc
872 2723 1043 2749 videbitur
1061 2731 1118 2750 nec
1131 2724 1304 2757 explicatu
1316 2724 1414 2750 facile
1427 2731 1432 2756 ;
1448 2724 1582 2758 saepius
1594 2723 1679 2750 enim
1691 2724 1762 2757 jam
1774 2723 1944 2750 anteactis

311 2772 408 2798 annis
424 2772 527 2798 Pater
542 2771 687 2804 Joannes
711 2770 871 2804 Baptista
886 2770 925 2797 de
951 2770 1077 2797 Barma
1093 2778 1125 2796 in
1141 2771 1262 2804 oppido
1285 2770 1487 2798 Onteniente
1509 2771 1632 2804 suerat,
1654 2776 1689 2798 ut
1706 2771 1822 2798 videre
1846 2774 1897 2797 est
1912 2770 1943 2796 in

306 2819 455 2846 PoLANCI
474 2819 606 2851 chron..
625 2823 647 2845 t.
663 2826 686 2845 11
699 2823 731 2845 et
747 2825 795 2851 111,
815 2818 895 2845 etin
910 2817 1061 2851 pluribus
1076 2825 1179 2852 supra
1191 2819 1262 2852 jam
1277 2818 1377 2846 editis
1392 2818 1702 2852 quadrimestribus
1718 2818 1853 2845 litteris.

360 2866 373 2884 '³
414 2865 555 2893 Carolus
572 2866 610 2892 de
627 2866 741 2900 Borja,
757 2865 871 2892 Patris
889 2864 1062 2892 Francisci
1078 2865 1116 2891 de
1132 2865 1234 2898 Borja
1251 2865 1348 2898 filius,
1366 2866 1420 2899 qui
1437 2866 1576 2892 “aberat
1589 2870 1660 2892 toto
1674 2866 1736 2892 hoc
1752 2872 1839 2892 anno
1852 2864 1941 2892 Gan-

306 2914 362 2941 dia
378 2918 517 2948 propter
536 2913 717 2947 quamdam
733 2913 974 2940 dissensionem
995 2916 1029 2938 et
1044 2912 1202 2945 injuriam
1223 2912 1355 2939 illatam
1371 2913 1473 2939 nobili
1495 2913 1570 2939 viro
1587 2913 1775 2945 valentino,
1798 2912 1942 2939 auctori-

307 2966 378 2988 tate
394 2962 497 2995 Regis
513 2961 628 2995 egredi
642 2961 755 2994 jussus
771 2968 812 2986 ex
829 2960 937 2987 tribus
949 2959 1016 2986 illis
1032 2960 1147 2992 regnis
1163 2960 1370 2993 Aragoniae,
1395 2964 1427 2986 et
1450 2960 1483 2987 in
1499 2961 1654 2993 civitate,
1676 2960 1809 2987 nomine
1830 2960 1943 2989 Βαεα,

304 3008 337 3034 in
354 3008 494 3035 Baetica
509 3008 702 3040 exulabat„.
722 3007 905 3037 Pomxcus.
923 3006 1124 3037 chronicon,
1140 3011 1163 3033 t.
1180 3014 1225 3039 w,
1242 3007 1297 3034 ubi
1312 3007 1351 3033 de
1369 3006 1563 3034 Gandiense
1581 3007 1730 3040 Collegio
1749 3005 1832 3040 agit.
