2080 3392
320 215 389 251 644
830 213 1055 250 LITTERAE
1083 225 1444 257 QUADRIMESTRES

319 309 686 360 magistratibus,
717 321 916 360 quorum
943 309 1190 361 desperata
1218 312 1514 362 recuperatio
1542 324 1715 364 magno
1748 326 1948 357 commu-

317 381 452 420 nitati
487 386 586 419 erat
626 380 936 430 incommodo,
974 380 1112 421 Patre
1151 382 1401 433 plurimum
1442 383 1733 436 elaborante,
1771 387 1953 427 reddita

317 457 437 490 sunt.
461 450 557 490 Nec
579 451 747 490 mirum
768 451 890 502 quod
911 451 957 491 in
987 451 1074 491 Dei
1096 451 1243 502 digito
1265 459 1434 493 cuncta
1456 454 1496 493 is
1519 460 1694 505 posset,
1726 456 1857 495 cuius
1887 463 1952 497 ta-

316 522 405 561 lem
425 522 673 561 universus
695 522 892 573 populus
914 522 1159 563 imbiberat
1181 523 1473 575 opinionem,
1503 531 1553 565 ut
1574 525 1613 565 si
1641 525 1750 577 quid
1780 527 1839 566 ad
1860 528 1951 578 pie-

315 593 422 633 tatis
444 593 683 644 divinique
712 594 863 633 cultus
892 593 1180 644 religionem,
1211 594 1251 634 si
1281 595 1389 646 quid
1418 595 1477 635 ad
1512 596 1752 637 'nominum
1777 597 1946 638 instau-

314 663 511 703 randam
532 663 921 714 benevolentiam,
946 664 985 703 si
1007 664 1117 715 quid
1136 664 1195 704 ad
1217 665 1536 706 confitentium
1555 668 1766 718 salutern,
1787 668 1825 708 si
1842 669 1952 720 quid

314 735 372 774 ad
406 734 695 774 infirmorum
729 735 1044 775 valetudinem
1079 735 1337 776 curandam
1372 737 1608 788 attineret,
1646 738 1714 778 sic
1749 739 1808 778 ad
1844 750 1950 780 eum

314 805 447 857 quasi
468 817 654 845 sacram
673 806 930 845 anchoram
951 806 1286 846 recurrendum
1309 807 1648 848 existimarent.

393 875 658 927 Pauperum
678 887 870 916 causam
891 888 1024 916 suam
1053 888 1155 917 esse
1182 877 1372 928 ducens,
1406 879 1715 920 eleemosinas
1742 880 1948 931 indigen-

312 947 434 987 tibus
455 947 756 997 largiebatur,
781 959 897 999 quas
913 949 1112 999 populus
1129 955 1294 999 postea
1311 949 1474 989 lubens
1490 951 1805 1001 persolvebat.
1825 952 1950 993 Inter

313 1018 419 1068 alia,
449 1018 795 1058 xenodochium
828 1018 1113 1070 pauperibus
1148 1018 1354 1070 hospitio
1391 1020 1670 1071 recipiendis
1703 1023 1950 1074 aegrisque

313 1088 534 1129 curandis
569 1089 931 1129 construendum
958 1089 1142 1129 curavit
1178 1090 1501 1140 magnificum:
1538 1103 1647 1131 nam
1682 1103 1772 1143 quo
1810 1100 1948 1134 antea

312 1160 659 1211 recipiebantur
693 1171 940 1211 pauperes,
971 1160 1196 1211 exiguum
1225 1166 1326 1200 erat
1352 1161 1632 1213 minimeque
1661 1164 1949 1214 respondens

312 1231 402 1271 loci
436 1231 719 1271 necessitati.
755 1231 816 1271 Ut
851 1242 1031 1270 annuos
1067 1231 1207 1271 etiam
1241 1232 1449 1272 redditus
1486 1233 1638 1273 clerus
1675 1234 1945 1274 decerneret

313 1302 478 1353 effecit,
502 1308 550 1342 ut
569 1302 757 1353 quidam
778 1303 910 1354 pueri
932 1303 1053 1342 bona
1074 1302 1226 1342 indole
1247 1302 1599 1344 instituerentur
1617 1304 1947 1345 educarentur-

313 1385 414 1424 que,
439 1373 516 1424 qui
537 1373 775 1413 canonicis
796 1373 925 1413 horis
946 1373 1241 1424 inservirent,
1272 1374 1395 1425 quod
1416 1374 1541 1414 haud
1562 1375 1697 1415 dubie
1733 1376 1791 1416 ad
1817 1389 1945 1417 reve-

313 1444 565 1484 rentiorem
586 1445 812 1484 ecclesiae
834 1445 1009 1484 cultum
1029 1445 1260 1495 pertinere
1279 1446 1460 1485 cunctis
1476 1446 1629 1486 visum
1652 1453 1734 1486 est.
1754 1447 1945 1488 Publica

314 1516 657 1567 oppidanorum
673 1515 788 1555 vitia
809 1526 946 1555 nosse
968 1515 1176 1566 impense
1197 1516 1458 1566 laborabat,
1483 1522 1533 1556 ut
1549 1517 1739 1557 infamia
1760 1524 1949 1558 notatos

313 1599 371 1626 ex
395 1587 598 1626 tenebris
619 1592 920 1637 peccatorum
941 1586 1000 1626 ad
1017 1587 1228 1626 veritatis
1249 1587 1405 1627 lumen
1425 1587 1693 1628 reduceret:
1720 1589 1946 1629 obdurato

315 1663 469 1698 autem
489 1658 738 1709 quemdam
760 1658 929 1706 animo,
954 1658 1030 1708 qui
1053 1658 1108 1697 ab
1128 1657 1373 1697 inhonesta
1388 1659 1595 1698 mulieris
1611 1660 1947 1699 consuetudine

314 1728 532 1768 recedere
554 1734 748 1779 rogatus
775 1728 935 1775 noluit,
960 1728 1135 1768 iudices
1158 1729 1204 1768 in
1225 1729 1416 1768 exilium
1447 1740 1601 1780 egere,
1634 1729 1786 1770 Patris
1815 1731 1943 1770 suasi

315 1799 607 1849 auctoritate,
627 1811 683 1839 ne
701 1799 817 1838 alios
834 1799 880 1838 in
899 1799 1016 1838 labis
1034 1800 1361 1849 contagionem
1378 1800 1599 1840 traheret.
1618 1801 1683 1840 Ea
1703 1801 1941 1852 concione,

313 1881 453 1922 quam
474 1870 530 1910 de
551 1869 723 1910 Christi
742 1870 853 1922 Jesu
875 1870 1093 1922 passione
1115 1870 1288 1920 habuit,
1313 1872 1640 1911 antelucanam
1663 1872 1708 1911 in
1729 1883 1944 1923 parasce-

314 1954 386 1991 ve,
409 1941 725 1981 incredibilem
749 1952 865 1992 pene
886 1940 1219 1980 lachrimarum
1241 1953 1295 1980 ac
1316 1942 1574 1991 gemituum
1595 1941 1815 1983 affectum
1836 1955 1942 1983 cun-

314 2013 399 2052 ctis
419 2012 651 2052 concessit
668 2011 912 2060 Dominus,
936 2013 1120 2062 qualem
1141 2023 1379 2062 nunquam
1399 2013 1515 2052 alias
1533 2013 1722 2061 vidisse,
1747 2014 1823 2064 qui
1841 2014 1942 2053 adc-

312 2090 433 2133 rant,
459 2084 813 2123 attestabantur.
838 2083 997 2134 quue
1027 2083 1175 2122 crevit
1203 2083 1354 2123 Patris
1381 2083 1620 2135 Baptistae
1650 2084 1846 2124 dicendo
1869 2085 1944 2124 do-

313 2155 397 2203 lor,
422 2161 470 2194 ut
497 2155 604 2194 licet
635 2154 776 2194 animi
811 2154 882 2193 sui
915 2165 1102 2193 sensum
1138 2160 1217 2194 aut
1251 2154 1504 2205 reprimere
1529 2152 1620 2194 ‘aut
1651 2155 1943 2195 dissimulare

314 2232 587 2275 conaretur,
624 2225 804 2265 cunctis
840 2225 1131 2264 adstantibus
1162 2224 1355 2265 affectus
1399 2226 1739 2277 compassionis
1774 2227 1819 2265 in
1851 2238 1943 2265 rne-

314 2302 411 2336 tum
431 2296 569 2336 fuerit
591 2307 869 2345 conversus;
894 2295 1117 2335 timebant
1135 2296 1303 2347 quippe
1325 2308 1382 2335 ne
1404 2295 1590 2336 Patrem
1611 2308 1665 2336 eo
1686 2298 1788 2336 loco
1811 2297 1939 2348 spiri-

312 2373 386 2406 tus
415 2367 590 2418 pariter
619 2379 674 2407 ac
702 2367 800 2406 vita
829 2366 1146 2406 destituerent.
1172 2366 1328 2406 Voces
1362 2359 1475 2406 sane
1502 2368 1752 2407 multorum
1786 2367 1939 2407 audie-

311 2438 480 2477 bantur
507 2438 626 2477 inter
656 2437 909 2477 lachrimas
939 2449 964 2477 a
1000 2436 1200 2477 Domino
1234 2437 1490 2488 petentium
1528 2449 1584 2477 ne
1618 2439 1758 2477 talem
1790 2439 1940 2478 virum

310 2509 482 2549 sineret
503 2514 599 2548 tam
620 2509 772 2548 subito
794 2509 961 2558 emori;
987 2508 1241 2559 eodemque
1270 2508 1514 2548 charitatis
1536 2510 1635 2548 zelo
1665 2516 1938 2560 suggestum

310 2580 682 2619 conscenderunt
702 2579 926 2630 primates
947 2578 1133 2618 Patrem
1154 2579 1442 2629 revocaturi;
1465 2579 1664 2629 diligunt
1682 2580 1805 2619 enim
1821 2581 1938 2619 mire

309 2661 429 2700 eum,
454 2662 590 2700 quem
612 2655 717 2701 post
739 2650 921 2689 Pascha
949 2648 1301 2689 discendentem
1324 2649 1564 2689 lachrimis
1594 2651 1934 2701 prosequeban-

309 2727 397 2770 tur,
428 2722 591 2768 multa,
625 2732 742 2771 quae
772 2731 979 2759 amorem
1006 2720 1310 2769 testabantur,
1343 2719 1465 2759 dona
1495 2720 1754 2770 offerentes,
1780 2728 1823 2760 et
1844 2721 1934 2761 fru-

308 2798 515 2830 mentum
552 2791 773 2830 fratribus
812 2790 983 2830 nostris
1017 2789 1250 2830 Gandiam
1292 2801 1340 2830 se
1379 2791 1604 2830 missuros
1644 2791 1932 2842 pollicentes.

306 2861 562 2901 Recusavit
587 2861 725 2901 Pater
747 2867 930 2911 cuncta,
954 2862 1092 2911 longe
1113 2861 1236 2900 enim
1263 2861 1309 2900 id
1332 2872 1434 2901 esse
1463 2861 1519 2900 ab
1542 2861 1753 2901 instituto
1783 2861 1932 2902 Socie-

306 2932 414 2971 tatis
437 2932 723 2981 ostendebat,
748 2932 897 2982 gratis
920 2942 968 2971 se
990 2931 1101 2970 dare
1130 2931 1289 2970 dicens
1321 2931 1445 2982 quod
1476 2943 1503 2970 a
1531 2932 1810 2972 liberalitate
1841 2932 1931 2972 Do-

307 3003 418 3042 mini
439 3004 588 3053 gratis
606 3009 868 3054 acceperat.
