2080 3392
850 180 1056 218 AN.01553
1711 177 1777 213 160

384 502 667 529 Praecedentium
687 500 884 528 litterarum
907 499 1012 527 latine
1029 499 1241 526 redditarum
1256 498 1488 532 fragmentum
1506 496 1526 523 ¹.

143 729 1775 745 ·····························································

133 777 394 818 ministerio
430 777 558 817 cives
591 788 686 816 non
720 776 768 815 in
806 773 1057 827 postremis
1094 772 1336 822 censendi,
1374 771 1500 823 apud
1534 783 1652 822 quos
1685 783 1781 811 non

135 849 286 890 minor
308 848 451 888 animi
480 848 634 898 tabes,
668 859 808 899 quam
836 845 1048 897 corporis
1078 844 1288 894 morbus,
1322 843 1610 894 invaluerat,
1644 843 1782 895 pluri-

135 932 263 961 mum
282 920 427 961 levati
448 926 569 960 sunt.
593 919 669 959 Ad
690 919 860 959 similia
883 917 1035 958 officia
1066 917 1219 968 magis
1247 916 1294 956 in
1321 916 1419 956 dies
1447 926 1779 966 provocamur.

134 992 463 1043 Advigilatum
484 1002 669 1042 quoque
697 997 767 1030 est
795 996 845 1029 ut
873 1001 967 1029 non
996 988 1150 1040 pauci,
1175 988 1299 1028 mille
1321 986 1555 1038 scrupulis
1576 992 1620 1026 et
1642 986 1785 1026 animi

136 1062 568 1116 perturbationibus
585 1062 754 1112 obruti,
776 1060 1092 1102 conscientiae
1113 1059 1258 1111 quieti
1277 1058 1601 1098 redderentur.
1620 1056 1683 1097 At
1706 1056 1784 1096 dif-

135 1135 306 1176 ficilius
341 1136 485 1175 multo
521 1134 605 1174 fuit
641 1133 920 1186 quibusdam
951 1133 1056 1172 aliis
1092 1130 1389 1180 satisfacere,
1427 1130 1502 1182 qui
1538 1130 1665 1169 nullo
1695 1129 1785 1169 alio

137 1207 300 1247 morbo
322 1206 520 1257 gravius
542 1206 812 1246 laborarent
833 1216 974 1257 quarn
1005 1203 1314 1252 curiositatis,
1338 1201 1509 1253 quippe
1531 1201 1634 1253 qui,
1658 1201 1786 1240 velut

138 1290 380 1329 censores,
417 1278 553 1329 quasi
580 1278 636 1318 de
664 1277 800 1318 nobis
822 1277 1083 1328 periculum
1111 1274 1304 1325 facturi,
1343 1279 1566 1313 accurate
1593 1272 1787 1312 nimium

138 1350 283 1391 variis
305 1350 362 1390 de
383 1350 537 1399 rebus,
561 1360 680 1401 quas
701 1349 760 1389 ad
778 1360 877 1388 rem
893 1358 1059 1400 parum
1076 1346 1234 1387 facere
1250 1345 1490 1396 viderent,
1510 1349 1788 1396 percuncta-

138 1422 230 1462 turi
269 1421 570 1462 accedebant.
609 1421 789 1461 Verum
823 1420 910 1460 hos
944 1420 1219 1471 plerumque
1253 1429 1349 1458 non
1384 1423 1491 1457 ante
1526 1415 1789 1456 dimittebat

138 1492 368 1533 Dominus
405 1505 545 1545 quam
580 1492 727 1544 probe
776 1491 952 1532 scirent
993 1502 1042 1531 se
1084 1489 1282 1540 intelligi
1324 1496 1466 1540 atque
1502 1493 1708 1527 astutum
1744 1486 1790 1525 in

139 1565 311 1605 astutia
332 1576 416 1604 sua
439 1562 774 1615 comprehendi
795 1568 840 1603 et
860 1562 1059 1614 proinde
1081 1561 1159 1613 qui
1188 1572 1272 1601 suo
1301 1560 1489 1611 quidem
1510 1559 1683 1599 iudicio
1710 1568 1790 1596 Va>

137 1636 257 1677 lidus
287 1647 342 1677 ac
370 1647 513 1676 sanus
542 1640 832 1685 accesserat,
863 1634 1029 1674 morbo
1059 1633 1244 1685 agnito,
1275 1631 1541 1681 morbidus,
1572 1630 1791 1671 sanitatis

138 1713 295 1748 tamen
324 1708 463 1758 longe
493 1718 636 1758 quam
663 1711 802 1746 antea
830 1705 1075 1757 capacior,
1110 1703 1375 1744 recedebat.
1406 1702 1501 1742 Alii
1531 1707 1676 1742 noctu
1705 1713 1792 1742 nos

138 1778 333 1829 adeunt,
356 1790 414 1818 ne
436 1778 494 1818 ab
514 1777 781 1818 hominibus
801 1776 1076 1827 videantur,
1110 1787 1228 1827 quos
1256 1774 1399 1814 etiam
1426 1773 1621 1813 subinde
1643 1772 1787 1813 addu-

141 1851 205 1891 cit
225 1850 390 1902 religio
419 1861 515 1890 non
542 1849 672 1899 ficta,
704 1848 787 1889 sed
817 1847 1008 1888 eosdem
1036 1847 1200 1888 videas
1230 1847 1307 1886 vel
1336 1845 1679 1886 tentatiuncula
1700 1844 1791 1884 fra-

141 1928 241 1963 ctos
263 1922 422 1962 statim
442 1920 703 1972 deturbari,
728 1920 866 1961 modo
887 1931 1002 1960 vero
1025 1919 1325 1970 resipiscere:
1358 1917 1573 1969 quidam,
1603 1929 1661 1956 ne
1690 1929 1792 1968 pro-

142 1993 246 2045 pius
281 1993 539 2034 accessisse
572 1992 833 2044 poeniteat,
872 1996 1130 2043 sequuntur
1170 1989 1360 2042 quidem
1391 1996 1438 2029 at
1472 1990 1614 2039 longo
1655 1989 1793 2028 inter-

142 2065 287 2115 vallo,
316 2070 365 2104 ut
395 2070 493 2104 tum
519 2063 656 2104 varia
677 2063 920 2103 hominum
941 2062 1153 2113 ingenia,
1176 2067 1275 2101 tum
1304 2060 1546 2101 daemonis
1574 2060 1796 2100 astutiam

142 2147 236 2176 non
270 2136 445 2187 absque
482 2134 794 2175 admiratione
828 2133 906 2174 hic
942 2133 1198 2174 observare
1233 2132 1387 2172 liceat.
1427 2131 1570 2172 Aliud
1603 2131 1715 2171 item
1750 2136 1796 2170 et

146 2212 377 2247 attentare
399 2206 609 2256 Videtur,
633 2207 773 2257 longe
801 2204 1276 2257 periculosissimum,
1307 2203 1523 2243 veritatis
1552 2202 1720 2252 hostis,
1746 2208 1796 2242 ut

139 2278 361 2318 nimirum
381 2278 625 2329 utriusque
647 2289 788 2318 sexus
816 2277 1081 2329 paratiores
1113 2286 1322 2327 quosque
1353 2286 1436 2326 per
1464 2273 1795 2314 conventicula

142 2349 375 2401 quaedam
395 2361 451 2389 ac
473 2350 613 2390 rudes
642 2348 872 2400 quasdam
901 2347 1217 2397 ceremoniaS,
1242 2357 1360 2398 quas
1391 2346 1481 2398 ipsi
1508 2346 1596 2386 sibi
1624 2344 1795 2385 confin-

142 2427 280 2472 gunt,
313 2421 360 2461 in
387 2421 553 2473 quibus
584 2432 818 2460 summam
844 2419 942 2460 fere
974 2418 1278 2471 perfectionis
1312 2419 1569 2468 collocant,
1592 2428 1794 2456 remore-

145 2498 240 2543 tur,
262 2492 399 2544 idque
420 2504 582 2533 eorum
612 2504 721 2544 ope,
747 2492 825 2543 qui
846 2492 988 2532 totius
1016 2490 1114 2531 fere
1136 2490 1404 2530 sanctitatis
1430 2489 1651 2529 videntur
1674 2489 1796 2528 colu-

145 2564 286 2604 mina.
328 2563 582 2616 speramus
622 2570 780 2604 autem
818 2569 868 2603 ut
907 2563 1051 2602 hasce
1091 2561 1287 2602 insidias
1322 2560 1575 2612 aliquando
1610 2565 1796 2610 retegat

146 2634 391 2685 Dominus,
421 2647 571 2686 neque
598 2634 722 2674 enirn
742 2634 946 2686 patietur
968 2634 1222 2673 multorum
1250 2637 1446 2671 conatus
1467 2631 1586 2670 adeo
1608 2630 1798 2670 sedulos

145 2705 196 2745 in
225 2706 420 2746 nihilum
452 2705 676 2746 recidere.
710 2705 843 2745 Haec
877 2710 986 2745 tuae
1018 2704 1067 2744 Ρ.
1103 2703 1306 2744 diximus
1337 2707 1388 2742 ut
1417 2701 1650 2752 intelligat
1686 2701 1799 2753 quid

145 2777 291 2817 etiam
310 2789 395 2817 nos
417 2777 475 2817 ab
497 2776 702 2816 uberiori
723 2781 956 2828 proventu
984 2774 1231 2827 impediat3
1262 2773 1308 2813 id
1339 2773 1570 2825 siquidem
1596 2784 1691 2813 non
1719 2784 1798 2824 pa-

151 2858 256 2887 rum
277 2847 454 2888 referre
474 2854 710 2899 putamus,

206 3008 217 3028 ¹
257 3008 364 3036 Extat
379 3009 413 3036 in
428 3009 544 3037 eodem
560 3009 639 3042 vol.,
652 3016 683 3035 n.
695 3008 739 3043 28,
757 3012 876 3042 estque
892 3006 1142 3042 apographum.
