2080 3392
823 202 906 239 AN.
940 201 1031 239 1553
1689 201 1754 238 111

106 306 234 341 ctam
261 298 548 339 sanctissimi
578 300 781 340 nominis
810 300 881 340 sui
909 300 1184 339 societatem
1212 304 1506 349 susceptum,
1537 299 1755 350 quamvis

107 382 305 422 aegrum
326 375 370 410 et
397 370 642 421 indignum
670 370 824 411 adhuc
852 371 1084 411 sustinere
1112 370 1286 422 pergit,
1318 375 1416 409 tum
1447 376 1634 421 patrum
1663 369 1752 410 fra-

107 449 322 492 trumque
359 440 795 482 colendissimorum
830 441 1022 491 meritis,
1061 453 1180 493 quae
1215 440 1482 492 praedicari
1516 441 1631 480 satis
1660 452 1753 481 non

108 523 246 565 posse
267 512 480 562 dixerim,
505 514 605 552 vult
627 519 794 553 testem
816 512 1023 564 quotidie
1045 513 1282 552 oculatum
1312 512 1494 552 adesse.
1524 511 1671 562 Igitur
1697 524 1754 551 ne

108 585 184 624 vel
206 583 497 624 obedientiae
519 585 595 623 vel
618 584 863 624 charitatis
884 584 1032 624 desim
1053 583 1218 633 officio,
1243 595 1363 635 quae
1384 584 1515 623 lucra
1537 583 1753 635 proximo

105 655 297 707 quidem
320 654 651 706 quadrimestri
673 655 750 695 hic
777 655 951 695 nostris
980 654 1027 694 in
1055 654 1194 694 Chro.
1227 655 1524 704 obvenerint,
1555 666 1646 706 qua
1677 666 1753 706 po-

106 734 206 766 tero
234 725 465 765 brevitate
492 726 848 778 perstricturus,
881 725 1120 774 exordiar,
1157 725 1211 765 R.
1242 724 1316 775 R,
1348 725 1405 765 ab
1441 727 1542 778 ipso
1570 726 1754 777 collegii

105 797 254 837 nostri
274 797 426 848 capite
444 809 526 837 seu
543 797 827 849 praeposito.
848 797 891 837 Is
909 802 978 836 est
994 795 1175 836 RdUSP.
1196 802 1240 836 et
1257 796 1436 837 Doctor
1453 797 1511 837 D.
1531 797 1755 837 Nicolaus
1797 783 1800 785 Δ

103 867 295 919 Lanoy,
339 879 475 919 quem
515 880 663 920 nuper
702 867 926 908 Maiestas
963 867 1095 919 regia
1130 866 1161 918 ¹,
1198 867 1435 908 intellecta
1476 875 1627 908 morte
1661 867 1754 909 R.di

104 938 153 979 P.
171 938 353 979 Claudii
366 939 462 989 Iaii,
487 939 770 980 accersitum
799 939 981 990 accepit
1003 945 1046 979 et
1068 939 1406 979 humanissime
1428 939 1637 990 quidem,
1661 952 1754 980 non

105 1021 243 1050 secus
270 1021 408 1061 quam
432 1022 539 1050 cum
560 1010 684 1050 dicto
706 1010 755 1050 Ρ.
776 1010 973 1050 Claudio
991 1011 1097 1062 piae
1118 1010 1375 1050 memoriae
1396 1021 1540 1062 agere
1563 1022 1753 1050 consue-

103 1087 252 1130 veram
279 1081 553 1132 admonens,
578 1087 626 1121 ut
647 1081 796 1121 nostri
823 1081 962 1133 (quos
989 1093 1098 1121 suos
1127 1081 1225 1133 ipse
1253 1080 1373 1121 filios
1403 1082 1660 1133 appellitat)
1695 1081 1754 1122 ad

105 1163 154 1192 se
180 1152 324 1192 libere
353 1159 397 1192 et
418 1152 714 1192 familiariter
736 1152 1031 1203 accederent,
1057 1164 1177 1204 quae
1199 1164 1316 1204 opus
1337 1159 1493 1192 essent
1515 1165 1541 1192 a
1572 1164 1621 1192 se
1643 1153 1754 1204 peti-

102 1223 216 1273 tu1·i;
241 1224 364 1275 quod
386 1224 424 1263 si
445 1224 560 1264 nihil
581 1236 699 1276 opus
721 1230 844 1264 esset
864 1230 1043 1275 petere,
1068 1230 1226 1264 tamen
1247 1230 1291 1264 et
1312 1223 1467 1264 Patris
1488 1229 1533 1264 et
1555 1224 1753 1264 aliorum

103 1307 162 1334 ex
189 1295 363 1335 nostris
384 1295 701 1346 praesentiam
722 1301 767 1335 et
789 1295 1148 1335 collocutionem
1169 1295 1255 1335 sibi
1278 1301 1551 1346 pergratam
1568 1306 1753 1347 semper

103 1365 203 1406 sore
230 1366 532 1417 significavit.
569 1366 702 1407 Adeo
734 1372 1008 1407 constanter
1035 1378 1120 1418 pro
1151 1378 1236 1406 sua
1263 1367 1437 1418 pietate
1468 1372 1512 1407 et
1546 1367 1756 1418 ingenita

98 1438 351 1478 clementia
373 1449 460 1477 nos
482 1444 609 1478 amat
632 1437 734 1478 Rex
757 1438 846 1489 ille,
871 1449 958 1478 nec
981 1437 1089 1477 sinit
1107 1438 1214 1477 huic
1234 1438 1434 1489 collegio
1453 1437 1577 1490 quod
1598 1450 1756 1478 neces-

104 1509 281 1548 sarium
302 1515 371 1549 est
393 1509 555 1549 deesse
578 1509 854 1561 quicquam,
878 1509 925 1548 in
948 1509 1144 1549 summis
1171 1509 1280 1549 licet
1300 1515 1368 1549 tot
1390 1509 1615 1549 bellorum
1646 1509 1756 1549 diffi-

103 1580 355 1620 cultatibus
378 1588 421 1620 et
444 1580 803 1632 impedimentis;
830 1580 1002 1631 dignus
1024 1580 1250 1632 profectO,
1271 1581 1347 1620 cui
1363 1586 1463 1620 tota
1481 1579 1693 1621 Societas
1711 1581 1758 1621 in

104 1651 291 1692 Christo
309 1658 527 1703 precetur
549 1663 689 1703 quam
713 1651 899 1703 optime,
921 1663 977 1691 ac
997 1663 1121 1691 nunc
1144 1652 1425 1703 praesertim
1441 1652 1521 1692 ubi
1538 1658 1607 1692 tot
1623 1652 1757 1692 bello-

104 1734 208 1763 rum
224 1723 395 1763 damna
417 1723 464 1763 in
485 1723 685 1763 diversis
707 1735 899 1763 suarum
921 1723 1151 1763 ditionum
1172 1723 1429 1775 provinciis
1451 1724 1686 1764 sustinuit.

182 1793 273 1834 Sed
295 1794 354 1834 ad
376 1794 564 1835 Patrem
588 1795 743 1844 redeo,
768 1794 899 1835 cuius
922 1806 1035 1846 erga
1054 1806 1285 1846 pauperes
1305 1806 1468 1835 curam
1487 1800 1530 1835 et
1558 1794 1757 1835 charita-

103 1870 197 1905 tem
219 1866 298 1905 alii
320 1866 482 1906 mirari
503 1866 687 1906 facilius
709 1878 848 1918 quam
872 1877 960 1917 ego
988 1866 1193 1906 scribere
1223 1866 1414 1917 possim.
1445 1866 1527 1906 Est
1555 1866 1630 1906 hic
1671 1867 1757 1906 fre-

97 1948 248 1988 quens
270 1937 521 1977 admodum
543 1938 678 1977 turba
701 1949 825 1977 nunc
853 1948 1137 1988 pauperum,
1162 1944 1261 1977 tum
1291 1937 1338 1977 in
1367 1938 1623 1987 suburbiis,
1655 1944 1755 1977 tum

101 2008 150 2048 in
184 2008 397 2058 civitate,
431 2009 637 2061 satisque
668 2014 853 2048 constat
884 2010 1143 2060 permultos
1172 2015 1382 2060 egestate
1411 2016 1456 2049 et
1488 2010 1757 2049 calamitate

101 2091 282 2120 summa
306 2080 544 2120 confectos
567 2080 801 2121 interiisse
829 2081 1078 2132 plurimos,
1110 2088 1154 2120 et
1176 2093 1234 2120 ex
1255 2080 1327 2120 his
1349 2081 1466 2120 alios
1488 2080 1663 2132 frigore
1699 2093 1754 2121 ac

98 2152 211 2201 gelu
231 2152 494 2203 impeditos,
519 2153 804 2203 praesertim
825 2152 1052 2203 hispanos
1073 2158 1117 2192 et
1139 2152 1295 2202 Italos,
1326 2164 1419 2192 non
1451 2164 1586 2192 secus
1609 2164 1664 2193 ac
1686 2164 1755 2203 pe-

100 2223 245 2263 cudes
294 2224 595 2273 emorientes‚
635 2224 948 2264 contabuisse.
988 2223 1149 2264 Crevit
1186 2224 1353 2264 horum
1389 2236 1612 2264 numerus
1634 2231 1755 2275 post-

105 2306 244 2346 quam
278 2295 458 2335 cladem
490 2295 810 2335 miserandam
852 2295 1032 2346 accepit
1061 2294 1238 2346 Regius
1268 2295 1314 2334 in
1350 2295 1596 2345 Hungaria
1628 2307 1755 2335 exer-

101 2365 241 2416 citus,
268 2366 399 2406 cuius
420 2367 658 2418 reliquiae,
683 2367 962 2417 praesertim
985 2379 1044 2406 ex
1064 2367 1224 2407 Italica
1246 2367 1452 2417 legione,
1476 2367 1608 2406 triste
1629 2367 1755 2406 dictu

101 2438 266 2487 quales
287 2438 376 2477 huc
398 2437 635 2477 redierint.
660 2437 745 2477 His
767 2438 963 2489 aliisque
986 2449 1092 2478 cum
1115 2450 1329 2489 corpore,
1354 2444 1451 2477 tum
1474 2438 1654 2488 animo,
1680 2450 1755 2478 ve-

77 2502 84 2510 “
104 2508 341 2548 hementer
365 2508 564 2559 afflictis,
589 2521 695 2549 cum
716 2510 870 2549 nullus
891 2509 987 2549 fere
1009 2515 1320 2559 succurreret,
1346 2510 1569 2560 multique
1598 2509 1753 2561 plagis

100 2584 147 2618 et
169 2580 444 2619 vulneribus
467 2581 673 2631 acceptis
701 2581 968 2632 morbisque
997 2581 1094 2620 suis
1121 2592 1214 2620 non
1242 2581 1624 2631 superviverent,
1655 2592 1754 2621 coe-

106 2650 174 2700 pit
195 2649 317 2690 Rflus
340 2650 481 2691 Pater
501 2663 595 2691 non
619 2652 769 2692 solum
789 2652 874 2692 hos
896 2652 1117 2702 invisere,
1141 2652 1250 2691 licet
1272 2652 1437 2702 procul
1458 2651 1691 2702 abessent,
1711 2659 1755 2692 et

101 2722 248 2762 variis
271 2722 316 2762 in
346 2723 461 2762 locis
492 2724 693 2774 neglecti
722 2724 949 2773 iacerent,
986 2723 1067 2763 sed
1096 2723 1238 2763 etiam
1267 2734 1358 2774 quo
1386 2723 1529 2763 tantis
1558 2723 1747 2763 illorum

102 2793 460 2834 necessitatibus
479 2796 757 2844 consuleret,
778 2796 1103 2846 eleemosynas
1121 2793 1297 2834 studuit
1315 2794 1581 2845 corradere,
1602 2795 1751 2834 lectos

100 2875 373 2914 procurare,
398 2866 668 2905 necessaria
696 2865 971 2906 miserrimis
993 2865 1308 2917 suppeditare.
1339 2864 1476 2916 Quod
1504 2871 1658 2905 autem
1693 2866 1751 2905 ad

162 3024 171 3043 ¹
212 3024 448 3053 Ferdinandus
464 3027 488 3059 Ι,
506 3026 737 3054 Romanorum
752 3026 836 3055 Rex.
