2080 3392
874 176 956 212 AN.
989 175 1082 212 1553
1735 174 1803 210 125

161 273 370 325 apprime
392 271 532 312 docti.
558 271 735 312 Diebus
757 272 955 322 festivis,
980 272 1146 324 quibus
1169 277 1357 312 cessant
1379 283 1406 311 a
1427 271 1707 310 lectionibus
1723 283 1801 310 au-

156 343 352 393 diendis,
375 350 550 384 vacant
570 343 741 383 fratres
763 343 970 383 visendis
992 343 1302 383 xenodochiis
1319 348 1364 382 et
1382 342 1669 391 carceribuS,
1690 354 1798 382 con-

158 414 367 456 solandis
401 414 596 455 infirmis
624 421 666 454 et
696 415 887 463 vinctis,
918 414 1254 466 audiendisque
1289 413 1634 466 poenitentibus
1662 413 1801 453 utris-

162 498 264 538 que.
288 485 358 525 Ex
380 485 552 525 vinctis
568 486 860 537 praesertim.
885 497 968 537 per
986 486 1236 525 conciones
1253 485 1484 537 quasdam
1502 485 1561 525 ad
1577 485 1706 536 ipsos
1722 483 1804 524 ha-

161 558 306 606 bitas,
331 557 521 597 adducti
547 563 654 597 sunt
683 557 874 609 quidam
909 556 968 596 ad
990 556 1348 606 confessionem,
1374 557 1451 608 qui
1472 556 1737 607 duodecim,
1761 563 1806 595 et

161 628 302 668 etiam
321 628 676 679 quatuordecim
698 640 846 668 annos
868 639 973 667 eam
996 628 1268 667 omiserant.
1301 628 1485 667 Eorum
1508 627 1651 668 etiam
1671 627 1805 667 liber-

158 703 239 739 tas
258 703 477 748 curatur,
498 705 722 750 quantum
745 711 826 751 per
849 698 1183 750 occupationes
1212 698 1329 738 alias
1360 698 1590 739 fratribus
1620 699 1806 750 permit-

164 771 289 810 titur.
328 770 422 810 Alii
456 777 630 810 vacant
666 770 889 811 docendis
924 771 1083 822 pueris
1120 769 1427 810 christianam
1463 770 1730 810 doctrinam
1762 770 1808 809 in

163 842 350 882 ruribus
371 846 414 882 et
428 843 581 893 pagis
603 842 711 882 huic
734 842 917 882 civitati
938 842 1124 882 vicinis.

243 913 422 953 Tantus
444 920 513 953 est
534 913 930 953 scholasticorum
952 924 1237 963 concursus,
1270 913 1349 964 qui
1379 912 1438 952 ad
1466 911 1810 952 confessionem

166 991 210 1025 et
233 996 418 1024 sacram
442 985 820 1024 communionem
842 984 1189 1036 suscipiendam
1214 983 1463 1033 accedunt,
1483 990 1532 1023 ut
1549 983 1687 1023 facile
1705 995 1810 1022 con-

166 1056 307 1096 iicere
333 1056 487 1108 possis
514 1056 563 1095 in
591 1056 658 1095 eis
690 1067 888 1107 magnos
921 1055 1187 1096 animarum
1220 1056 1400 1095 fructus
1428 1055 1475 1095 in
1504 1055 1603 1095 dies
1630 1055 1809 1105 augeri.

166 1127 203 1167 F
207 1127 498 1167 oeminarum
519 1127 840 1166 confessiones
861 1127 1015 1167 rarius
1038 1127 1267 1177 audimus3
1292 1127 1442 1166 maior
1471 1126 1595 1166 enirn
1622 1132 1743 1166 esset
1766 1126 1812 1165 in

166 1198 283 1249 ipsis
304 1197 548 1238 audiendis
571 1199 818 1250 occupatio
840 1210 980 1250 quam
1002 1210 1087 1249 pro
1106 1197 1406 1238 sacerdotum
1424 1209 1635 1247 numero;
1656 1209 1812 1249 quam-

169 1280 309 1320 quam
330 1269 607 1320 quibusdam
637 1281 750 1321 prae
777 1270 987 1321 ipsarum
1018 1269 1308 1320 flagitatione
1338 1269 1550 1309 auditum
1577 1268 1813 1319 denegare

171 1352 265 1380 non
294 1352 557 1392 possumus.
588 1340 760 1380 Vocati
787 1352 927 1392 saepe
955 1341 1247 1381 occurrimus
1276 1340 1542 1381 animandis
1570 1341 1813 1380 consolan-

169 1412 334 1463 disque
355 1412 442 1462 his,
467 1412 545 1464 qui
567 1412 613 1452 in
635 1413 860 1452 extremis
881 1419 989 1453 sunt
1012 1413 1253 1453 constituti
1272 1424 1279 1463 3
1305 1424 1395 1464 qua
1426 1424 1476 1452 re
1503 1412 1691 1452 videtur
1721 1423 1813 1451 ma-

172 1483 296 1523 xime
318 1483 548 1523 concitari
568 1484 726 1534 populi
747 1483 949 1524 devotio.
974 1483 1270 1524 Conveniunt
1292 1484 1485 1534 insuper
1502 1482 1563 1522 ad
1581 1494 1667 1522 nos
1684 1482 1817 1521 multi

169 1561 361 1606 propter
383 1555 675 1606 spiritualem
698 1555 1187 1595 communicationem.
1214 1554 1355 1595 Pater
1378 1554 1581 1594 Ioannes
1609 1553 1817 1594 Alvarez

171 1632 214 1665 et
235 1625 426 1677 quidam
447 1632 608 1666 noster
633 1626 801 1676 frater,
831 1626 908 1678 qui
938 1638 1060 1666 anno
1089 1626 1306 1678 proximo
1339 1625 1529 1666 fuerunt
1558 1624 1814 1674 Granatae,

168 1697 263 1737 iam
284 1697 343 1736 ad
364 1709 449 1736 nos
470 1698 651 1737 reversi
672 1704 795 1747 sunt,
821 1709 847 1737 a
869 1698 1036 1749 quibus
1064 1698 1401 1749 cognovimus,
1426 1708 1567 1749 quam
1596 1696 1819 1736 ardenter

172 1769 363 1819 cupiant
385 1776 695 1819 granatenses
717 1769 886 1809 habere
907 1769 1030 1821 apud
1053 1781 1102 1809 se
1124 1770 1305 1821 aliquos
1329 1781 1387 1809 ex
1409 1768 1600 1809 nostris.
1624 1768 1727 1808 Hoc
1744 1779 1818 1818 pe-

172 1841 244 1880 tiit
264 1841 601 1881 instantissime
623 1841 933 1891 gubernator,
958 1841 1302 1893 archiepiscopi
1332 1840 1638 1892 granatensis
1665 1840 1821 1879 locum

174 1917 352 1961 tenens,
376 1919 420 1951 et
442 1913 520 1951 alii
542 1924 763 1963 proceres
785 1925 839 1952 ac
863 1913 992 1952 cives
1013 1913 1255 1964 proposita
1284 1924 1365 1963 spe
1397 1912 1592 1952 maximi
1622 1911 1817 1951 fructus.

173 1983 335 2034 Neque
366 1983 412 2023 id
440 1985 590 2023 solum
618 1984 774 2024 verbis
797 1985 878 2024 sed
903 1985 1040 2024 rebus
1063 1985 1203 2024 etiam
1223 1990 1402 2036 petunt:
1435 1983 1675 2024 donavere
1698 1983 1821 2022 enim

177 2054 270 2094 iam
292 2055 482 2106 quidam
503 2061 547 2094 et
576 2055 784 2095 obtulere
814 2055 892 2095 alii
921 2062 1147 2107 quantum
1177 2055 1235 2095 ad
1263 2055 1563 2095 sustinendos
1592 2065 1681 2094 nos
1713 2053 1823 2104 (sic)

169 2131 356 2177 paucos
375 2126 545 2166 fratres
567 2127 776 2176 sufficiet3
800 2139 909 2167 nam
931 2127 1070 2167 Pater
1092 2126 1267 2167 Sancta
1291 2127 1427 2178 Cruz,
1455 2127 1533 2178 qui
1552 2132 1622 2166 est
1642 2125 1824 2166 Conim-

178 2197 351 2246 bricae,
376 2204 419 2237 et
441 2197 630 2249 quidam
653 2199 751 2238 eius
773 2198 933 2247 frater,
959 2200 1036 2250 qui
1070 2198 1311 2239 Granatae
1339 2198 1495 2249 degit,
1529 2197 1825 2237 donaverunt

176 2268 270 2308 iam
292 2268 351 2308 ad
374 2268 462 2308 hoc
484 2281 566 2320 per
588 2270 820 2321 publicum
840 2271 1236 2320 instrmnentmn,
1254 2269 1379 2321 quod
1400 2269 1458 2309 ad
1476 2281 1562 2309 nos
1581 2269 1824 2317 miserunt,

179 2340 365 2380 domum
389 2341 657 2390 quamdam,
682 2353 802 2392 quae
824 2342 1005 2382 duobus
1027 2342 1152 2381 mille
1169 2342 1450 2381 ducatorum
1472 2340 1763 2387 aestimatur,
1784 2344 1827 2378 et

178 2422 348 2450 census
366 2412 595 2462 quosdam
613 2419 878 2463 perpetuos:
901 2413 979 2452 alii
997 2424 1111 2453 vero
1129 2413 1221 2452 alia
1238 2412 1516 2464 promisere,
1536 2412 1625 2450 hac
1645 2416 1828 2450 tantum

180 2483 307 2533 lege,
336 2489 385 2522 ut
413 2483 503 2522 sint
532 2483 772 2524 Granatae
800 2484 941 2535 aliqui
971 2496 1031 2524 ex
1061 2485 1278 2524 Patribus
1311 2483 1575 2524 Societatis.
1609 2481 1828 2522 Nondum

182 2553 418 2603 potuimus
440 2554 592 2594 adhuc
615 2555 869 2606 quicquam
897 2556 1011 2595 certi
1037 2556 1326 2607 respondere
1359 2560 1554 2606 propter
1584 2552 1828 2593 mittendo-

180 2635 286 2664 rum
307 2624 507 2664 fratrum
529 2626 790 2676 penuriam;
814 2627 953 2677 pauci
974 2627 1097 2667 enim
1114 2626 1190 2666 hic
1208 2637 1384 2675 sumus,
1407 2631 1456 2665 ut
1476 2626 1570 2664 iam
1592 2625 1745 2675 retuli,
1766 2624 1828 2665 fu-

183 2695 276 2735 turi
298 2695 396 2735 sine
419 2696 557 2735 dubio
579 2698 736 2747 plures
758 2697 796 2736 si
815 2709 973 2738 rerum
999 2704 1266 2750 suppeteret
1296 2708 1426 2736 usus.
1456 2695 1579 2737 Sunt
1601 2696 1725 2736 enim
1756 2695 1831 2735 hic

184 2766 328 2806 multa
351 2773 396 2806 et
413 2767 560 2806 literis
581 2774 625 2807 et
646 2767 782 2809 bonis
804 2769 1011 2809 moribus
1032 2770 1146 2809 satis
1168 2775 1278 2820 apta
1301 2767 1512 2819 ingenia,
1533 2779 1653 2819 quae
1672 2768 1732 2807 ad
1749 2779 1829 2806 no-

183 2842 333 2877 stram
364 2838 638 2878 societatem
675 2840 909 2880 anhelant.
942 2839 1167 2892 Suppleat
1195 2839 1425 2879 Dominus
1457 2839 1662 2890 benigna
1690 2839 1831 2888 largi-

186 2914 282 2948 tate
304 2920 388 2949 sua
412 2910 581 2959 omnia,
607 2922 726 2961 quae
748 2910 929 2960 desunt,
955 2923 1008 2951 eo
1026 2918 1164 2963 pacto
1183 2923 1271 2962 quo
1288 2910 1443 2962 magis
1463 2909 1521 2951 ad
1537 2910 1740 2962 gloriam
1761 2911 1833 2950 sui

187 2980 476 3020 sanctissimi
497 2981 699 3020 nominis
720 2982 852 3022 novit
880 2983 1129 3034 pertinere.
