2080 3392
288 183 362 220 002
796 179 1022 216 LITTERAE
1049 189 1407 221 QUADRIMESTRES

286 278 459 318 Christi
481 287 651 326 corpus
673 275 801 314 adire
822 286 916 314 non
936 280 1169 314 vereatur.
1195 273 1301 313 Alia
1323 278 1528 325 quoque,
1550 275 1597 314 in
1628 275 1790 315 eodem
1817 287 1912 316 sce-

285 350 379 388 lere
401 347 648 386 nonnullos
670 356 818 384 annos
850 349 1064 393 versata,
1100 355 1206 383 cum
1234 344 1327 383 iam
1352 345 1419 383 rei
1447 344 1780 395 turpitudinem
1814 357 1913 386 coe-

286 419 430 470 pisset
452 417 845 465 animadvertere,
870 421 1000 455 tanto
1022 415 1209 466 pietatis
1239 415 1390 454 studio
1413 414 1497 454 fuit
1527 414 1721 466 affecta,
1744 421 1815 464 ut,
1847 427 1914 456 er-

287 495 497 528 ratorum
518 499 708 526 suorum
731 486 869 526 venia
891 497 973 537 per
996 485 1336 525 confessionem
1358 485 1605 536 impetrata
1624 518 1631 536 ,
1656 486 1916 545 castissime

285 560 334 599 in
357 564 595 609 posterum
626 557 841 597 statuerit
868 556 1053 596 Christo
1084 556 1259 595 vivere.
1296 555 1495 596 Accedit
1530 562 1573 596 et
1606 557 1743 607 virgo
1779 569 1914 608 quae-

286 630 417 678 dam,
441 640 581 679 quam
602 639 707 667 cum
730 628 868 667 homo
890 627 1249 666 scelestissimus
1282 626 1338 666 ab
1360 626 1481 666 illius
1501 632 1655 677 patre,
1692 639 1782 678 quo
1810 639 1915 667 con-

284 700 382 751 iugi
414 711 526 739 suae
558 699 825 749 inserviret,
869 698 1188 749 impetrasset,
1231 697 1558 737 scelestissime
1592 698 1804 738 violavit.
1847 699 1918 739 Ex

283 782 376 823 quo
399 782 505 810 cum
526 769 670 809 filium
691 769 1005 819 concepisset,
1041 773 1091 808 ut
1110 773 1300 819 partum
1322 769 1517 818 celaret,
1542 774 1709 819 parata
1731 774 1833 809 erat
1854 769 1917 808 in-

284 842 460 882 fantem
481 852 731 892 exponere,
755 840 803 879 ni
825 839 1032 879 eiusdem
1053 850 1258 879 noverca
1279 844 1408 879 tanto
1430 839 1596 878 sceleri
1618 839 1912 890 occurrisset,

286 924 482 964 eumque
504 912 657 963 ipsum
679 911 726 951 in
745 912 898 950 lucem
919 915 1160 961 receptum
1178 910 1236 949 ad
1257 909 1599 949 xenodochium
1621 909 1920 949 deferendum

286 989 513 1024 curasset.
537 982 600 1022 At
630 983 719 1022 hoc
741 982 935 1021 subinde
964 981 1120 1020 levata
1142 992 1304 1031 onere,
1328 980 1557 1031 flagitium
1584 986 1918 1032 perpetratum,

287 1053 501 1106 quodque
541 1053 768 1092 habuerat
808 1052 854 1092 in
890 1053 1059 1101 animo,
1103 1050 1288 1090 assidue
1329 1052 1614 1102 multumque
1654 1051 1918 1102 deplorans,

286 1136 400 1165 suae
439 1124 584 1175 ipsius
624 1123 807 1163 animae
847 1122 1044 1162 salutem
1084 1121 1208 1172 apud
1245 1133 1331 1161 nos
1370 1120 1633 1161 confitendo
1671 1122 1919 1173 quaesivit,

287 1207 434 1247 eoque
455 1195 643 1246 pietatis
666 1193 998 1244 religionisque
1020 1192 1232 1243 devenit,
1269 1198 1318 1231 ut
1340 1193 1525 1243 deinde,
1549 1204 1691 1244 opera
1713 1192 1919 1243 Patrum,

287 1266 564 1306 coenobium
603 1265 950 1306 Conversarum
985 1263 1221 1314 ingressa,
1252 1263 1399 1303 vitam
1433 1263 1703 1314 profiteatur
1738 1263 1918 1313 religio-

288 1349 403 1377 sam.
424 1336 557 1376 Duae
578 1336 737 1375 itidem
760 1335 900 1385 aliae,
924 1335 1071 1374 variis
1093 1334 1346 1374 sceleribus
1367 1335 1584 1385 pollutae,
1609 1346 1714 1373 cum
1736 1345 1922 1373 sacram

287 1408 411 1460 apud
439 1419 526 1448 nos
557 1407 900 1447 confessionem
935 1406 1263 1457 degustassent
1294 1405 1705 1456 venerandumque
1740 1416 1922 1456 semper

292 1479 454 1519 altaris
474 1485 822 1519 sacramentum
843 1477 1172 1528 sumpsissent,
1198 1477 1264 1516 sic
1295 1476 1342 1516 in
1368 1476 1555 1527 pietatis
1584 1475 1737 1516 studio
1768 1475 1917 1527 profe-

289 1557 475 1598 cerunt,
510 1556 579 1596 ut,
609 1549 896 1588 vanitatibus
927 1548 1102 1588 saeculi
1122 1548 1257 1587 huius
1280 1547 1601 1598 illecebrisque
1624 1547 1919 1598 contemptis,

289 1620 504 1671 religioni
526 1632 574 1659 se
604 1619 897 1659 decreverint
929 1630 1228 1665 consecrare,
1253 1619 1497 1669 locumque
1529 1618 1755 1658 hactenus
1783 1618 1922 1658 vesti-

290 1697 473 1743 garent,
498 1703 588 1742 quo
609 1691 790 1742 possint
813 1690 858 1730 id
887 1691 1039 1741 ipsum
1066 1695 1322 1740 praestare.
1356 1688 1598 1739 Quaedam
1630 1689 1766 1728 huius
1796 1689 1923 1729 urbis

292 1769 508 1802 matrona
530 1774 587 1801 ex
608 1761 864 1813 primariis,
890 1773 994 1801 cuni
1015 1761 1211 1800 multum
1242 1766 1379 1800 antea
1410 1760 1634 1811 temporis
1665 1772 1758 1800 non
1786 1760 1923 1800 fuerit

291 1833 520 1882 confessa,
545 1832 910 1872 bacchanalibus
942 1832 1069 1883 ipsis,
1093 1831 1252 1871 divino
1282 1831 1453 1870 adflata
1480 1831 1689 1881 numine,
1714 1831 1822 1871 dum
1845 1831 1924 1871 alii

291 1904 430 1955 genio
460 1903 714 1955 impensius
741 1914 934 1954 operam
964 1902 1151 1953 darent,
1175 1912 1284 1941 ecce
1321 1908 1527 1941 veterem
1561 1902 1722 1941 statuit
1751 1913 1923 1941 exuere

293 1975 550 2024 hominem,
573 1975 764 2014 induere
785 1985 983 2023 novum,
1007 1972 1063 2012 de
1084 1973 1180 2012 suis
1211 1973 1424 2023 protinus
1455 1972 1664 2013 confiteri
1697 1973 1919 2024 peccatis,

293 2058 349 2086 ac
370 2045 594 2097 postridie
616 2045 737 2084 illius
759 2044 851 2084 diei
870 2055 1058 2084 sacrum
1081 2043 1254 2083 Christi
1277 2055 1446 2095 corpus
1468 2044 1541 2094 pie
1564 2052 1768 2091 sumere3
1800 2044 1923 2095 quod

293 2116 481 2168 quidem
508 2116 595 2155 Dei
623 2114 848 2155 beneficio
877 2114 1043 2154 effecit.
1072 2113 1270 2154 Accedit
1297 2120 1340 2153 et
1369 2114 1460 2154 alia
1489 2126 1630 2165 quae,
1663 2120 1712 2154 ut
1736 2115 1923 2165 generis

292 2187 539 2239 splendore
569 2188 712 2226 multo
744 2185 972 2236 superior,
1001 2185 1069 2224 ita·
1097 2186 1341 2236 praeclaro
1370 2185 1571 2236 quodam
1602 2184 1812 2225 facinore
1843 2197 1920 2237 pa-

292 2265 415 2298 trato
436 2259 574 2308 longe
596 2257 911 2297 venerabilior
932 2256 1191 2296 existimari
1212 2262 1377 2307 potest.
1401 2255 1520 2295 Nam
1542 2268 1647 2296 cum
1675 2262 1719 2296 et
1746 2256 1919 2296 confes-

293 2330 472 2369 sionem
494 2336 537 2368 et
560 2327 936 2368 communionem
956 2338 1292 2378 nonnunquam
1317 2326 1529 2377 adiisset,
1562 2327 1625 2366 ita
1653 2332 1723 2366 est
1751 2326 1923 2367 Christi

292 2400 447 2451 gratia
469 2399 655 2448 affecta,
680 2406 729 2438 ut
751 2398 917 2448 quibus
938 2408 1042 2436 eam
1063 2397 1260 2437 maritus
1289 2398 1498 2448 coegerit
1525 2397 1766 2447 indulgere
1794 2397 1921 2437 vani-

293 2471 482 2521 tatibus,
506 2470 670 2509 iisdem
692 2476 735 2508 et
757 2474 970 2508 coactam
998 2479 1195 2508 uxorem
1225 2474 1269 2507 et
1297 2468 1598 2519 impulsorem
1628 2468 1803 2519 ipsum,
1834 2469 1922 2507 hoc

292 2548 364 2581 est
401 2542 640 2590 maritum,
678 2540 891 2580 Christus
924 2539 1061 2591 plane
1099 2539 1327 2589 liberarit,
1372 2538 1666 2578 effundendis·
1696 2539 1922 2589 siquidem

294 2612 510 2663 precibus
543 2617 673 2651 tanta
708 2610 792 2650 fuit
829 2616 968 2661 capta
1001 2609 1244 2649 dulcedine
1279 2609 1524 2659 orationis,
1555 2614 1604 2649 ut
1640 2620 1758 2660 quae
1788 2621 1919 2649 orna-

294 2689 450 2722 menta
471 2689 679 2733 gestaret
710 2681 899 2721 auribus
931 2691 1159 2731 appensa,
1189 2680 1275 2719 sibi
1304 2685 1494 2731 repente
1525 2680 1801 2729 detraxerit,
1828 2691 1919 2719 ser-

294 2765 474 2804 vaeque
497 2753 681 2793 cuidam
702 2752 845 2802 fideli,
868 2751 1082 2791 Patribus
1109 2751 1282 2790 nostris
1303 2750 1454 2790 subito
1483 2750 1790 2790 eleemosinae
1815 2761 1919 2801 gra—

293 2824 358 2863 tia
397 2823 667 2873 deferenda,
710 2822 975 2871 tradiderit,
1013 2833 1068 2860 ac
1108 2820 1302 2860 subinde
1341 2821 1559 2860 maritum
1599 2820 1657 2860 ad
1692 2820 1919 2860 orandum

295 2905 478 2945 quoque
500 2893 774 2944 compulerit
808 2893 966 2932 verius
999 2903 1139 2942 quam
1166 2891 1421 2931 induxerit:
1449 2892 1685 2942 multaque
1711 2891 1802 2930 alia
1830 2902 1919 2930 me-

294 2971 479 3004 moratu
501 2965 640 3014 digna
664 2963 755 3003 dici
776 2968 985 3014 possent,
1015 2973 1133 3013 quae
1159 2961 1404 3001 brevitatis
1433 2972 1575 3000 causa
1604 2960 1757 3012 potius
1789 2961 1919 3000 omit·
