2080 3392
247 182 317 220 606
758 177 983 213 LITTERAE
1010 184 1367 218 QUADRIMESTRES

329 309 679 361 Smperscmptio
696 309 744 348 z'n
763 311 934 359 quarta
944 306 1151 357 pagina:
1172 279 1283 345 IIIIS.
1308 303 1368 344 Al
1383 303 1526 344 Molto
1547 302 1647 343 R.d0
1670 303 1717 343 in
1733 303 1872 344 Chro.

251 382 400 422 Padre
420 381 451 420 il
470 380 519 420 P.
543 380 627 420 M.0
655 380 762 419 Don
790 378 972 430 Ignatio
999 377 1198 428 Loyola,
1228 375 1472 426 Preposito
1502 376 1722 424 generale
1755 374 1874 415 della

252 451 541 503 Compagnia
563 451 608 491 di
630 450 786 491 Giesu.

333 521 376 562 A
396 521 560 562 Roma.

333 592 443 632 Alsa
465 604 628 632 mama:
652 591 765 631 1554.
790 591 1004 631 Modena.
1029 589 1117 629 Del
1140 581 1330 639 maggio
1361 587 1603 637 (delettmz)
1624 586 1674 625 27
1696 585 1877 636 Aprile.

253 664 447 704 Emend.

259 1157 508 1185 Praecedentes
529 1157 688 1183 Andreae
704 1156 918 1189 Boninsegna
934 1156 1069 1182 litterae
1085 1162 1105 1182 a
1120 1154 1160 1181 P.
1176 1154 1334 1187 Polanco,
1356 1153 1553 1187 priusquam
1574 1151 1887 1179 transcriberentur

494 1214 527 1237 et
543 1209 771 1244 transcriptae
788 1209 820 1235 in
836 1208 1018 1235 Societatis
1035 1208 1148 1234 domos
1163 1207 1392 1239 mitterentur,
1408 1205 1608 1232 emendatae
1626 1207 1646 1231 ¹.

1039 1403 1122 1455 jhs

345 1618 510 1658 Gratia
532 1624 576 1657 et
596 1629 690 1668 pax
712 1616 898 1657 Christi.

344 1688 541 1739 Accipe,
564 1688 618 1728 R.
642 1688 690 1728 P.
715 1689 761 1727 in
785 1687 896 1735 (ἰώ,
921 1687 1074 1738 capita
1096 1697 1256 1725 eorum
1277 1685 1540 1733 dumtaxat,
1565 1694 1682 1734 quae
1704 1693 1785 1733 per
1805 1692 1893 1721 nos

265 1760 412 1809 Deus,
437 1771 602 1799 servos
630 1765 734 1798 tuos
764 1758 1000 1807 minimos,
1034 1762 1234 1808 quatuor
1263 1756 1393 1796 hisce
1423 1753 1657 1795 mensibus
1685 1751 1896 1804 proxime

266 1831 517 1870 transactis
539 1830 724 1881 operari
745 1835 814 1869 est
837 1829 1071 1879 dignatus.

347 1901 464 1941 Cum
484 1901 715 1940 innumeri
737 1900 795 1939 ad
816 1911 901 1939 nos
921 1899 1135 1938 venerint
1157 1897 1431 1937 confitentes
1453 1895 1674 1945 verbique
1703 1892 1792 1933 Dei
1822 1904 1898 1931 au-

267 1972 584 2023 ditores‚,non
618 1977 775 2010 tamen
809 1976 1079 2021 superatum
1106 1969 1248 2009 fuisse
1278 1978 1442 2007 sexum
1470 1965 1760 2015 muliebrem,
1794 1974 1901 2002 cum

265 2042 586 2093 magnitudine
622 2042 873 2091 scelerum,
913 2047 1009 2080 tum
1039 2039 1325 2091 poenitentia
1358 2037 1628 2077 eorumdem
1654 2035 1900 2085 fructuque

268 2114 531 2154 animarum
566 2124 771 2152 suarum.
809 2112 975 2152 Mulier
1009 2111 1260 2162 quaedam,
1293 2109 1462 2149 marito
1497 2107 1682 2156 relicto,
1717 2105 1902 2145 cuidam

269 2185 469 2224 amatori
490 2184 685 2235 turpiter
702 2183 930 2233 adhaesit,
949 2188 998 2222 ut
1016 2182 1091 2221 vel
1108 2181 1301 2231 triginta
1318 2186 1441 2219 totos
1458 2190 1607 2218 annos
1623 2189 1716 2217 non
1732 2175 1902 2227 pudue-

268 2256 329 2296 rit
349 2256 396 2295 in
417 2255 644 2295 adulterio
667 2254 864 2304 versari3
888 2253 982 2302 sed,
1003 2264 1057 2292 eo
1080 2252 1268 2292 tandem
1289 2251 1387 2290 vita
1409 2249 1645 2299 defuncto,
1664 2247 1899 2299 poeniten-

270 2327 334 2366 tia
355 2325 691 2377 propemodum
712 2324 971 2364 incredibili
991 2323 1207 2374 perculsa
1224 2321 1389 2361 Patres
1406 2325 1593 2360 nostros
1615 2318 1778 2368 adivit,
1798 2327 1902 2356 cum

272 2397 419 2447 iisque
448 2395 684 2446 confessa,
715 2395 841 2435 vitae
870 2394 959 2434 hoc
985 2404 1135 2444 genus
1162 2391 1547 2432 nefandissimum
1578 2401 1682 2429 cum
1710 2387 1903 2428 sanctis-

273 2468 392 2507 simo
432 2466 761 2514 commutavit,
799 2477 853 2505 ac
889 2464 1049 2516 pietati
1084 2463 1390 2514 religionique
1426 2461 1709 2501 christianae
1748 2459 1815 2498 sic
1856 2469 1904 2497 se

273 2538 584 2589 mancipavit,
613 2543 662 2576 ut
698 2536 973 2576 confiteatur
1008 2535 1196 2586 saepius
1224 2540 1268 2573 et
1296 2532 1493 2572 Sacrum
1521 2530 1695 2572 Christi
1725 2529 1906 2580 Corpus

275 2620 513 2649 assumere
530 2607 628 2659 jam
650 2606 923 2647 assueverit.
948 2605 1056 2645 Alia
1085 2616 1291 2656 quoque,
1324 2604 1370 2643 in
1399 2602 1560 2643 eodem
1591 2602 1767 2641 scelere
1794 2610 1904 2639 non-

274 2680 424 2719 nullos
447 2690 596 2718 annos
615 2683 827 2726 versata,
853 2688 958 2716 cum
975 2675 1070 2726 jam
1092 2675 1158 2715 rei
1187 2673 1520 2725 turpitudinem
1551 2671 1781 2722 coepisset
1810 2670 1904 2709 ani-

276 2749 592 2799 madvertere,
626 2754 755 2788 tanto
786 2747 972 2799 pietatis
1007 2745 1159 2786 studio
1194 2745 1278 2785 fuit
1313 2744 1502 2794 affecta,
1537 2748 1609 2793 ut,
1645 2747 1906 2781 erratorum

278 2831 467 2860 suorum
489 2819 628 2859 venia
649 2830 731 2870 per
762 2817 1102 2858 confessionem
1132 2816 1402 2867 impetrata,
1435 2813 1728 2854 sanctissime
1757 2811 1804 2851 in
1830 2822 1906 2861 po-

334 2977 343 2997 ¹
384 2978 631 3011 Apographum
645 2977 677 3004 in
693 2977 770 3004 solio
787 2976 920 3010 duplici,
932 2983 986 3003 nn.
1003 2975 1053 3002 125
1067 2980 1100 3002 et
1118 2975 1177 3001 126.
