2080 3392
850 159 932 197 AN.
964 159 1055 197 1553
1707 159 1781 197 333

129 271 223 299 non
258 262 513 309 occupetur
545 256 745 308 penitus,
777 256 892 297 Sunt
925 257 1049 297 enim
1083 257 1258 308 aliquot
1293 257 1341 297 in
1376 256 1548 296 scholis
1584 255 1775 307 assidui,

130 340 329 382 quorum
348 328 501 379 labor,
526 334 576 368 ut
597 339 818 379 magnus,
841 328 906 368 ita
928 334 1055 368 certe
1083 340 1178 368 non
1207 328 1382 368 irritus.
1408 327 1623 378 Augetur
1653 327 1777 366 enim

131 407 175 442 et
202 400 539 451 discipulorum
566 399 613 439 in
646 399 845 439 virtutes
877 399 1106 450 studium,
1145 405 1189 439 et
1222 399 1270 439 in
1302 399 1468 439 litteris
1498 398 1565 438 sic
1595 409 1778 449 promo—

131 477 243 512 vent
275 478 326 512 ut
360 471 594 511 neminem
624 470 852 511 hactenus
883 470 1059 522 aliquot
1091 482 1276 510 menses
1312 470 1435 522 apud
1469 481 1555 510 nos
1590 469 1778 509 trivisse

131 543 436 594 poenituerit,
469 541 777 593 effectumque
813 546 883 581 est
914 547 964 582 ut
993 541 1174 581 maiora
1208 541 1264 581 ab
1296 542 1384 581 hoc
1414 540 1665 581 Societatis
1700 552 1779 580 no-

131 620 258 654 strae
289 613 488 663 collegio
519 612 688 652 civitas
719 612 945 652 beneficia
976 618 1021 652 et
1055 612 1253 663 recipiat
1284 618 1329 652 et
1357 618 1528 664 speret.
1562 611 1659 652 Nec
1693 623 1779 652 sua

130 697 212 737 spe
232 683 436 734 ludetur,
462 683 648 735 opinor,
675 683 714 723 si
736 682 866 724 Deus
890 695 1084 723 suorum
1105 690 1305 723 conatus
1328 683 1614 724 secundarit.

211 755 359 796 Actus
381 761 450 795 est
471 755 601 795 hisce
621 753 957 795 Penthecostes
977 754 1108 795 festis
1131 766 1157 794 a
1179 756 1335 806 pueris
1358 755 1541 806 publice
1563 755 1780 807 dialogus

131 828 177 867 in
198 827 461 868 studiorum
482 826 693 877 laudem,
718 826 944 866 carmine.
967 825 1171 866 Habitae
1200 832 1309 865 sunt
1340 832 1385 865 et
1413 827 1590 878 aliquot
1612 826 1779 867 oratio-

131 910 227 939 nes.
271 897 407 949 Quod
444 897 530 937 fuit
569 897 727 937 multis
767 897 1093 948 gratissimum
1133 904 1178 937 et
1213 897 1426 938 omnibus
1463 898 1779 948 admirationi;

126 969 315 1022 jamque
336 969 473 1009 desiit
495 969 614 1009 inter
635 969 808 1019 vulgus
836 968 993 1019 opinio
1023 968 1255 1020 quaedam
1282 969 1516 1020 grassari,
1547 969 1659 1009 nulli
1686 980 1781 1008 ma-

130 1042 204 1093 gis
225 1053 367 1093 quam
397 1040 501 1080 urbi
533 1040 637 1092 ipsi,
672 1040 710 1080 si
739 1040 976 1091 durasset,
1002 1039 1243 1080 offectura.
1269 1040 1383 1080 Erat
1413 1046 1567 1080 autem
1596 1051 1781 1080 morum

131 1112 517 1153 reformationem
549 1118 977 1164 quantamcumque
1006 1124 1033 1151 a
1064 1111 1311 1160 societate,
1344 1123 1439 1152 non
1472 1112 1653 1151 litteras
1680 1123 1779 1163 spe-

131 1183 306 1224 randas
334 1195 452 1223 esse.
485 1182 724 1223 Laudetur
746 1183 785 1223 is
807 1183 999 1234 ubique,
1032 1183 1111 1235 qui
1138 1183 1265 1223 vires
1298 1189 1342 1223 et
1373 1183 1568 1223 contulit
1605 1189 1649 1223 et
1689 1183 1780 1222 col-

130 1257 310 1296 laturus
331 1260 400 1295 est
422 1254 644 1304 maioreS‚
670 1254 708 1294 si
731 1255 848 1294 tales
869 1266 956 1294 nos
977 1254 1353 1306 praebuerimus,
1380 1255 1543 1306 quales
1568 1254 1658 1294 hoc
1686 1265 1782 1294 mu-

130 1338 219 1366 nus
240 1325 490 1366 desiderat.
514 1324 612 1365 Nec
640 1326 790 1365 solum
820 1325 1051 1366 Dominus
1084 1325 1285 1366 fratrum
1315 1338 1459 1378 opera
1488 1338 1638 1366 novos
1668 1337 1784 1366 suae

131 1397 300 1438 vineae
340 1397 558 1449 palmites
598 1396 748 1448 fovet,
787 1397 971 1449 illisque
1011 1396 1140 1437 addit
1176 1397 1532 1437 incrementum.
1576 1396 1698 1448 Quin
1738 1402 1783 1437 et

130 1468 446 1519 luxuriantes,
476 1467 669 1508 Patrum
690 1474 965 1508 nostrorum
990 1468 1252 1509 ministerio
1273 1474 1427 1520 putat,
1457 1475 1501 1508 et
1532 1468 1588 1508 de
1615 1468 1784 1520 quibus

130 1540 257 1580 nulla
279 1551 386 1592 spes
407 1539 589 1580 fructus
611 1551 713 1580 esse
738 1539 1005 1591 videbatur,
1030 1551 1137 1580 cum
1153 1538 1251 1591 jam
1273 1552 1300 1580 a
1321 1540 1478 1580 multis
1507 1539 1643 1580 annis
1664 1539 1779 1579 nihil

131 1611 444 1652 reddidissent
465 1611 640 1663 vixque
660 1611 819 1651 vitalis
840 1611 1050 1652 humoris
1071 1611 1118 1651 in
1140 1612 1328 1652 surculo
1358 1611 1594 1651 tantillum
1621 1622 1780 1663 super-

131 1689 275 1734 esset,
297 1682 459 1734 largos
477 1681 574 1734 jam
595 1682 711 1723 satis
731 1688 990 1734 proventus
1018 1683 1313 1734 pollicentur.
1337 1683 1395 1723 Et
1415 1683 1596 1723 utinam
1623 1683 1783 1734 plures

132 1754 370 1805 adessent,
403 1754 480 1806 qui
512 1754 795 1806 importunis
823 1754 997 1795 civium
1031 1754 1251 1807 precibus
1281 1761 1472 1806 possent
1504 1754 1618 1795 dare
1648 1754 1780 1794 satis.

213 1825 494 1866 Detinentur
513 1826 601 1866 nri.
626 1825 801 1866 solidos
823 1826 922 1867 dies
944 1827 991 1867 in
1014 1826 1260 1867 audiendis
1289 1825 1662 1866 confessionibus
1683 1832 1782 1866 tum

134 1897 280 1949 domi,
305 1910 396 1950 quo
416 1898 604 1949 plurimi
625 1898 886 1950 confluunt,
911 1898 976 1938 illi
996 1910 1090 1938 non
1110 1899 1336 1950 vulgares
1364 1898 1515 1948 cives,
1547 1904 1645 1938 tum
1666 1897 1785 1937 foris

134 1969 181 2010 in
208 1969 503 2020 carceribUS,
541 1969 873 2021 ptoxodochiis
904 1968 930 2020 ¹,
961 1970 1221 2021 coenobiis,
1256 1969 1455 2021 privatis
1487 1969 1693 2009 aedibus.
1724 1969 1782 2009 Et

105 2030 108 2033 ’
136 2046 233 2081 toto
262 2041 656 2093 quadragesimae
686 2046 895 2093 tempore
924 2041 1114 2082 fuerunt
1145 2041 1553 2093 frequentissimae
1585 2052 1783 2092 occupa-

136 2112 300 2153 tiones.
331 2112 473 2153 Novit
497 2111 628 2153 Deus
657 2119 832 2164 quanta
860 2113 1114 2153 multorum
1141 2113 1365 2163 utilitate,
1398 2112 1476 2164 qui
1507 2113 1573 2152 sic
1605 2111 1784 2152 confes-

137 2183 281 2223 sionis
311 2189 660 2224 sacramentum
692 2183 993 2236 frequentare
1029 2189 1400 2234 consueverant,
1434 2190 1483 2224 ut
1514 2183 1622 2235 quid
1661 2189 1783 2223 esset

138 2255 411 2305 ignorarent
431 2255 590 2306 plane,
615 2260 695 2295 aut
716 2255 756 2295 si
777 2254 1005 2296 adiissent
1027 2255 1301 2306 aliquando,
1328 2266 1477 2294 annos
1493 2254 1639 2294 ferme
1660 2260 1786 2295 totos

137 2326 184 2366 in
204 2325 468 2376 adulteriis,
497 2325 657 2377 furtis,
690 2332 735 2367 et
764 2326 883 2366 odiis
911 2333 955 2367 et
981 2326 1028 2367 id
1057 2337 1210 2377 genus
1241 2326 1515 2367 criminibus
1546 2325 1782 2365 sexcentis

137 2397 382 2437 triverant.
407 2396 540 2436 Multi
560 2397 744 2448 decem,
769 2397 846 2438 alii
877 2397 948 2449 15,
979 2404 1024 2438 et
1053 2397 1107 2438 20
1133 2398 1330 2450 aliquot,
1361 2404 1665 2449 peccatorum
1687 2408 1781 2437 sor-

138 2468 285 2509 didati
320 2480 467 2508 coeno
497 2468 739 2520 vixerant,
771 2469 873 2509 ausi
906 2469 1094 2510 interim
1128 2460 1464 2521 depuratorum
1491 2468 1606 2508 cibis
1634 2468 1780 2509 vesci.

138 2540 195 2581 Et
215 2551 378 2580 omnes
399 2538 665 2591 hujusmodi
686 2540 746 2580 ad
765 2552 852 2580 nos
874 2540 1192 2592 adducuntur,
1217 2540 1273 2581 de
1290 2551 1490 2592 quorum
1517 2540 1668 2580 salute
1685 2538 1784 2591 jam

136 2611 233 2652 fere
254 2611 379 2663 apud
399 2610 612 2651 homines
640 2611 931 2663 desperatur.
964 2611 1091 2663 Quos
1118 2611 1268 2662 Deus,
1301 2617 1442 2663 prout
1469 2610 1568 2662 ejus
1594 2617 1664 2651 est
1694 2611 1783 2651 cle-

138 2683 330 2734 mentia,
355 2682 423 2723 sic
449 2688 608 2722 movet
634 2694 819 2734 omnes,
849 2688 899 2723 ut
928 2683 1043 2723 nihil
1074 2695 1200 2723 nunc
1231 2682 1384 2734 magis
1415 2694 1555 2734 quam
1584 2688 1783 2734 peccata

137 2753 375 2794 horreant.
399 2753 606 2794 Fuerunt
634 2753 830 2805 aliquot,
855 2754 934 2806 qui
961 2766 1012 2794 se
1039 2754 1257 2805 religioni
1284 2753 1522 2794 devovere
1543 2753 1709 2804 velint,
1743 2753 1784 2793 si

136 2824 296 2865 liceret
318 2824 517 2866 admitti.

194 2986 203 3006 ¹
242 2985 692 3014 Xenodochiz's.P0LANc05.
