2080 3392
322 223 369 260 44
834 219 1062 257 LITTERAE
1089 226 1446 260 QUADRIMESTRES

405 319 538 370 Quod
559 324 715 359 autem
736 318 794 357 ad
816 316 1158 356 confessionem
1180 313 1365 363 attinet,
1396 312 1529 352 multi
1555 311 1794 362 utriusque
1814 321 1958 350 sexus

325 389 536 430 confiteri
557 390 704 429 solent
722 400 728 439 3
746 394 887 439 utque
904 387 1060 438 plures
1076 383 1430 432 confiterentur,
1451 382 1721 422 facultatem
1739 380 1959 421 audiendi

326 460 645 500 confessiones
667 471 845 499 summo
868 458 914 498 in
936 457 1106 508 templo
1123 454 1457 495 canonicorum
1473 452 1697 504 suffragio
1716 451 1953 492 consecuti

325 543 498 571 sumus.
530 530 690 582 ltaque
722 529 811 569 loci
837 527 1144 568 commoditas
1177 530 1385 577 praestat
1420 529 1470 563 ut
1506 523 1657 563 isthuc
1690 522 1958 574 frequentes

327 601 584 642 confessuri
604 601 808 640 veniant.
832 600 903 640 EX
925 597 1216 639 confessione
1243 607 1383 647 porro
1415 594 1504 634 duo
1532 593 1652 633 inter
1680 599 1865 633 caetera
1886 592 1963 632 his.

324 672 490 712 litteris
512 671 806 711 inscribenda
829 675 1096 710 occurrunt.
1126 667 1282 707 Primo
1315 665 1532 705 mulieres
1562 664 1811 715 pleraeque
1832 662 1957 702 nobi-

324 743 391 782 les
412 742 770 791 conscientiam,
794 740 987 780 maculis
1014 738 1294 791 praeteritae
1324 737 1449 776 vitae
1481 734 1798 785 denigratam,
1822 744 1958 784 gene-

325 814 437 854 ralis
458 812 764 853 confessionis
784 811 906 851 nitro
929 809 1181 850 candidare
1202 809 1464 848 voluerunt.
1485 806 1598 846 Item
1615 805 1734 844 aliae
1751 804 1960 844 crebrius

326 896 495 924 suasae
534 883 594 923 ad
630 883 793 922 altaris
832 881 1188 922 Sacramentum
1229 878 1472 919 accedunt.
1516 876 1683 916 Mirum
1722 886 1835 915 sane
1874 880 1957 925 est,

326 967 466 1006 quam
488 965 684 1004 magnas
706 953 753 993 in
775 952 873 992 dies
895 951 982 991 hae
1003 950 1388 1002 religiosissimae
1417 948 1650 988 foeminae
1671 946 1818 986 divini
1838 956 1962 985 amo-

326 1026 391 1066 ris
410 1025 622 1065 flammas
644 1024 887 1075 concipere
909 1023 1158 1062 enitantur.

406 1096 618 1137 Secundo
639 1096 742 1135 loco
760 1095 1053 1134 admirantur
1076 1093 1153 1133 alii
1175 1093 1298 1144 quod
1319 1090 1456 1142 hujus
1479 1089 1727 1131 Societatis
1749 1087 1962 1128 sacerdo—

326 1175 396 1208 tes
416 1166 639 1218 pecunias
660 1170 895 1215 recusent,
921 1164 959 1204 si
982 1176 1099 1215 quae
1130 1164 1176 1203 in
1204 1162 1467 1203 mercedem
1499 1160 1764 1201 auditarum
1785 1157 1962 1198 confes-

328 1239 510 1278 sionum
545 1236 823 1286 offeruntur,
857 1242 935 1275 aut
971 1247 1055 1286 pro
1091 1246 1140 1274 re
1176 1234 1335 1274 divina
1370 1231 1585 1272 facienda
1620 1232 1797 1271 nullum
1831 1241 1963 1280 prae-

328 1310 470 1349 mium
492 1309 539 1348 in
561 1309 774 1348 laborum
795 1306 1225 1358 compensationem
1247 1305 1363 1344 adeo
1394 1315 1486 1343 non
1516 1308 1785 1354 expectent,
1809 1306 1858 1340 ut
1878 1310 1964 1339 nec

333 1379 594 1419 admittant.

408 1449 529 1489 Rfius
550 1449 606 1489 D.
631 1448 872 1498 Vicarius,
897 1448 975 1499 qui
1002 1458 1246 1487 sacrarum
1277 1445 1379 1485 Deo
1413 1444 1721 1484 foeminarum
1743 1442 1881 1482 saluti
1903 1446 1965 1481 in-

331 1519 681 1570 columitatique
717 1519 980 1558 animarum
1014 1518 1276 1557 consultum
1312 1515 1484 1565 voluit,
1527 1525 1632 1554 cum
1668 1512 1772 1552 Η,ᾶο
1801 1512 1851 1552 Ρ.
1891 1512 1967 1552 Al-

330 1591 511 1642 phonso
540 1588 548 1607 ¹
584 1589 733 1629 effecit
767 1594 816 1629 ut
851 1588 993 1639 aliqui
1026 1593 1239 1628 nostrum
1272 1586 1362 1626 illis
1394 1585 1678 1637 praedicent.
1717 1583 1969 1635 Speramus

332 1673 435 1701 eam
460 1673 558 1700 rem
592 1671 789 1711 magnos
816 1659 1004 1711 pietatis
1033 1658 1212 1698 fructus
1244 1669 1403 1697 secum
1435 1657 1696 1696 allaturam.
1720 1655 1861 1695 Urbis
1890 1666 1968 1694 vo-

337 1733 490 1771 luntas
512 1733 556 1771 in
578 1738 736 1771 nostra
760 1730 1004 1770 commoda
1031 1730 1146 1769 satis
1168 1740 1400 1780 propensa
1421 1727 1524 1766 Visa
1553 1733 1643 1775 est3
1668 1726 1727 1765 ad
1755 1726 1968 1764 Volunta-

334 1809 426 1842 tem
448 1803 558 1842 illud
579 1802 777 1842 accessit
799 1808 847 1841 ut
869 1800 1099 1852 quaedam
1120 1799 1296 1839 nobiles
1319 1799 1439 1838 inter
1460 1809 1509 1837 se
1530 1802 1790 1836 statuerent
1807 1796 1968 1835 Excel-

336 1874 641 1913 lentissimam
675 1873 853 1912 Ducem
889 1872 902 1890 “²
939 1871 1211 1921 convenire,
1253 1870 1387 1910 nobis
1422 1875 1599 1908 certam
1632 1867 1971 1907 habitationem

336 1950 627 1995 precaturae.
652 1943 895 1994 Templum
916 1942 1148 1993 quoddam
1175 1941 1221 1980 in
1242 1939 1377 1991 hujus
1407 1938 1742 1991 propemodum
1764 1937 1971 1977 civitatis

337 2015 552 2054 umbilico
582 2014 713 2054 nobis
745 2013 978 2053 communi
1006 2024 1125 2052 voce
1154 2012 1496 2057 destinabatur,
1521 2009 1894 2059 destinatumque
1920 2013 1970 2047 ut

337 2097 729 2136 consequeremur
758 2096 871 2124 cura
892 2084 1222 2135 diligentiaque
1244 2082 1389 2122 Ducis
1412 2087 1537 2121 certe
1558 2080 1744 2131 quidem
1772 2091 1866 2118 non
1897 2077 1972 2118 de-

337 2157 435 2196 fuit.
459 2155 550 2196 Sed
572 2156 705 2196 novis
737 2156 964 2195 bellorum
995 2155 1196 2195 motibus
1227 2165 1332 2193 cum
1364 2153 1459 2192 divi
1485 2151 1724 2191 Benedicti
1751 2148 1971 2189 'Monachi

337 2227 620 2266 monasterio
643 2227 944 2277 pellerentur,
978 2226 1068 2265 huc
1100 2225 1485 2274 commigrarunt.
1510 2222 1611 2272 Quo
1635 2227 1803 2261 eventu
1826 2220 1968 2269 cives,

339 2309 534 2349 quorum
556 2297 717 2337 domus
750 2308 803 2336 eo
838 2297 884 2336 in
921 2298 1025 2336 loco
1059 2296 1175 2336 sitae
1205 2301 1334 2344 sunt,
1366 2295 1560 2333 moleste
1590 2293 1750 2332 tulisse
1779 2291 1889 2331 illud
1915 2290 1974 2330 sit

338 2374 613 2419 argumento
649 2368 772 2418 quod
800 2367 1082 2407 affirmarent
1105 2367 1164 2406 ad
1185 2366 1365 2406 Ducem
1385 2370 1547 2404 nostra
1574 2374 1717 2402 causa
1748 2374 1797 2402 se
1824 2362 1973 2401 ituros

338 2439 479 2479 fuisse
511 2439 548 2478 si
576 2450 675 2478 rem
710 2439 942 2489 integram
977 2439 1116 2488 paulo
1151 2443 1258 2477 ante
1296 2435 1644 2487 cognovissent.
1682 2433 1803 2484 Quin
1832 2432 1973 2472 etiam

339 2510 475 2549 audio
495 2521 596 2557 eos,
616 2510 675 2549 ad
691 2521 807 2561 quos
824 2509 935 2548 illud
953 2509 1174 2560 templum
1190 2507 1471 2559 pertinebat,
1493 2505 1709 2555 indignos
1727 2504 1900 2544 dixisse
1921 2514 1970 2542 se

340 2581 416 2630 qui
436 2592 462 2619 a
485 2580 584 2620 Deo
610 2581 691 2620 tali
712 2592 902 2620 munere
924 2579 1225 2619 donarentur.
1257 2578 1499 2628 Quaedam
1528 2576 1695 2615 nobilis
1722 2580 1938 2614 matrona
1959 2571 1972 2590 ⁵

341 2651 399 2689 ab
440 2651 539 2701 ipso
574 2651 801 2701 principio
837 2657 967 2690 tanto
1004 2662 1162 2690 amore
1196 2660 1282 2689 nos
1319 2660 1480 2688 Omnes
1516 2648 1759 2698 complexa
1794 2652 1885 2693 est,
1923 2650 1973 2683 ut

339 2727 529 2760 nostrae
569 2722 833 2771 paupertati
869 2733 1003 2771 opem
1044 2720 1227 2760 tulerit:
1266 2726 1404 2770 atque
1441 2720 1487 2758 in
1522 2718 1621 2758 dies
1654 2717 1803 2757 maior
1839 2716 1885 2755 in
1919 2726 1972 2754 ea

395 2877 404 2896 ¹
448 2876 482 2903 P.
500 2877 695 2911 Alphonsus
712 2878 900 2905 Salmeron.

393 2924 406 2942 ⁴2
446 2924 615 2951 Eleonora
631 2925 669 2951 de
687 2925 825 2957 Toledo,
840 2925 1036 2952 Florentiae
1052 2925 1211 2959 Ducissa;
1225 2925 1296 2960 ejus
1311 2925 1466 2957 maritus,
1483 2924 1522 2951 de
1538 2930 1601 2957 quo
1614 2923 1685 2957 jam
1699 2921 1896 2956 saepissime
1912 2919 1973 2946 fuit

339 2978 461 3002 sermo,
478 2977 551 2998 erat
569 2971 707 2998 Cosmus
723 2972 736 2998 Ι
752 2973 790 2998 de
806 2972 953 2999 Medicis.

393 3018 407 3037 5
445 3018 589 3046 Domina
603 3019 711 3046 Maria
727 3019 765 3045 de
785 3018 902 3046 Gondi.
917 3019 1082 3052 Potmco,
1100 3021 1119 3046 l.
1137 3027 1175 3052 c.,
1191 3027 1222 3046 n.
1238 3020 1299 3046 246.
