2080 3392
874 210 959 248 AN.
991 209 1083 248 1554
1732 206 1799 242 551

159 311 295 364 Jesu,
319 315 370 350 ut
391 310 505 360 scis,
528 309 752 350 sacerdos
775 309 904 349 solus
925 308 1117 348 relictus
1138 317 1264 354 sum,
1299 316 1460 344 omnes
1488 302 1640 343 audiri
1673 302 1799 342 nullo

159 381 298 422 modo
319 387 532 433 possent,
558 386 866 432 quapropter,
890 386 940 420 ut
962 378 1086 420 scias
1106 371 1345 418 Antistitis
1367 376 1454 415 nri.
1481 375 1489 393 ¹
1522 374 1801 415 charitatem

161 458 301 505 atque
324 452 488 492 salutis
510 453 775 492 animarum
796 452 948 491 zelum
980 462 1073 490 non
1104 449 1258 489 minus
1290 447 1477 500 quidem
1514 446 1595 486 sed
1624 446 1670 485 in
1701 444 1801 485 dies

161 524 315 575 magis
336 523 581 575 magisque
604 523 787 574 augeri,
812 535 871 563 ex
902 522 998 562 suis
1033 520 1302 561 domesticis
1331 517 1655 558 sacerdotibus
1685 516 1801 556 duos

163 596 374 635 seniores
395 594 637 645 praefatus
658 594 872 634 Antistes
893 593 952 633 ad
972 604 1058 632 nos
1079 591 1226 642 misit,
1250 596 1300 630 ut
1318 589 1533 630 audirent
1551 587 1800 628 advenien-

161 667 279 707 tium
298 667 390 706 huc
412 665 754 706 confessiones:
777 664 1069 716 injunxitque
1090 663 1180 702 illis
1198 668 1246 701 ut
1263 661 1377 701 nihil
1395 661 1660 712 quicquam,
1680 658 1802 698 sicut

162 737 432 779 Servatoris
452 737 602 777 nostri
620 737 732 790 Jesu
754 736 921 787 Chxpi.
947 746 1002 775 ac
1023 733 1275 774 Societatis
1295 733 1406 786 Jesu
1429 738 1498 771 est
1520 731 1797 779 institutum,

162 821 248 861 pro
271 808 643 849 confessionibus
663 807 908 848 audiendis
938 806 1230 857 acciperent,
1261 803 1385 855 quod
1417 810 1462 843 et
1490 802 1665 842 factum
1697 812 1799 841 esse

163 880 320 921 credo.
344 879 479 920 Unde
501 887 545 920 et
566 890 739 930 magna
762 879 900 919 laude
922 877 1052 928 digni
1073 882 1180 916 sunt
1209 882 1347 927 atque
1379 874 1502 926 apud
1528 873 1683 913 Deum
1709 884 1800 913 me-

162 957 326 992 rentur
362 951 580 1002 multum,
617 950 896 1002 praesertim
931 949 1072 989 etiam
1100 948 1140 988 si
1175 946 1489 998 diligentiam,
1513 946 1736 997 pietatem
1757 950 1802 984 et

164 1023 464 1074 charitatem,
489 1034 580 1074 qua
601 1023 675 1062 usi
696 1029 824 1073 sunt,
848 1026 1054 1073 spectes;
1076 1030 1187 1060 nam
1208 1019 1268 1059 ad
1286 1017 1542 1058 secundam
1558 1027 1706 1068 usque
1722 1027 1800 1055 no-

164 1095 252 1135 ctis
272 1095 439 1135 horam
467 1094 478 1112 '²
502 1095 548 1134 in
569 1093 813 1134 audiendis
834 1093 1046 1133 virorum
1068 1089 1441 1131 confessionibus
1462 1099 1646 1128 mecum
1672 1087 1799 1127 labo-

165 1173 408 1206 raverunt.
432 1165 523 1206 Sed
545 1166 600 1205 de
621 1164 875 1217 praedictis
897 1161 1269 1204 confessionibus
1288 1159 1385 1211 jam
1407 1160 1538 1200 satis.

247 1237 493 1289 Reliquum
515 1242 585 1276 est
607 1242 655 1276 ut
678 1236 734 1276 de
768 1233 1149 1275 hebdomadariis
1185 1231 1557 1272 confessionibus
1591 1242 1647 1269 ac
1682 1240 1802 1269 com-

166 1309 464 1349 munionibus
485 1309 575 1348 hoc
597 1308 746 1348 solum
767 1307 943 1354 dicam,
967 1316 1156 1357 nempe:
1187 1303 1313 1356 quod
1343 1302 1456 1343 nulli
1483 1302 1673 1342 dubium
1701 1312 1803 1340 esse

167 1381 335 1420 debeat
356 1380 480 1432 quod
502 1379 822 1419 confitentium
843 1384 888 1418 et
909 1375 1358 1418 communicantium
1379 1385 1602 1414 numerus
1634 1383 1804 1423 augea-

168 1461 243 1491 tur
266 1452 312 1491 in
335 1451 454 1491 dies:
480 1458 618 1502 atque
642 1450 758 1491 adeo
779 1456 827 1490 ut
854 1450 902 1489 in
931 1447 1176 1489 audiendis
1208 1445 1582 1487 confessionibus
1609 1445 1805 1484 multum

165 1523 343 1574 negotii
364 1523 608 1573 haberem,
633 1522 774 1562 etiam
794 1521 834 1561 si
851 1521 926 1560 hic
948 1526 1043 1560 tres
1065 1525 1145 1559 aut
1165 1519 1324 1570 plures
1342 1523 1497 1557 essent
1515 1515 1802 1556 sacerdotes:

168 1601 213 1635 et
234 1594 324 1634 nisi
345 1605 497 1634 essem
519 1594 646 1634 solus
676 1593 752 1633 hic
779 1590 1023 1639 sacerdos,
1060 1590 1192 1630 multi
1225 1601 1321 1630 non
1357 1593 1640 1639 cogerentur
1674 1586 1805 1626 festis

168 1666 352 1717 diebus,
377 1672 426 1706 ut
448 1665 729 1717 quandoque
752 1663 969 1715 contigit,
994 1663 1069 1702 Vel
1090 1662 1226 1702 inviti
1249 1660 1628 1701 communionem
1649 1659 1724 1698 Vel
1743 1657 1805 1698 di—

164 1737 263 1777 vini
284 1737 416 1777 verbi
440 1737 728 1777 auditionem
747 1734 1138 1787 praetermittere.
1163 1733 1403 1784 Rogemus
1425 1742 1539 1782 ergo
1563 1727 1805 1770 dominum

168 1809 335 1849 messis
356 1814 406 1848 ut
428 1808 582 1848 mittat
604 1807 868 1858 operarios,
893 1813 982 1846 etc.

246 1880 318 1920 De
338 1886 609 1920 nostrorum
629 1879 831 1919 fratrum
848 1877 1085 1918 exercitiis
1101 1888 1254 1928 pauca
1270 1887 1395 1916 nunc
1413 1874 1581 1915 dicam.
1602 1873 1809 1925 Quisque

167 1952 244 1992 vel
264 1951 506 1991 literarum
528 1950 694 1991 studiis
715 1950 792 1990 vel
813 1949 1084 1990 domesticis
1115 1948 1194 1988 dat
1217 1959 1412 1999 operam
1433 1946 1671 1987 exercitiis
1689 1978 1696 1995 ,
1734 1945 1810 1984 vel

169 2022 369 2063 docendi
401 2023 448 2063 in
478 2022 645 2063 studiis
674 2022 872 2073 publicis
903 2032 1095 2061 munere
1118 2019 1343 2071 fungitur.
1373 2018 1614 2059 Arnoldus
1634 2016 1648 2035 ⁵
1670 2015 1810 2068 majo-

170 2106 275 2134 rum
295 2105 549 2146 puerorum
567 2094 766 2133 classem
784 2093 972 2133 instruit
990 2093 1036 2132 in
1055 2092 1204 2132 literis
1219 2090 1591 2131 humanioribus.
1611 2089 1812 2129 Enricus

171 2166 443 2207 secundam.
469 2166 677 2206 Tertiam
704 2165 911 2218 Joannes
938 2164 1175 2204 Antonius
1206 2163 1485 2214 eugubinus.
1522 2161 1594 2214 Jo.
1625 2159 1811 2200 Bonifa-

170 2238 270 2278 cius
290 2238 515 2277 ultimam.
541 2237 793 2277 Caeterum
812 2236 1020 2289 Joannes
1042 2234 1276 2275 Antonius
1304 2233 1592 2284 eugubinus,
1623 2236 1813 2283 praeter

171 2309 218 2350 id
239 2309 362 2361 quod
383 2309 580 2359 singulis
600 2307 821 2360 profestis
844 2307 967 2358 agit,
992 2307 1134 2346 etiam
1156 2317 1318 2346 coram
1340 2304 1556 2345 omnibus
1578 2303 1812 2343 dictarum

172 2380 394 2421 classium
428 2380 584 2431 pueris
616 2386 661 2419 et
697 2379 799 2419 aliis
834 2378 1115 2430 quibusdam
1144 2377 1376 2427 externis,
1407 2387 1524 2427 quos
1553 2375 1643 2414 viri
1672 2374 1810 2423 illius,

172 2463 313 2503 quam
329 2463 410 2503 per
431 2456 619 2490 nostras
640 2450 800 2490 literas
821 2449 966 2500 nosti,
991 2447 1379 2500 congregationis
1396 2447 1443 2486 in
1462 2446 1670 2486 moribus
1693 2445 1811 2485 chri-

172 2523 338 2563 stianis
370 2522 619 2562 instituunt
654 2519 691 2572 ⁴,
730 2520 785 2560 de
807 2520 1049 2560 doctrinae
1081 2519 1367 2559 christianae
1396 2517 1672 2557 rudimentis
1700 2516 1814 2555 facit

173 2593 572 2641 exhortationem,
597 2604 738 2644 quam
760 2603 922 2631 omnes
942 2590 1075 2643 pueri
1096 2597 1139 2630 et
1162 2590 1251 2642 ipsi
1266 2589 1358 2630 viri
1374 2589 1519 2628 multa
1542 2599 1648 2628 cum
1676 2586 1815 2626 devo-

172 2666 298 2706 tione
319 2671 365 2705 et
388 2663 643 2704 attentione
666 2661 884 2713 audiunt,
922 2668 1063 2713 atque
1083 2661 1200 2701 adeo
1229 2666 1278 2701 ut
1301 2660 1390 2712 ipsi
1420 2659 1553 2711 pueri
1586 2658 1710 2710 apud
1737 2669 1813 2709 pa-

174 2744 331 2777 rentes
352 2747 462 2776 suos
483 2735 602 2775 haec
621 2734 768 2774 verba
791 2733 1027 2774 dictitent:
1046 2733 1109 2772 mi
1125 2738 1282 2784 pater,
1302 2731 1341 2771 si
1358 2736 1638 2783 praeceptor
1655 2737 1816 2770 noster

229 2899 238 2919 ¹
280 2898 439 2925 Andreae
454 2896 651 2931 Lipomani,
668 2894 805 2922 SSmae.
821 2893 1004 2922 Trinitatis
1019 2894 1155 2928 prioris.

229 2945 243 2964 ‘-'
282 2944 336 2972 Ad
351 2944 533 2973 secundam
547 2946 624 2978 post
639 2943 719 2970 solis
734 2949 892 2969 occasum
907 2941 1037 2968 horam.

229 2993 244 3013 5
282 2993 455 3021 Arnoldus
471 2992 638 3019 Conchus.
654 2991 742 3018 Vide
753 2990 926 3023 PoLANco,
945 2989 1148 3021 chronicon,
1162 2993 1186 3016 t.
1202 2995 1252 3023 111,
1268 2996 1348 3023 pag.
1369 2988 1431 3015 122.

230 3042 245 3061 4
283 3041 370 3068 Vide
386 3047 501 3074 supra.
518 3044 541 3067 t.
558 3047 578 3072 ι,
593 3046 671 3074 pag.
686 3038 749 3066 330.
