2080 3392
329 206 377 244 36
838 201 1064 238 LITTERAE
1091 205 1448 241 QUADRIMESTRES

410 302 712 341 Exercitanse
746 298 947 338 tambien
980 297 1050 336 105
1083 295 1244 334 demas
1271 304 1327 332 en
1355 291 1494 331 obras
1521 290 1576 330 de
1608 288 1833 329 charidad
1869 299 1959 327 con

332 372 510 424 grande
540 368 980 422 aprovechamiento
1009 379 1039 417 y
1067 363 1340 404 edificacion
1370 362 1425 401 de
1459 362 1528 401 los
1555 359 1814 412 proximos:
1852 369 1958 399 con-

332 443 554 484 fiessanse
582 441 775 481 muchos
805 450 916 489 muy
947 440 973 477 a
999 434 1223 484 menudo,
1254 444 1341 484 que
1369 443 1429 472 no
1456 432 1499 471 10
1526 430 1706 471 usaban
1734 428 1891 479 hazer,
1925 440 1957 479 y

334 514 512 554 sienten
531 512 710 564 grande
732 507 1174 562 aprovechamiento
1196 516 1253 544 en
1274 514 1353 543 sus
1375 503 1538 542 almas.

983 858 1312 915 CLXXVII

408 1098 454 1135 P.
474 1095 727 1134 Everardus
746 1091 1050 1130 Mercurianus

455 1161 575 1199 Patri
593 1159 763 1206 Ignatio
783 1157 835 1194 de
854 1155 1037 1202 Loyola.

503 1225 700 1269 Perusio,
724 1223 739 1259 l
763 1221 964 1260 Octobris
985 1219 1076 1256 1552
1095 1219 1118 1254 ¹.

1104 1478 1202 1520 IHS

419 1718 582 1758 Gratia
617 1722 661 1755 et
696 1726 787 1766 pax
822 1713 1010 1753 Domini
1038 1711 1185 1751 nostri
1213 1708 1489 1763 Jesuchristi
1516 1708 1574 1747 sit
1601 1717 1784 1757 semper
1814 1703 1963 1744 nobis-

339 1801 458 1830 cum.
483 1788 647 1828 Amen.

420 1860 534 1900 Cum
557 1857 677 1909 apud
699 1868 770 1895 me
792 1855 984 1904 tacitus,
1005 1854 1123 1893 inter
1145 1852 1235 1892 alia
1253 1849 1544 1891 obedientiae
1563 1848 1734 1897 officia,
1754 1847 1841 1886 1100
1860 1856 1966 1896 quo-

339 1943 426 1983 que
446 1927 808 1981 persolvendum
831 1926 943 1966 mihi
964 1935 1295 1976 proponerem,
1329 1921 1494 1973 ecquid
1521 1919 1741 1960 nimirum
1768 1917 1814 1957 in
1842 1916 1969 1956 cultu

341 2001 497 2041 divino
519 1999 810 2051 proximique
833 1996 1154 2037 aedificatione
1171 1993 1267 2045 jam
1290 1993 1396 2033 inde
1423 2004 1449 2032 3
1482 1991 1691 2031 discessu
1718 1993 1877 2028 nostro
1912 1986 1968 2026 ab

342 2072 467 2112 Urbe
488 2072 713 2110 hactenus
733 2068 1152 2120 promovissemus,
1177 2064 1381 2104 breviter
1404 2060 1672 2114 aperiendo,
1697 2058 1856 2099 nescio
1879 2068 1969 2108 quo

342 2148 479 2194 pacto
516 2141 665 2191 prima
699 2139 818 2179 facie
854 2138 1068 2177 haereret
1098 2136 1279 2175 animus
1313 2146 1462 2183 meus,
1500 2131 1645 2172 veluti
1672 2129 1781 2181 quid
1811 2127 1970 2179 magni

342 2211 710 2263 aggrediendum
732 2209 1012 2258 immineret3
1037 2207 1239 2247 maxime
1262 2217 1366 2246 cum
1386 2205 1470 2245 sub
1492 2204 1608 2244 haec
1630 2202 1759 2242 initia
1787 2203 1869 2243 vix
1898 2213 1970 2241 oc-

344 2288 521 2333 currat,
545 2282 667 2333 quod
687 2280 1034 2331 velpatientem
1057 2278 1238 2329 uspiam
1260 2288 1421 2317 aurem
1441 2277 1693 2327 impetrare
1713 2288 1851 2328 posse
1878 2275 1968 2315 exi-

344 2354 610 2402 stimemus,
652 2351 944 2402 potissimum
985 2350 1041 2389 ab
1081 2349 1137 2388 iis
1176 2348 1253 2400 qui
1286 2348 1622 2387 intellexissent
1664 2352 1838 2399 quanta
1883 2345 1971 2386 fide

345 2435 511 2474 agrum
532 2422 719 2463 Domini
746 2422 963 2461 excolant
993 2420 1071 2459 alii
1097 2419 1260 2459 Patres
1288 2418 1494 2470 ejusdem
1523 2418 1767 2458 nobiscum
1797 2416 1971 2469 profes-

346 2495 502 2544 sionis,
536 2505 764 2545 quamque
787 2491 1021 2532 confertos
1043 2490 1302 2541 manipulos
1323 2489 1525 2541 undique
1546 2494 1785 2540 reportent
1807 2488 1853 2528 in
1874 2487 1973 2527 dies

346 2567 393 2605 in
426 2566 643 2605 horreum
677 2563 878 2603 Domini.
912 2563 1091 2602 Verum
1121 2561 1358 2601 enimvero
1394 2572 1499 2600 cum
1527 2560 1849 2611 operariorum
1877 2559 1972 2598 illo-

346 2648 448 2676 rum
470 2636 566 2674 sive
588 2635 634 2674 in
662 2634 842 2684 agendo
872 2633 1218 2682 dexteritatem,
1249 2632 1348 2671 sive
1376 2638 1686 2682 proventuum
1714 2630 1974 2670 ubertatem

348 2713 551 2757 spectes,
584 2705 782 2744 Domino
814 2704 1000 2744 tandem
1030 2701 1247 2754 quicquid
1274 2708 1343 2742 est
1372 2708 1615 2753 acceptum
1635 2701 1812 2741 feratur
1842 2711 1971 2751 opor-

347 2782 432 2826 tet,
467 2776 543 2826 qui
578 2787 659 2814 sua
690 2775 879 2824 elargiri
906 2776 1022 2814 solet
1058 2779 1106 2813 ut
1141 2774 1258 2822 vult,
1289 2773 1527 2824 aliquanto
1554 2772 1766 2821 liberius,
1799 2774 1917 2822 quae
1947 2782 1975 2810 a

402 2960 411 2980 ¹
451 2959 537 2987 Tota
558 2958 771 2992 autographa
793 2958 825 2984 in
846 2957 967 2991 duplici
991 2958 1079 2991 folio,
1102 2959 1162 2984 sub
1183 2964 1237 2984 nn.
1253 2957 1287 2983 23
1301 2961 1334 2984 et
1349 2957 1382 2983 221
1400 2956 1606 2984 —Habemus
1629 2958 1662 2982 et
1685 2954 1918 2989 apographum
1941 2954 1973 2981 in

349 3009 429 3037 Cod.
447 3009 523 3043 1551,
541 3008 645 3036 s01.95
660 3012 691 3035 et
707 3011 750 3034 w).
