2080 3392
822 196 906 232 AN.
939 194 1029 232 1554
1675 189 1743 227 681

107 295 188 336 sed
217 301 406 346 propter
442 294 532 333 alia
569 292 904 344 impedimenta
925 297 969 331 et
1003 288 1275 342 quotidiana
1310 287 1502 338 negotia
1538 286 1746 326 nondum

106 366 343 418 profectus
365 376 468 405 sum
489 364 548 404 ad
569 363 825 404 videndum
846 362 923 402 illa
944 363 1048 401 loca
1069 360 1202 400 nobis
1224 360 1396 399 oblata.
1429 358 1584 409 Quare
1605 356 1742 409 pluri-

107 449 232 477 mum
254 447 474 487 rogarem
495 435 619 475 Ρ.ἵρῐιὶ
640 434 761 475 νέω
781 439 831 473 ut
853 433 994 473 etiam
1015 431 1203 472 Patrem
1225 431 1427 481 aliquem
1449 429 1507 469 ad
1528 440 1615 468 nos
1646 428 1746 468 mit-

106 514 226 548 teret
247 508 361 547 mihi
382 507 428 547 in
450 506 643 556 socium,
673 505 751 557 qui
784 515 945 545 curam
974 503 1154 552 domus,
1184 501 1501 542 studiosorum
1532 505 1577 539 et
1607 498 1744 539 confi-

109 579 305 619 tentium
336 578 547 627 haberet,
570 583 619 617 ut
648 587 736 627 ego
763 575 968 624 liberiuS,
1001 573 1188 625 quando
1216 573 1263 613 in
1290 571 1493 611 Domino
1524 569 1745 622 expedire

108 650 362 700 videretur,
387 649 576 699 saepius
605 647 663 687 ad
693 647 785 686 alia
813 647 919 686 loca
947 645 1084 685 huius
1113 643 1344 684 dioecesis
1371 649 1416 683 et
1444 642 1504 682 ad
1534 642 1623 682 ista
1652 641 1748 681 iarn

109 721 243 761 nobis
266 720 422 760 oblata
449 719 686 771 proficisci
706 729 909 770 possem,
939 722 988 756 ut
1016 716 1083 755 sic
1115 716 1369 755 multorum
1395 713 1627 754 desiderio
1654 723 1745 752 ma-

109 793 183 843 gis
209 790 485 831 satisfacere
505 801 694 841 possem
716 789 776 829 ad
797 788 985 828 laudem
1012 787 1085 827 X.i
1115 792 1160 826 et
1180 786 1506 838 proximorum
1531 785 1744 824 salutem.

189 862 348 902 Bonus
370 861 486 902 odor
507 860 758 902 Societatis
779 860 854 899 hic
876 859 923 899 in
946 858 1044 898 dies
1062 858 1303 909 spargitur
1318 856 1485 907 magis,
1505 856 1569 895 ita
1590 862 1639 895 ut
1654 866 1748 894 non

111 934 301 974 audiam
322 945 381 974 ne
402 944 545 973 unum
567 932 776 984 quidem,
812 930 890 982 qui
911 941 1005 970 non
1031 929 1154 969 bona
1176 928 1232 968 de
1254 927 1488 968 Societate
1514 927 1746 978 loquatur.

111 1005 393 1045 Benedictus
414 1004 564 1044 Dnus.
589 1004 646 1043 de
664 1015 749 1043 sua
772 1013 885 1053 erga
907 1013 993 1041 nos
1016 1000 1277 1041 clementia.

193 1076 270 1117 Ad
290 1076 393 1116 gum
415 1076 509 1116 iam
524 1075 787 1115 veniamus.
808 1073 1042 1113 Maximus
1057 1072 1147 1112 hac
1165 1071 1528 1123 quadragesima
1546 1070 1632 1110 fuit
1644 1082 1749 1110 con-

112 1148 343 1188 fitentium
365 1158 605 1196 numerus,
630 1146 709 1197 qui
730 1155 894 1185 omnes
915 1144 1063 1183 vitam
1090 1143 1138 1183 in
1158 1143 1323 1182 melius
1351 1148 1534 1182 mutare
1566 1141 1750 1181 studue-

114 1227 244 1268 runt,
283 1219 371 1259 Dei
406 1218 582 1269 gratia3
621 1217 740 1256 inter
775 1227 891 1268 quos
926 1215 1113 1255 fuerunt
1148 1213 1227 1265 qui
1262 1225 1366 1253 cum
1407 1213 1634 1253 daemone
1668 1223 1751 1264 per

115 1303 266 1332 annos
289 1291 467 1342 aliquot
488 1288 759 1330 conversati
779 1293 900 1337 sunt,
924 1286 1138 1326 homines
1152 1284 1536 1337 desperatissimi,
1560 1284 1639 1335 qui
1659 1284 1751 1324 iam

112 1363 266 1403 vitam
288 1363 335 1402 in
356 1362 523 1402 melius
544 1360 804 1411 corrigunt.
829 1358 935 1398 Duo
965 1357 1121 1407 etiam,
1146 1356 1225 1408 qui
1258 1362 1366 1396 ante
1398 1367 1546 1396 annos
1575 1355 1752 1407 aliquot

114 1433 441 1485 anabaptistae
472 1431 675 1481 fuerunt,
707 1430 766 1470 ad
803 1429 1066 1470 Ecclesiam
1099 1426 1175 1468 X.i
1203 1427 1441 1467 redierunt
1476 1433 1521 1466 et
1556 1426 1753 1477 singulis

114 1504 485 1546 hebdomadibus
519 1502 799 1543 confitentur
835 1507 879 1541 et
915 1500 1277 1540 communicant.
1316 1498 1509 1539 Plurimi
1542 1504 1753 1538 nostram

116 1588 308 1628 operam
326 1575 614 1623 desiderant3
643 1573 725 1613 sed
747 1573 896 1613 oibus.
926 1571 1201 1611 satisfacere
1231 1582 1325 1610 non
1352 1581 1622 1622 possumus:
1647 1569 1752 1620 Qui-

116 1648 314 1688 busdam
335 1647 476 1686 etiam
497 1652 660 1686 nostra
682 1643 908 1684 exercitia
928 1642 1154 1692 dedimus,
1174 1642 1295 1682 inter
1317 1653 1435 1694 quos
1456 1641 1642 1681 fuerunt
1662 1641 1752 1680 duo

118 1717 348 1768 canonici,
373 1717 578 1768 promoti
600 1721 707 1756 ante
731 1715 908 1766 aliquot
929 1725 1080 1754 annos
1107 1713 1323 1763 Lovanii‚
1347 1713 1425 1764 qui
1452 1724 1502 1753 se
1531 1711 1756 1752 Societati

113 1789 355 1830 dederunt.
380 1787 684 1829 Naturalibus
713 1792 821 1827 sunt
842 1786 962 1826 bene
985 1784 1156 1834 dotati;
1187 1796 1387 1836 quorum
1415 1795 1536 1824 unus
1564 1789 1634 1823 est
1663 1782 1754 1823 fra-

112 1868 182 1901 ter
221 1859 480 1901 secundum
527 1869 719 1899 carnem
757 1856 879 1898 Redi
918 1856 1072 1897 Patris
1111 1855 1307 1906 Canisii,
1350 1855 1426 1895 cui
1472 1866 1642 1895 nomen
1688 1860 1757 1894 est

112 1933 173 1973 M.
206 1931 528 1972 Theodoricus
550 1930 787 1980 Canisius,
811 1929 906 1981 qui,
931 1927 1161 1968 absolutis
1188 1927 1427 1967 exercitiis
1454 1937 1628 1977 magno
1651 1937 1758 1965 cum

113 2004 293 2055 spiritu,
319 2003 379 2043 ad
400 2002 605 2054 patriam
626 2000 959 2053 proficiscitur,
985 1999 1078 2051 qui,
1103 1998 1361 2039 satisfactis
1381 1998 1546 2038 amicis
1568 2004 1612 2038 et
1634 1997 1756 2037 vale-

112 2075 262 2125 dictis,
287 2074 347 2115 ad
367 2086 453 2115 nos
473 2073 727 2114 revertitur
756 2078 805 2112 ut
827 2083 934 2112 cum
954 2076 1124 2122 nepote
1145 2082 1244 2121 suo,
1274 2070 1392 2110 bene
1427 2069 1565 2110 docto
1598 2068 1753 2108 adole-

114 2153 289 2197 scente,
313 2152 357 2186 et
386 2145 478 2185 alio
508 2156 614 2184 curn
647 2144 775 2184 socio
799 2143 1036 2184 Viennam
1063 2141 1392 2193 proficiscatur
1414 2140 1473 2180 ad
1504 2139 1644 2180 R'dum
1675 2139 1758 2180 Pa-

118 2224 238 2258 trem
258 2217 499 2258 Canisium
524 2215 550 2256 ¹.
574 2215 707 2256 Alter
728 2215 987 2255 canonicus
1009 2213 1243 2264 colloquio
1266 2212 1409 2252 huius
1424 2211 1485 2252 M.
1505 2211 1758 2251 Theodori-

121 2290 184 2339 ci‚
209 2300 315 2328 cum
335 2287 623 2337 Noviomagi
652 2292 790 2333 esset,
814 2286 862 2326 in
882 2291 1064 2326 tantum
1086 2284 1320 2324 excitatus
1348 2283 1434 2322 fuit
1460 2282 1519 2322 ad
1547 2282 1757 2331 meliora,

169 2452 178 2472 ¹
220 2451 269 2478 De
283 2450 373 2485 Mag.
389 2449 602 2476 Theoderico
619 2448 755 2476 Canisio
771 2448 949 2475 POLANcus
964 2447 997 2475 in
1014 2446 1198 2478 Chronico,
1221 2449 1244 2473 t.
1258 2453 1312 2479 111,
1335 2452 1418 2479 pag.
1436 2445 1508 2478 277,
1524 2452 1555 2472 n.
1577 2444 1647 2478 622,
1673 2444 1759 2471 haec

115 2500 263 2534 scripsit:
281 2500 362 2532 “quo
379 2498 484 2525 etiam
498 2504 585 2524 anno
600 2497 701 2529 (anno
722 2496 854 2524 scilicet
875 2504 940 2531 quo
962 2496 1195 2523 Theodoricus
1220 2494 1368 2522 Gerardi
1388 2494 1531 2521 Romam
1552 2494 1675 2521 missus
1699 2496 1761 2524 est.

116 2548 205 2575 alter
219 2545 462 2579 Theodericus,
485 2545 600 2572 Patris
622 2544 750 2572 Canisii
773 2545 895 2578 frater,
922 2545 1065 2572 Romam
1088 2544 1194 2571 etiam
1217 2544 1344 2576 venit.„
1368 2542 1496 2575 Quibus
1518 2541 1634 2568 verbis
1659 2541 1759 2569 facile

115 2596 189 2630 quis
203 2595 235 2622 in
250 2601 402 2622 errorem
417 2593 596 2620 inducetur
609 2596 646 2620 ut
661 2593 835 2620 existimet
857 2592 893 2619 P.
917 2592 1165 2619 Theodoricum
1186 2591 1377 2624 Canisium,
1402 2591 1434 2617 in
1459 2589 1669 2617 Societatem
1689 2589 1761 2624 Jam

116 2643 318 2675 admissum,
335 2641 478 2668 Romam
492 2641 627 2668 venisse
643 2647 730 2667 anno
747 2640 833 2674 1553,
851 2648 915 2674 quo
930 2647 1018 2667 anno
1034 2644 1128 2667 certe
1143 2639 1238 2666 venit
1259 2638 1490 2665 The-:odoricus
1512 2636 1671 2664 Gerardi.
1696 2635 1762 2663 Sed

115 2692 188 2725 ipse
204 2690 380 2717 PoLANcus
394 2689 479 2716 haec
495 2692 528 2716 et
544 2689 613 2716 alia
634 2696 676 2714 ex
698 2687 842 2715 Kesselii
863 2688 991 2715 litteris
1016 2695 1219 2721 excerpens,
1242 2686 1291 2714 sic
1314 2686 1346 2714 in
1373 2685 1558 2717 Chronico,
1582 2688 1605 2712 t.
1626 2691 1681 2716 xv,
1706 2685 1760 2718 qui

115 2745 241 2766 annum
255 2737 496 2770 complectitur
512 2736 594 2765 1554.
610 2735 649 2762 de
665 2735 875 2762 Theodorico
892 2735 1029 2762 Canisio
1045 2735 1210 2768 loquitur:
1228 2734 1398 2767 “Quartus
1411 2732 1557 2760 accessit
1577 2731 1763 2763 (admissus

116 2785 276 2812 Coloniae
292 2784 325 2811 in
341 2783 558 2817 Societatem)
573 2782 658 2817 Mgr.
674 2782 906 2810 Theodoricus
922 2782 1095 2815 Canisius,
1112 2782 1166 2815 qui
1184 2781 1366 2808 canonieus
1381 2784 1456 2807 erat
1475 2779 1679 2814 Noviomagi
1696 2787 1702 2813 ;
1729 2783 1762 2806 et

117 2840 193 2859 cum
208 2832 360 2859 venisset
377 2830 553 2858 Coloniam
568 2834 604 2857 ut
621 2830 784 2857 diaconus
800 2830 1031 2863 ordinaretur,
1047 2834 1081 2856 et
1097 2837 1174 2856 cum
1188 2828 1353 2855 exercitia
1378 2827 1573 2862 spiritualia
1595 2826 1765 2860 postulas-

117 2884 169 2907 set
183 2883 216 2906 et
232 2887 308 2906 cum
322 2879 434 2906 fructu
448 2878 664 2912 suscepisset,
677 2877 765 2911 quod
780 2877 835 2904 diu
851 2881 930 2904 ante
946 2877 1177 2911 cogitaverat,
1191 2875 1344 2903 decrevit
1358 2874 1525 2902 Societati
1539 2881 1575 2901 se
1593 2877 1703 2901 totum
1718 2874 1762 2900 ad

118 2927 181 2954 Dei
196 2926 377 2954 servitium
390 2926 487 2959 dare;
503 2925 622 2952 eodem
635 2925 704 2957 die,
721 2932 785 2959 quo
801 2925 844 2951 ad
860 2925 1080 2951 diaconatum
1095 2923 1347 2958 promovendus
1362 2926 1456 2956 erat,
1479 2925 1561 2949 voto
1582 2921 1765 2948 scholasti-

119 2981 235 3001 corum
252 2973 434 3000 societatis
450 2972 662 3007 propositum
677 2971 759 2999 illud
776 2971 1006 3005 confirmavit,
1023 2971 1110 3005 quod
1122 2970 1253 3004 jamdiu
1268 2977 1288 2997 a
1304 2969 1566 3003 consanguineis
1587 2972 1621 2996 et
1644 2968 1764 2996 amicis

119 3021 300 3055 impeditus
316 3024 508 3054 exequutus
522 3027 588 3046 non
604 3020 748 3052 fuerat.„
763 3018 838 3046 Ete.
