2080 3392
861 147 946 184 AN.
978 147 1069 184 1553
1714 149 1784 186 333

140 247 337 287 rationis
353 246 586 298 pepererit
603 246 853 298 aliquibus,
873 245 1100 297 paulatim
1116 244 1305 285 tandem
1322 244 1500 285 veritas
1517 245 1619 296 ipsa
1636 256 1780 285 emer-

139 319 209 369 git
231 318 624 369 conspiciturque.

219 388 475 429 Consuevit
497 388 619 429 RQS
646 388 794 428 Dnus.
823 387 1164 439 Proepiscopus
1194 398 1303 427 suos
1335 387 1633 438 sacerdotes,
1665 399 1782 439 quos

67 500 74 507 ,
138 460 290 500 minus
311 460 505 500 idoneos
528 460 588 500 ad
608 470 746 499 sacra
767 464 915 509 retur,
938 459 1235 498 instruendos
1266 465 1345 498 aut
1372 458 1659 499 deteriorum
1689 471 1781 499 mo-

139 543 242 571 rum
274 531 601 571 reformandos
627 530 760 570 nobis
794 530 1098 570 committere.
1136 529 1272 569 Hanc
1308 529 1432 570 enim
1462 529 1518 570 de
1547 529 1782 571 Societate

138 614 269 653 spem
290 608 443 642 ratam
463 602 603 641 habet
623 607 672 641 ut
692 601 739 640 in
760 600 1039 641 reducendis
1061 600 1121 640 ad
1141 607 1405 641 creatorem
1432 602 1586 653 ipsum
1607 602 1781 642 anima—

137 674 246 724 bus,
284 673 603 724 maximopere
629 673 800 712 valeat.
831 671 953 723 Quin
981 677 1024 711 et
1053 672 1142 723 ipsi
1169 671 1440 712 sacerdotes
1471 684 1654 724 quoque
1680 685 1783 725 pro-

137 744 326 785 fitentur
347 756 447 795 eos,
472 744 550 796 qui
570 744 800 783 hactenus
820 743 1191 794 degenerarunt,
1224 755 1316 783 non
1348 749 1445 783 tam
1472 745 1648 784 nostris
1676 756 1781 785 con-

136 816 348 856 cionibus
387 821 432 856 et
471 815 899 865 exhortationibUS‚
936 814 1058 866 quod
1088 815 1285 854 multum
1307 821 1399 863 est,
1431 826 1571 866 quam
1605 816 1783 856 meritis

135 887 430 927 reducendos
453 893 592 939 atque
615 886 852 937 legitimos
873 885 1153 926 reddendos.

216 958 422 999 Castella
442 964 551 998 sunt
572 958 749 1009 aliquot
770 957 854 998 sub
876 956 1013 1008 hujus
1040 957 1169 997 urbis
1197 957 1392 1008 ditione,
1427 969 1546 1009 quae
1574 957 1781 998 Societa-

135 1030 194 1070 tis
215 1042 351 1082 opem
373 1029 544 1081 oppido
574 1029 858 1070 desiderant.
887 1028 1026 1068 Faxit
1054 1027 1269 1069 Christus
1296 1035 1346 1068 ut
1376 1034 1420 1069 et
1450 1041 1533 1080 spe
1558 1028 1779 1080 juventur

134 1101 199 1141 illi
233 1113 339 1151 sua,
380 1112 560 1153 nosque
600 1101 857 1141 alacriores
895 1106 940 1140 et
974 1099 1206 1139 fideliores
1245 1099 1448 1140 Domino
1480 1099 1776 1141 famulemur.

136 1172 315 1213 Civitas
343 1173 462 1212 haec
490 1183 604 1212 sane
634 1172 702 1212 sic
728 1171 776 1211 in
802 1182 981 1221 rerum,
1015 1171 1183 1223 quibus
1217 1171 1382 1211 fuisset
1407 1172 1484 1212 vel
1514 1172 1574 1212 ad
1603 1172 1780 1212 victum

134 1255 271 1296 opus,
294 1244 491 1295 penuria
510 1275 517 1293 ,
541 1242 741 1283 fratrum
762 1243 1178 1294 aequanimitatem
1199 1249 1449 1294 postquam
1468 1243 1684 1294 rescivit,
1704 1244 1780 1283 ad-

133 1316 304 1356 mirata
327 1321 416 1365 est,
440 1320 490 1354 ut
518 1326 657 1355 nemo
685 1315 745 1355 sit
772 1314 850 1365 qui
870 1326 964 1354 non
985 1314 1112 1354 dicat
1133 1314 1361 1354 meruisse
1382 1314 1511 1355 illam
1531 1313 1780 1355 Societatis

132 1386 415 1427 adminiculo
451 1385 660 1436 destitui,
698 1385 822 1437 quod
851 1385 1152 1437 postmodum
1187 1386 1384 1426 multum
1418 1392 1519 1426 erat
1546 1386 1779 1427 desidera-

131 1463 252 1498 tura.
288 1457 522 1508 Novitque
545 1456 642 1508 jam
672 1457 987 1509 aliquatenus,
1017 1456 1106 1497 Dei
1130 1456 1235 1509 Opt.
1269 1458 1447 1509 gratia,
1482 1458 1690 1498 maxima
1721 1459 1779 1498 ci-

130 1529 260 1569 vium
285 1540 397 1580 pars
423 1527 709 1569 Societatem
738 1540 833 1568 non
861 1528 937 1568 hic
966 1540 1051 1568 sua
1083 1528 1165 1568 sed
1187 1540 1307 1580 quae
1328 1529 1440 1582 Jesu
1462 1528 1638 1570 Christi
1668 1536 1777 1569 sunt

130 1612 371 1653 quaerere.
398 1599 500 1651 Quo
522 1599 570 1640 fit
587 1606 637 1640 ut
654 1600 806 1651 magis
823 1611 879 1640 ac
895 1600 1049 1651 magis
1064 1600 1217 1652 ipsam
1235 1601 1579 1652 amplectantur
1597 1613 1776 1650 omneS,

129 1673 428 1724 futurumque
449 1677 518 1711 est
538 1671 672 1711 brevi
694 1678 743 1711 ut
764 1671 878 1711 nihil
907 1683 1089 1721 eorum,
1121 1683 1241 1724 quae
1268 1671 1328 1712 ad
1362 1672 1451 1712 Dei
1482 1672 1711 1712 honorem
1733 1680 1777 1712 et

129 1743 332 1796 proximi
353 1744 552 1783 salutem
574 1743 729 1794 aliqua
751 1754 810 1782 ex
829 1749 963 1794 parte
983 1741 1183 1794 faciunt,
1207 1743 1382 1794 requiri
1405 1744 1567 1795 possit.
1600 1743 1776 1785 Omnes

131 1827 268 1867 opem
287 1815 586 1867 pollicentur,
616 1825 760 1866 reque
790 1814 892 1866 ipsa
921 1814 1045 1865 quod
1071 1820 1269 1865 possunt
1295 1821 1554 1866 praestant.
1583 1815 1777 1856 Plurimi

131 1892 262 1937 sunt,
286 1886 365 1938 qui
385 1885 499 1926 nihil
518 1885 608 1925 nisi
629 1885 785 1936 quoad
807 1896 889 1937 per
917 1884 1071 1925 Patris
1099 1886 1251 1926 nostri
1277 1885 1336 1926 D.
1366 1887 1597 1927 Everardi
1628 1888 1777 1927 consi-

129 1957 242 1998 lium
270 1958 433 2007 liceat,
465 1957 805 2008 aggrediantur
839 1962 1169 2008 moveantque.
1207 1957 1399 2009 Aliquot
1435 1957 1531 2009 jam
1568 1959 1696 1998 cives
1731 1959 1777 1998 in

129 2029 243 2069 urbe
277 2028 526 2080 potissimi,
564 2028 612 2068 in
646 2028 815 2080 quibus
846 2033 890 2067 et
920 2027 1068 2068 Dnus.
1106 2027 1450 2081 Proepiscopus
1479 2036 1524 2069 et
1559 2030 1778 2070 doctores

130 2099 325 2152 aliquot,
370 2111 533 2140 curam
573 2099 645 2140 sui
685 2110 872 2139 omnem
910 2098 1040 2139 Patri
1081 2100 1430 2140 commiserunt.
1472 2101 1530 2141 Et
1577 2101 1777 2152 singulis

127 2171 290 2211 diebus
311 2171 498 2211 veneris
519 2170 736 2222 decalogi
763 2177 1043 2222 praecepta,
1078 2171 1187 2211 hinc
1216 2172 1342 2212 enim
1373 2184 1571 2212 exorsus
1605 2178 1696 2223 est,
1729 2173 1776 2212 in

126 2254 270 2282 unum
291 2242 597 2293 eumdemque
617 2243 773 2282 locum
794 2242 975 2282 coactis
996 2242 1355 2294 interpretatur,
1379 2243 1586 2283 maxima
1611 2255 1772 2283 eorum

128 2313 327 2354 utilitate
362 2319 406 2353 et
433 2313 520 2353 nri.
553 2313 801 2353 desiderio.
839 2312 1114 2365 Noruntque
1137 2312 1235 2365 jam
1262 2314 1563 2365 perfectionis
1591 2315 1774 2354 culmen

128 2397 243 2435 non,
268 2390 317 2424 ut
338 2385 517 2435 lucum,
540 2384 667 2435 ligna
691 2396 792 2424 esse
816 2383 848 2435 ¹3
868 2383 1058 2436 jamque
1075 2397 1239 2425 eorum
1260 2386 1487 2426 memoria
1505 2386 1642 2437 periit
1661 2385 1771 2435 fere,

126 2468 221 2496 non
243 2456 418 2507 absque
440 2455 629 2495 divinae
649 2455 927 2507 prudentiae
948 2463 1088 2507 nutu,
1119 2457 1197 2508 qui
1228 2457 1294 2497 sic
1326 2458 1498 2508 vulgus
1519 2469 1613 2497 non
1636 2457 1773 2497 modo

127 2527 209 2568 sed
237 2533 282 2567 et
309 2527 512 2578 optimae
544 2526 642 2577 spei
663 2526 793 2566 viros
822 2533 866 2567 et
900 2528 1120 2567 mulieres
1149 2528 1319 2568 misere
1355 2528 1651 2580 deceperant.
1692 2529 1773 2569 Mi-

126 2604 289 2638 rantur
312 2609 472 2638 omnes
502 2596 784 2638 Societatem
801 2598 978 2638 nullum
993 2599 1208 2639 laborum
1224 2599 1486 2650 praemium
1507 2599 1770 2652 admittere,

126 2670 344 2721 nullaque
364 2680 522 2709 rerum
543 2674 844 2709 externarum
865 2681 946 2721 spe
968 2669 1099 2720 duci;
1122 2670 1369 2722 magisque
1391 2670 1448 2710 ob
1465 2670 1512 2711 id
1529 2670 1619 2723 ipsi
1636 2671 1773 2712 fidem

181 2856 191 2875 ¹
769 2854 945 2882 Virtutem
959 2856 1067 2882 verba
1082 2861 1191 2890 putes,
1210 2858 1246 2882 ut

487 2902 615 2929 Lucum
632 2902 741 2937 ligna?

699 2973 876 3007 Homini.
892 2981 912 3007 1,
928 2973 990 3007 Ep.
1007 2974 1032 3007 6,
1050 2983 1082 3001 v.
1097 2974 1142 3001 31.
