<?xml version="1.0" encoding="UTF-8"?>
<!DOCTYPE html PUBLIC "-//W3C//DTD XHTML 1.0 Transitional//EN"
    "http://www.w3.org/TR/xhtml1/DTD/xhtml1-transitional.dtd">
<html xmlns="http://www.w3.org/1999/xhtml" xml:lang="en" lang="en">
 <head>
  <title>
</title>
<meta http-equiv="Content-Type" content="text/html;charset=utf-8" />
  <meta name='ocr-system' content='tesseract 3.04.00' />
  <meta name='ocr-capabilities' content='ocr_page ocr_carea ocr_par ocr_line ocrx_word'/>
</head>
<body>
  <div class='ocr_page' id='page_1' title='image "./litteraequadrime14lain_0545.png"; bbox 0 0 2080 3392; ppageno 0'>
   <div class='ocr_carea' id='block_1_1' title="bbox 891 186 1812 230">
    <p class='ocr_par' dir='ltr' id='par_1_1' title="bbox 891 186 1812 230">
     <span class='ocr_line' id='line_1_1' title="bbox 891 186 1812 230; baseline 0.007 -6"><span class='ocrx_word' id='word_1_1' title='bbox 891 186 975 224; x_wconf 85' lang='lat' dir='ltr'>AN.</span> <span class='ocrx_word' id='word_1_2' title='bbox 1006 187 1098 226; x_wconf 64' lang='lat'>1554</span> <span class='ocrx_word' id='word_1_3' title='bbox 1744 193 1812 230; x_wconf 72' lang='lat'>541</span> 
     </span>
    </p>
   </div>
   <div class='ocr_carea' id='block_1_2' title="bbox 152 283 1815 3048">
    <p class='ocr_par' dir='ltr' id='par_1_2' title="bbox 165 283 1815 1045">
     <span class='ocr_line' id='line_1_2' title="bbox 173 283 1815 340; baseline 0.005 -18"><span class='ocrx_word' id='word_1_4' title='bbox 173 289 339 323; x_wconf 82' lang='lat' dir='ltr'>auctor</span> <span class='ocrx_word' id='word_1_5' title='bbox 371 283 511 323; x_wconf 91' lang='lat' dir='ltr'>huius</span> <span class='ocrx_word' id='word_1_6' title='bbox 545 284 675 324; x_wconf 80' lang='lat' dir='ltr'>aedis</span> <span class='ocrx_word' id='word_1_7' title='bbox 711 285 846 325; x_wconf 90' lang='lat' dir='ltr'>nobis</span> <span class='ocrx_word' id='word_1_8' title='bbox 881 286 1063 326; x_wconf 88' lang='lat' dir='ltr'>dandae</span> <span class='ocrx_word' id='word_1_9' title='bbox 1098 285 1268 338; x_wconf 86' lang='lat' dir='ltr'>fuerat,</span> <span class='ocrx_word' id='word_1_10' title='bbox 1307 288 1595 329; x_wconf 89' lang='lat' dir='ltr'>immortales</span> <span class='ocrx_word' id='word_1_11' title='bbox 1630 290 1815 340; x_wconf 79' lang='lat' dir='ltr'>gratias</span> 
     </span>
     <span class='ocr_line' id='line_1_3' title="bbox 171 356 1810 408; baseline 0.005 -15"><span class='ocrx_word' id='word_1_12' title='bbox 171 360 332 405; x_wconf 83' lang='lat' dir='ltr'>agunt:</span> <span class='ocrx_word' id='word_1_13' title='bbox 357 366 591 394; x_wconf 90' lang='lat' dir='ltr'>summum</span> <span class='ocrx_word' id='word_1_14' title='bbox 611 367 660 395; x_wconf 94' lang='lat' dir='ltr'>se</span> <span class='ocrx_word' id='word_1_15' title='bbox 682 356 974 408; x_wconf 85' lang='lat' dir='ltr'>beneficium,</span> <span class='ocrx_word' id='word_1_16' title='bbox 999 358 1078 408; x_wconf 91' lang='lat' dir='ltr'>qui</span> <span class='ocrx_word' id='word_1_17' title='bbox 1099 358 1145 397; x_wconf 89' lang='lat' dir='ltr'>in</span> <span class='ocrx_word' id='word_1_18' title='bbox 1168 370 1316 398; x_wconf 90' lang='lat' dir='ltr'>nram.</span> <span class='ocrx_word' id='word_1_19' title='bbox 1343 360 1729 400; x_wconf 88' lang='lat' dir='ltr'>consuetudinem</span> <span class='ocrx_word' id='word_1_20' title='bbox 1746 361 1810 400; x_wconf 92' lang='lat' dir='ltr'>fa—</span> 
     </span>
     <span class='ocr_line' id='line_1_4' title="bbox 169 424 1810 483; baseline 0.005 -19"><span class='ocrx_word' id='word_1_21' title='bbox 169 424 580 477; x_wconf 90' lang='lat' dir='ltr'>miliaritatemque</span> <span class='ocrx_word' id='word_1_22' title='bbox 601 439 684 478; x_wconf 84' lang='lat' dir='ltr'>per</span> <span class='ocrx_word' id='word_1_23' title='bbox 705 427 831 467; x_wconf 88' lang='lat' dir='ltr'>illam</span> <span class='ocrx_word' id='word_1_24' title='bbox 852 429 1088 478; x_wconf 81' lang='lat' dir='ltr'>venerint,</span> <span class='ocrx_word' id='word_1_25' title='bbox 1114 430 1377 480; x_wconf 81' lang='lat' dir='ltr'>accepisse,</span> <span class='ocrx_word' id='word_1_26' title='bbox 1410 431 1626 482; x_wconf 85' lang='lat' dir='ltr'>quamvis</span> <span class='ocrx_word' id='word_1_27' title='bbox 1652 438 1810 483; x_wconf 88' lang='lat' dir='ltr'>antea,</span> 
     </span>
     <span class='ocr_line' id='line_1_5' title="bbox 168 496 1810 553; baseline 0.005 -18"><span class='ocrx_word' id='word_1_28' title='bbox 168 507 262 536; x_wconf 91' lang='lat' dir='ltr'>non</span> <span class='ocrx_word' id='word_1_29' title='bbox 283 496 347 536; x_wconf 92' lang='lat' dir='ltr'>ita</span> <span class='ocrx_word' id='word_1_30' title='bbox 368 497 484 536; x_wconf 91' lang='lat' dir='ltr'>bene</span> <span class='ocrx_word' id='word_1_31' title='bbox 507 497 566 537; x_wconf 91' lang='lat' dir='ltr'>ad</span> <span class='ocrx_word' id='word_1_32' title='bbox 588 497 715 538; x_wconf 87' lang='lat' dir='ltr'>illam</span> <span class='ocrx_word' id='word_1_33' title='bbox 738 498 918 549; x_wconf 86' lang='lat' dir='ltr'>affecti,</span> <span class='ocrx_word' id='word_1_34' title='bbox 950 499 1005 540; x_wconf 95' lang='lat' dir='ltr'>de</span> <span class='ocrx_word' id='word_1_35' title='bbox 1033 500 1110 540; x_wconf 91' lang='lat' dir='ltr'>illa</span> <span class='ocrx_word' id='word_1_36' title='bbox 1138 500 1359 552; x_wconf 81' lang='lat' dir='ltr'>Regeque</span> <span class='ocrx_word' id='word_1_37' title='bbox 1388 503 1533 542; x_wconf 89' lang='lat' dir='ltr'>multa</span> <span class='ocrx_word' id='word_1_38' title='bbox 1562 514 1810 553; x_wconf 92' lang='lat' dir='ltr'>quereren-</span> 
     </span>
     <span class='ocr_line' id='line_1_6' title="bbox 167 567 1809 623; baseline 0.005 -17"><span class='ocrx_word' id='word_1_39' title='bbox 167 574 258 618; x_wconf 90' lang='lat' dir='ltr'>tur;</span> <span class='ocrx_word' id='word_1_40' title='bbox 281 567 341 607; x_wconf 92' lang='lat' dir='ltr'>ad</span> <span class='ocrx_word' id='word_1_41' title='bbox 361 568 478 608; x_wconf 91' lang='lat' dir='ltr'>haec</span> <span class='ocrx_word' id='word_1_42' title='bbox 498 569 620 608; x_wconf 90' lang='lat' dir='ltr'>nolle</span> <span class='ocrx_word' id='word_1_43' title='bbox 642 570 766 620; x_wconf 90' lang='lat' dir='ltr'>quod</span> <span class='ocrx_word' id='word_1_44' title='bbox 786 571 1016 622; x_wconf 87' lang='lat' dir='ltr'>principio</span> <span class='ocrx_word' id='word_1_45' title='bbox 1038 580 1341 623; x_wconf 83' lang='lat' dir='ltr'>convenerat,</span> <span class='ocrx_word' id='word_1_46' title='bbox 1365 580 1414 613; x_wconf 88' lang='lat' dir='ltr'>ut</span> <span class='ocrx_word' id='word_1_47' title='bbox 1435 585 1521 614; x_wconf 91' lang='lat' dir='ltr'>suo</span> <span class='ocrx_word' id='word_1_48' title='bbox 1548 573 1720 614; x_wconf 85' lang='lat' dir='ltr'>Sancto</span> <span class='ocrx_word' id='word_1_49' title='bbox 1738 587 1809 615; x_wconf 85' lang='lat' dir='ltr'>sa-</span> 
     </span>
     <span class='ocr_line' id='line_1_7' title="bbox 168 638 1810 695; baseline 0.005 -18"><span class='ocrx_word' id='word_1_50' title='bbox 168 638 336 678; x_wconf 81' lang='lat' dir='ltr'>cellum</span> <span class='ocrx_word' id='word_1_51' title='bbox 363 645 526 679; x_wconf 90' lang='lat' dir='ltr'>nostro</span> <span class='ocrx_word' id='word_1_52' title='bbox 557 641 729 692; x_wconf 89' lang='lat' dir='ltr'>templo</span> <span class='ocrx_word' id='word_1_53' title='bbox 759 642 1034 693; x_wconf 84' lang='lat' dir='ltr'>contiguum</span> <span class='ocrx_word' id='word_1_54' title='bbox 1064 650 1430 695; x_wconf 82' lang='lat' dir='ltr'>construeretur3</span> <span class='ocrx_word' id='word_1_55' title='bbox 1461 646 1598 685; x_wconf 90' lang='lat' dir='ltr'>malle</span> <span class='ocrx_word' id='word_1_56' title='bbox 1627 657 1676 686; x_wconf 88' lang='lat' dir='ltr'>se</span> <span class='ocrx_word' id='word_1_57' title='bbox 1708 658 1810 686; x_wconf 90' lang='lat' dir='ltr'>nra.</span> 
     </span>
     <span class='ocr_line' id='line_1_8' title="bbox 168 710 1813 768; baseline 0.005 -19"><span class='ocrx_word' id='word_1_58' title='bbox 168 710 507 750; x_wconf 89' lang='lat' dir='ltr'>consuetudine</span> <span class='ocrx_word' id='word_1_59' title='bbox 528 711 619 751; x_wconf 90' lang='lat' dir='ltr'>frui</span> <span class='ocrx_word' id='word_1_60' title='bbox 640 713 740 752; x_wconf 88' lang='lat' dir='ltr'>sine</span> <span class='ocrx_word' id='word_1_61' title='bbox 763 714 951 762; x_wconf 87' lang='lat' dir='ltr'>sacello,</span> <span class='ocrx_word' id='word_1_62' title='bbox 977 714 1077 753; x_wconf 91' lang='lat' dir='ltr'>sine</span> <span class='ocrx_word' id='word_1_63' title='bbox 1102 726 1238 754; x_wconf 89' lang='lat' dir='ltr'>cerae</span> <span class='ocrx_word' id='word_1_64' title='bbox 1261 716 1590 767; x_wconf 77' lang='lat' dir='ltr'>apparatione,</span> <span class='ocrx_word' id='word_1_65' title='bbox 1615 717 1813 768; x_wconf 90' lang='lat' dir='ltr'>aliisque</span> 
     </span>
     <span class='ocr_line' id='line_1_9' title="bbox 168 779 1811 837; baseline 0.005 -17"><span class='ocrx_word' id='word_1_66' title='bbox 168 779 489 831; x_wconf 87' lang='lat' dir='ltr'>hujuscemodi</span> <span class='ocrx_word' id='word_1_67' title='bbox 510 783 792 835; x_wconf 89' lang='lat' dir='ltr'>rebus,quae</span> <span class='ocrx_word' id='word_1_68' title='bbox 810 784 867 823; x_wconf 87' lang='lat' dir='ltr'>ab</span> <span class='ocrx_word' id='word_1_69' title='bbox 884 784 998 836; x_wconf 91' lang='lat' dir='ltr'>ipsis</span> <span class='ocrx_word' id='word_1_70' title='bbox 1015 785 1064 826; x_wconf 92' lang='lat' dir='ltr'>in</span> <span class='ocrx_word' id='word_1_71' title='bbox 1079 786 1265 836; x_wconf 84' lang='lat' dir='ltr'>magnis</span> <span class='ocrx_word' id='word_1_72' title='bbox 1287 786 1534 837; x_wconf 76' lang='lat' dir='ltr'>habentur,</span> <span class='ocrx_word' id='word_1_73' title='bbox 1558 787 1673 827; x_wconf 91' lang='lat' dir='ltr'>satis</span> <span class='ocrx_word' id='word_1_74' title='bbox 1695 788 1811 828; x_wconf 90' lang='lat' dir='ltr'>bene</span> 
     </span>
     <span class='ocr_line' id='line_1_10' title="bbox 166 853 1812 907; baseline 0.005 -16"><span class='ocrx_word' id='word_1_75' title='bbox 166 862 326 892; x_wconf 92' lang='lat' dir='ltr'>secum</span> <span class='ocrx_word' id='word_1_76' title='bbox 347 853 426 903; x_wconf 85' lang='lat' dir='ltr'>agi</span> <span class='ocrx_word' id='word_1_77' title='bbox 448 853 719 894; x_wconf 78' lang='lat' dir='ltr'>existimare</span> <span class='ocrx_word' id='word_1_78' title='bbox 740 866 804 905; x_wconf 88' lang='lat' dir='ltr'>se,</span> <span class='ocrx_word' id='word_1_79' title='bbox 835 855 874 895; x_wconf 90' lang='lat' dir='ltr'>si</span> <span class='ocrx_word' id='word_1_80' title='bbox 901 855 989 895; x_wconf 88' lang='lat' dir='ltr'>sibi</span> <span class='ocrx_word' id='word_1_81' title='bbox 1016 867 1224 896; x_wconf 87' lang='lat' dir='ltr'>nrarum.</span> <span class='ocrx_word' id='word_1_82' title='bbox 1256 868 1449 907; x_wconf 89' lang='lat' dir='ltr'>precum</span> <span class='ocrx_word' id='word_1_83' title='bbox 1476 857 1654 898; x_wconf 88' lang='lat' dir='ltr'>fructus</span> <span class='ocrx_word' id='word_1_84' title='bbox 1686 871 1812 899; x_wconf 91' lang='lat' dir='ltr'>com-</span> 
     </span>
     <span class='ocr_line' id='line_1_11' title="bbox 165 924 1811 980; baseline 0.004 -17"><span class='ocrx_word' id='word_1_85' title='bbox 165 924 473 975; x_wconf 88' lang='lat' dir='ltr'>municemus,</span> <span class='ocrx_word' id='word_1_86' title='bbox 498 925 753 976; x_wconf 91' lang='lat' dir='ltr'>diebusque</span> <span class='ocrx_word' id='word_1_87' title='bbox 776 925 1022 966; x_wconf 76' lang='lat' dir='ltr'>dumtaxat</span> <span class='ocrx_word' id='word_1_88' title='bbox 1044 927 1292 967; x_wconf 75' lang='lat' dir='ltr'>dominicis</span> <span class='ocrx_word' id='word_1_89' title='bbox 1313 940 1476 968; x_wconf 84' lang='lat' dir='ltr'>mensa</span> <span class='ocrx_word' id='word_1_90' title='bbox 1504 931 1704 980; x_wconf 74' lang='lat' dir='ltr'>parvula</span> <span class='ocrx_word' id='word_1_91' title='bbox 1732 930 1811 970; x_wconf 90' lang='lat' dir='ltr'>ha-</span> 
     </span>
     <span class='ocr_line' id='line_1_12' title="bbox 168 995 959 1045; baseline 0 -11"><span class='ocrx_word' id='word_1_92' title='bbox 168 995 268 1034; x_wconf 92' lang='lat' dir='ltr'>beri</span> <span class='ocrx_word' id='word_1_93' title='bbox 289 995 486 1036; x_wconf 89' lang='lat' dir='ltr'>sinatur.</span> <span class='ocrx_word' id='word_1_94' title='bbox 952 1039 959 1045; x_wconf 59' lang='grc'>,</span> 
     </span>
    </p>

    <p class='ocr_par' dir='ltr' id='par_1_3' title="bbox 155 1066 1810 2193">
     <span class='ocr_line' id='line_1_13' title="bbox 243 1066 1809 1123; baseline 0.004 -17"><span class='ocrx_word' id='word_1_95' title='bbox 243 1066 301 1106; x_wconf 90' lang='lat' dir='ltr'>Et</span> <span class='ocrx_word' id='word_1_96' title='bbox 322 1067 509 1118; x_wconf 89' lang='lat' dir='ltr'>quidem</span> <span class='ocrx_word' id='word_1_97' title='bbox 530 1068 620 1108; x_wconf 89' lang='lat' dir='ltr'>hoc</span> <span class='ocrx_word' id='word_1_98' title='bbox 641 1080 770 1108; x_wconf 89' lang='lat' dir='ltr'>nrae.</span> <span class='ocrx_word' id='word_1_99' title='bbox 795 1068 1043 1109; x_wconf 84' lang='lat' dir='ltr'>Societatis</span> <span class='ocrx_word' id='word_1_100' title='bbox 1066 1070 1272 1110; x_wconf 89' lang='lat' dir='ltr'>studium</span> <span class='ocrx_word' id='word_1_101' title='bbox 1295 1070 1686 1123; x_wconf 69' lang='lat' dir='ltr'>devotionemque</span> <span class='ocrx_word' id='word_1_102' title='bbox 1714 1084 1809 1112; x_wconf 91' lang='lat' dir='ltr'>non</span> 
     </span>
     <span class='ocr_line' id='line_1_14' title="bbox 164 1137 1810 1194; baseline 0.004 -17"><span class='ocrx_word' id='word_1_103' title='bbox 164 1137 290 1177; x_wconf 83' lang='lat' dir='ltr'>iniis</span> <span class='ocrx_word' id='word_1_104' title='bbox 310 1138 450 1178; x_wconf 90' lang='lat' dir='ltr'>modo</span> <span class='ocrx_word' id='word_1_105' title='bbox 480 1151 646 1179; x_wconf 83' lang='lat' dir='ltr'>verum</span> <span class='ocrx_word' id='word_1_106' title='bbox 672 1139 814 1180; x_wconf 88' lang='lat' dir='ltr'>etiam</span> <span class='ocrx_word' id='word_1_107' title='bbox 841 1140 888 1179; x_wconf 90' lang='lat' dir='ltr'>in</span> <span class='ocrx_word' id='word_1_108' title='bbox 921 1140 1158 1192; x_wconf 88' lang='lat' dir='ltr'>primariis</span> <span class='ocrx_word' id='word_1_109' title='bbox 1188 1141 1457 1192; x_wconf 71' lang='lat' dir='ltr'>perspicere</span> <span class='ocrx_word' id='word_1_110' title='bbox 1485 1149 1574 1192; x_wconf 88' lang='lat' dir='ltr'>est,</span> <span class='ocrx_word' id='word_1_111' title='bbox 1606 1144 1683 1194; x_wconf 89' lang='lat' dir='ltr'>qui</span> <span class='ocrx_word' id='word_1_112' title='bbox 1711 1150 1810 1184; x_wconf 89' lang='lat' dir='ltr'>tum</span> 
     </span>
     <span class='ocr_line' id='line_1_15' title="bbox 162 1208 1810 1265; baseline 0.004 -18"><span class='ocrx_word' id='word_1_113' title='bbox 162 1208 430 1261; x_wconf 83' lang='lat' dir='ltr'>confitendi,</span> <span class='ocrx_word' id='word_1_114' title='bbox 456 1217 554 1250; x_wconf 89' lang='lat' dir='ltr'>tum</span> <span class='ocrx_word' id='word_1_115' title='bbox 575 1217 769 1251; x_wconf 88' lang='lat' dir='ltr'>sanctae</span> <span class='ocrx_word' id='word_1_116' title='bbox 791 1211 1119 1252; x_wconf 78' lang='lat' dir='ltr'>Eucharistiae</span> <span class='ocrx_word' id='word_1_117' title='bbox 1141 1213 1469 1264; x_wconf 74' lang='lat' dir='ltr'>suscipiendae</span> <span class='ocrx_word' id='word_1_118' title='bbox 1498 1215 1676 1265; x_wconf 79' lang='lat' dir='ltr'>gratia,</span> <span class='ocrx_word' id='word_1_119' title='bbox 1711 1220 1810 1255; x_wconf 88' lang='lat' dir='ltr'>tum</span> 
     </span>
     <span class='ocr_line' id='line_1_16' title="bbox 160 1280 1805 1336; baseline 0.004 -18"><span class='ocrx_word' id='word_1_120' title='bbox 160 1285 209 1318; x_wconf 88' lang='lat' dir='ltr'>ut</span> <span class='ocrx_word' id='word_1_121' title='bbox 231 1280 467 1331; x_wconf 83' lang='lat' dir='ltr'>accipiant</span> <span class='ocrx_word' id='word_1_122' title='bbox 488 1282 750 1333; x_wconf 77' lang='lat' dir='ltr'>spiritualia</span> <span class='ocrx_word' id='word_1_123' title='bbox 771 1283 997 1323; x_wconf 82' lang='lat' dir='ltr'>exercitia</span> <span class='ocrx_word' id='word_1_124' title='bbox 1018 1290 1062 1323; x_wconf 89' lang='lat' dir='ltr'>et</span> <span class='ocrx_word' id='word_1_125' title='bbox 1084 1285 1345 1335; x_wconf 78' lang='lat' dir='ltr'>consulant,</span> <span class='ocrx_word' id='word_1_126' title='bbox 1365 1285 1443 1335; x_wconf 92' lang='lat' dir='ltr'>qui</span> <span class='ocrx_word' id='word_1_127' title='bbox 1460 1285 1641 1336; x_wconf 90' lang='lat' dir='ltr'>possint</span> <span class='ocrx_word' id='word_1_128' title='bbox 1658 1287 1805 1326; x_wconf 89' lang='lat' dir='ltr'>multa</span> 
     </span>
     <span class='ocr_line' id='line_1_17' title="bbox 160 1351 1809 1407; baseline 0.004 -17"><span class='ocrx_word' id='word_1_129' title='bbox 160 1351 372 1401; x_wconf 88' lang='lat' dir='ltr'>piissima</span> <span class='ocrx_word' id='word_1_130' title='bbox 401 1352 596 1404; x_wconf 92' lang='lat' dir='ltr'>Deoque</span> <span class='ocrx_word' id='word_1_131' title='bbox 623 1354 895 1404; x_wconf 81' lang='lat' dir='ltr'>gratissima</span> <span class='ocrx_word' id='word_1_132' title='bbox 919 1367 1062 1406; x_wconf 88' lang='lat' dir='ltr'>opera</span> <span class='ocrx_word' id='word_1_133' title='bbox 1096 1356 1287 1406; x_wconf 83' lang='lat' dir='ltr'>exequi,</span> <span class='ocrx_word' id='word_1_134' title='bbox 1312 1364 1612 1396; x_wconf 86' lang='lat' dir='ltr'>concurrunt.</span> <span class='ocrx_word' id='word_1_135' title='bbox 1640 1356 1809 1407; x_wconf 84' lang='lat' dir='ltr'>Quam-</span> 
     </span>
     <span class='ocr_line' id='line_1_18' title="bbox 161 1421 1808 1479; baseline 0.004 -18"><span class='ocrx_word' id='word_1_136' title='bbox 161 1421 323 1462; x_wconf 88' lang='lat' dir='ltr'>obrem</span> <span class='ocrx_word' id='word_1_137' title='bbox 344 1429 573 1475; x_wconf 86' lang='lat' dir='ltr'>quotquot</span> <span class='ocrx_word' id='word_1_138' title='bbox 594 1425 669 1464; x_wconf 87' lang='lat' dir='ltr'>hic</span> <span class='ocrx_word' id='word_1_139' title='bbox 692 1437 853 1466; x_wconf 92' lang='lat' dir='ltr'>sumus</span> <span class='ocrx_word' id='word_1_140' title='bbox 874 1426 1060 1477; x_wconf 87' lang='lat' dir='ltr'>Patres,</span> <span class='ocrx_word' id='word_1_141' title='bbox 1085 1432 1153 1466; x_wconf 91' lang='lat' dir='ltr'>tot</span> <span class='ocrx_word' id='word_1_142' title='bbox 1184 1427 1462 1467; x_wconf 83' lang='lat' dir='ltr'>distinemur</span> <span class='ocrx_word' id='word_1_143' title='bbox 1491 1428 1808 1479; x_wconf 87' lang='lat' dir='ltr'>occupationi-</span> 
     </span>
     <span class='ocr_line' id='line_1_19' title="bbox 159 1492 1807 1550; baseline 0.005 -18"><span class='ocrx_word' id='word_1_144' title='bbox 159 1492 260 1543; x_wconf 89' lang='lat' dir='ltr'>bus,</span> <span class='ocrx_word' id='word_1_145' title='bbox 284 1500 334 1534; x_wconf 92' lang='lat' dir='ltr'>ut</span> <span class='ocrx_word' id='word_1_146' title='bbox 355 1495 445 1534; x_wconf 89' lang='lat' dir='ltr'>nisi</span> <span class='ocrx_word' id='word_1_147' title='bbox 467 1496 728 1536; x_wconf 78' lang='lat' dir='ltr'>subsecivis</span> <span class='ocrx_word' id='word_1_148' title='bbox 749 1497 1041 1549; x_wconf 86' lang='lat' dir='ltr'>temporibus</span> <span class='ocrx_word' id='word_1_149' title='bbox 1063 1498 1218 1538; x_wconf 88' lang='lat' dir='ltr'>cibum</span> <span class='ocrx_word' id='word_1_150' title='bbox 1251 1510 1421 1550; x_wconf 88' lang='lat' dir='ltr'>capere</span> <span class='ocrx_word' id='word_1_151' title='bbox 1450 1511 1708 1550; x_wconf 87' lang='lat' dir='ltr'>precesque</span> <span class='ocrx_word' id='word_1_152' title='bbox 1729 1500 1807 1540; x_wconf 93' lang='lat' dir='ltr'>ho-</span> 
     </span>
     <span class='ocr_line' id='line_1_20' title="bbox 155 1565 1804 1620; baseline 0.004 -16"><span class='ocrx_word' id='word_1_153' title='bbox 155 1565 310 1605; x_wconf 89' lang='lat' dir='ltr'>rarias</span> <span class='ocrx_word' id='word_1_154' title='bbox 330 1566 532 1606; x_wconf 87' lang='lat' dir='ltr'>recitare</span> <span class='ocrx_word' id='word_1_155' title='bbox 549 1579 852 1618; x_wconf 90' lang='lat' dir='ltr'>nequeamus;</span> <span class='ocrx_word' id='word_1_156' title='bbox 871 1569 995 1620; x_wconf 91' lang='lat' dir='ltr'>quod</span> <span class='ocrx_word' id='word_1_157' title='bbox 1012 1569 1050 1608; x_wconf 89' lang='lat' dir='ltr'>si</span> <span class='ocrx_word' id='word_1_158' title='bbox 1066 1570 1224 1620; x_wconf 90' lang='lat' dir='ltr'>plures</span> <span class='ocrx_word' id='word_1_159' title='bbox 1242 1581 1466 1620; x_wconf 87' lang='lat' dir='ltr'>essemus,</span> <span class='ocrx_word' id='word_1_160' title='bbox 1487 1582 1593 1610; x_wconf 92' lang='lat' dir='ltr'>cum</span> <span class='ocrx_word' id='word_1_161' title='bbox 1610 1571 1804 1611; x_wconf 90' lang='lat' dir='ltr'>assidue</span> 
     </span>
     <span class='ocr_line' id='line_1_21' title="bbox 160 1637 1807 1692; baseline 0.004 -17"><span class='ocrx_word' id='word_1_162' title='bbox 160 1643 377 1687; x_wconf 89' lang='lat' dir='ltr'>quatuor,</span> <span class='ocrx_word' id='word_1_163' title='bbox 402 1637 518 1677; x_wconf 91' lang='lat' dir='ltr'>alias</span> <span class='ocrx_word' id='word_1_164' title='bbox 538 1639 577 1688; x_wconf 81' lang='lat'>5,</span> <span class='ocrx_word' id='word_1_165' title='bbox 603 1639 720 1678; x_wconf 91' lang='lat' dir='ltr'>alias</span> <span class='ocrx_word' id='word_1_166' title='bbox 740 1651 852 1679; x_wconf 87' lang='lat' dir='ltr'>vero</span> <span class='ocrx_word' id='word_1_167' title='bbox 874 1639 899 1678; x_wconf 80' lang='lat'>6</span> <span class='ocrx_word' id='word_1_168' title='bbox 920 1639 1080 1691; x_wconf 88' lang='lat' dir='ltr'>simus,</span> <span class='ocrx_word' id='word_1_169' title='bbox 1100 1652 1187 1680; x_wconf 88' lang='lat' dir='ltr'>nec</span> <span class='ocrx_word' id='word_1_170' title='bbox 1204 1652 1341 1680; x_wconf 91' lang='lat' dir='ltr'>mane</span> <span class='ocrx_word' id='word_1_171' title='bbox 1359 1652 1444 1680; x_wconf 91' lang='lat' dir='ltr'>nec</span> <span class='ocrx_word' id='word_1_172' title='bbox 1465 1652 1490 1680; x_wconf 90' lang='lat' dir='ltr'>a</span> <span class='ocrx_word' id='word_1_173' title='bbox 1508 1641 1706 1692; x_wconf 87' lang='lat' dir='ltr'>prandio</span> <span class='ocrx_word' id='word_1_174' title='bbox 1724 1642 1807 1682; x_wconf 91' lang='lat' dir='ltr'>sed</span> 
     </span>
     <span class='ocr_line' id='line_1_22' title="bbox 160 1708 1805 1763; baseline 0.004 -16"><span class='ocrx_word' id='word_1_175' title='bbox 160 1708 351 1748; x_wconf 88' lang='lat' dir='ltr'>minime</span> <span class='ocrx_word' id='word_1_176' title='bbox 373 1716 528 1760; x_wconf 87' lang='lat' dir='ltr'>noctu,</span> <span class='ocrx_word' id='word_1_177' title='bbox 553 1710 593 1749; x_wconf 90' lang='lat' dir='ltr'>si</span> <span class='ocrx_word' id='word_1_178' title='bbox 613 1711 833 1750; x_wconf 90' lang='lat' dir='ltr'>mulieres</span> <span class='ocrx_word' id='word_1_179' title='bbox 854 1718 903 1751; x_wconf 93' lang='lat' dir='ltr'>ut</span> <span class='ocrx_word' id='word_1_180' title='bbox 925 1711 1141 1751; x_wconf 89' lang='lat' dir='ltr'>homines</span> <span class='ocrx_word' id='word_1_181' title='bbox 1158 1712 1529 1763; x_wconf 83' lang='lat' dir='ltr'>admitterentur,</span> <span class='ocrx_word' id='word_1_182' title='bbox 1551 1713 1805 1753; x_wconf 90' lang='lat' dir='ltr'>confessio-</span> 
     </span>
     <span class='ocr_line' id='line_1_23' title="bbox 159 1779 1804 1834; baseline 0.003 -15"><span class='ocrx_word' id='word_1_183' title='bbox 159 1779 297 1819; x_wconf 88' lang='lat' dir='ltr'>nibus</span> <span class='ocrx_word' id='word_1_184' title='bbox 318 1779 649 1821; x_wconf 86' lang='lat' dir='ltr'>sufficeremus.</span> <span class='ocrx_word' id='word_1_185' title='bbox 675 1782 855 1822; x_wconf 89' lang='lat' dir='ltr'>Tantus</span> <span class='ocrx_word' id='word_1_186' title='bbox 876 1782 1091 1833; x_wconf 85' lang='lat' dir='ltr'>profecto</span> <span class='ocrx_word' id='word_1_187' title='bbox 1115 1790 1183 1823; x_wconf 91' lang='lat' dir='ltr'>est</span> <span class='ocrx_word' id='word_1_188' title='bbox 1206 1783 1507 1834; x_wconf 89' lang='lat' dir='ltr'>quotidianus</span> <span class='ocrx_word' id='word_1_189' title='bbox 1528 1795 1804 1834; x_wconf 88' lang='lat' dir='ltr'>concursus,</span> 
     </span>
     <span class='ocr_line' id='line_1_24' title="bbox 160 1853 1803 1907; baseline 0.004 -17"><span class='ocrx_word' id='word_1_190' title='bbox 160 1857 210 1891; x_wconf 91' lang='lat' dir='ltr'>ut</span> <span class='ocrx_word' id='word_1_191' title='bbox 227 1862 394 1902; x_wconf 91' lang='lat' dir='ltr'>parum</span> <span class='ocrx_word' id='word_1_192' title='bbox 408 1859 582 1903; x_wconf 86' lang='lat' dir='ltr'>putem,</span> <span class='ocrx_word' id='word_1_193' title='bbox 603 1853 642 1893; x_wconf 89' lang='lat' dir='ltr'>si</span> <span class='ocrx_word' id='word_1_194' title='bbox 659 1853 747 1893; x_wconf 87' lang='lat' dir='ltr'>hoc</span> <span class='ocrx_word' id='word_1_195' title='bbox 767 1853 1064 1894; x_wconf 84' lang='lat' dir='ltr'>Christianae</span> <span class='ocrx_word' id='word_1_196' title='bbox 1082 1854 1354 1895; x_wconf 82' lang='lat' dir='ltr'>Nativitatis</span> <span class='ocrx_word' id='word_1_197' title='bbox 1370 1855 1504 1907; x_wconf 79' lang='lat' dir='ltr'>festo,</span> <span class='ocrx_word' id='word_1_198' title='bbox 1524 1855 1727 1896; x_wconf 90' lang='lat' dir='ltr'>interdiu</span> <span class='ocrx_word' id='word_1_199' title='bbox 1746 1856 1803 1896; x_wconf 90' lang='lat' dir='ltr'>ad</span> 
     </span>
     <span class='ocr_line' id='line_1_25' title="bbox 156 1922 1803 1978; baseline 0.004 -17"><span class='ocrx_word' id='word_1_200' title='bbox 156 1922 359 1973; x_wconf 88' lang='lat' dir='ltr'>primam</span> <span class='ocrx_word' id='word_1_201' title='bbox 379 1924 753 1974; x_wconf 88' lang='lat' dir='ltr'>pomeridianam</span> <span class='ocrx_word' id='word_1_202' title='bbox 775 1926 957 1976; x_wconf 89' lang='lat' dir='ltr'>horam,</span> <span class='ocrx_word' id='word_1_203' title='bbox 982 1932 1124 1966; x_wconf 91' lang='lat' dir='ltr'>noctu</span> <span class='ocrx_word' id='word_1_204' title='bbox 1148 1938 1277 1976; x_wconf 83' lang='lat' dir='ltr'>vero,</span> <span class='ocrx_word' id='word_1_205' title='bbox 1302 1927 1452 1966; x_wconf 88' lang='lat' dir='ltr'>cereis</span> <span class='ocrx_word' id='word_1_206' title='bbox 1474 1927 1520 1966; x_wconf 90' lang='lat' dir='ltr'>in</span> <span class='ocrx_word' id='word_1_207' title='bbox 1538 1928 1710 1978; x_wconf 89' lang='lat' dir='ltr'>templo</span> <span class='ocrx_word' id='word_1_208' title='bbox 1730 1939 1803 1967; x_wconf 91' lang='lat' dir='ltr'>ac-</span> 
     </span>
     <span class='ocr_line' id='line_1_26' title="bbox 158 1994 1803 2047; baseline 0.004 -14"><span class='ocrx_word' id='word_1_209' title='bbox 158 1994 330 2044; x_wconf 81' lang='lat' dir='ltr'>censiS,</span> <span class='ocrx_word' id='word_1_210' title='bbox 356 2006 517 2035; x_wconf 89' lang='lat' dir='ltr'>omnes</span> <span class='ocrx_word' id='word_1_211' title='bbox 535 2001 761 2047; x_wconf 90' lang='lat' dir='ltr'>quotquot</span> <span class='ocrx_word' id='word_1_212' title='bbox 778 1996 853 2036; x_wconf 86' lang='lat' dir='ltr'>hic</span> <span class='ocrx_word' id='word_1_213' title='bbox 872 2009 1034 2037; x_wconf 90' lang='lat' dir='ltr'>sumus</span> <span class='ocrx_word' id='word_1_214' title='bbox 1052 1997 1424 2038; x_wconf 86' lang='lat' dir='ltr'>confessionibus</span> <span class='ocrx_word' id='word_1_215' title='bbox 1441 1998 1644 2038; x_wconf 89' lang='lat' dir='ltr'>intentos</span> <span class='ocrx_word' id='word_1_216' title='bbox 1659 1998 1803 2039; x_wconf 85' lang='lat' dir='ltr'>fuisse</span> 
     </span>
     <span class='ocr_line' id='line_1_27' title="bbox 155 2067 1803 2121; baseline 0.002 -16"><span class='ocrx_word' id='word_1_217' title='bbox 155 2077 455 2117; x_wconf 87' lang='lat' dir='ltr'>recenseam,</span> <span class='ocrx_word' id='word_1_218' title='bbox 493 2072 542 2106; x_wconf 93' lang='lat' dir='ltr'>ut</span> <span class='ocrx_word' id='word_1_219' title='bbox 581 2068 662 2107; x_wconf 74' lang='lat' dir='ltr'>vix</span> <span class='ocrx_word' id='word_1_220' title='bbox 698 2067 823 2108; x_wconf 90' lang='lat' dir='ltr'>aliud</span> <span class='ocrx_word' id='word_1_221' title='bbox 859 2075 1128 2120; x_wconf 85' lang='lat' dir='ltr'>suppeteret</span> <span class='ocrx_word' id='word_1_222' title='bbox 1164 2075 1372 2121; x_wconf 89' lang='lat' dir='ltr'>tempus,</span> <span class='ocrx_word' id='word_1_223' title='bbox 1408 2082 1547 2121; x_wconf 88' lang='lat' dir='ltr'>quam</span> <span class='ocrx_word' id='word_1_224' title='bbox 1585 2070 1708 2121; x_wconf 89' lang='lat' dir='ltr'>quod</span> <span class='ocrx_word' id='word_1_225' title='bbox 1744 2071 1803 2110; x_wconf 90' lang='lat' dir='ltr'>ad</span> 
     </span>
     <span class='ocr_line' id='line_1_28' title="bbox 155 2137 1801 2193; baseline 0.003 -17"><span class='ocrx_word' id='word_1_226' title='bbox 155 2137 363 2188; x_wconf 90' lang='lat' dir='ltr'>psalmos</span> <span class='ocrx_word' id='word_1_227' title='bbox 384 2138 602 2178; x_wconf 90' lang='lat' dir='ltr'>horarios</span> <span class='ocrx_word' id='word_1_228' title='bbox 623 2140 893 2180; x_wconf 84' lang='lat' dir='ltr'>recitandos</span> <span class='ocrx_word' id='word_1_229' title='bbox 916 2147 995 2180; x_wconf 91' lang='lat' dir='ltr'>aut</span> <span class='ocrx_word' id='word_1_230' title='bbox 1017 2141 1076 2181; x_wconf 89' lang='lat' dir='ltr'>ad</span> <span class='ocrx_word' id='word_1_231' title='bbox 1099 2142 1267 2193; x_wconf 88' lang='lat' dir='ltr'>quietis</span> <span class='ocrx_word' id='word_1_232' title='bbox 1289 2140 1463 2193; x_wconf 87' lang='lat' dir='ltr'>aliquid</span> <span class='ocrx_word' id='word_1_233' title='bbox 1480 2142 1801 2192; x_wconf 72' lang='lat' dir='ltr'>capiebamus.</span> 
     </span>
    </p>

    <p class='ocr_par' dir='ltr' id='par_1_4' title="bbox 152 2207 1801 3048">
     <span class='ocr_line' id='line_1_29' title="bbox 237 2207 1800 2262; baseline 0.003 -14"><span class='ocrx_word' id='word_1_234' title='bbox 237 2207 311 2248; x_wconf 87' lang='lat' dir='ltr'>Ad</span> <span class='ocrx_word' id='word_1_235' title='bbox 334 2209 456 2249; x_wconf 88' lang='lat' dir='ltr'>idem</span> <span class='ocrx_word' id='word_1_236' title='bbox 476 2210 633 2250; x_wconf 89' lang='lat' dir='ltr'>multis</span> <span class='ocrx_word' id='word_1_237' title='bbox 655 2211 759 2251; x_wconf 85' lang='lat' dir='ltr'>aliis</span> <span class='ocrx_word' id='word_1_238' title='bbox 780 2212 828 2251; x_wconf 94' lang='lat' dir='ltr'>in</span> <span class='ocrx_word' id='word_1_239' title='bbox 851 2213 966 2252; x_wconf 93' lang='lat' dir='ltr'>locis</span> <span class='ocrx_word' id='word_1_240' title='bbox 987 2212 1255 2252; x_wconf 85' lang='lat' dir='ltr'>faciendum</span> <span class='ocrx_word' id='word_1_241' title='bbox 1279 2212 1444 2252; x_wconf 81' lang='lat' dir='ltr'>Patres</span> <span class='ocrx_word' id='word_1_242' title='bbox 1472 2213 1800 2262; x_wconf 71' lang='lat' dir='ltr'>sollicitantur,</span> 
     </span>
     <span class='ocr_line' id='line_1_30' title="bbox 155 2281 1801 2336; baseline 0.004 -18"><span class='ocrx_word' id='word_1_243' title='bbox 155 2285 204 2319; x_wconf 88' lang='lat' dir='ltr'>at</span> <span class='ocrx_word' id='word_1_244' title='bbox 219 2291 305 2319; x_wconf 89' lang='lat' dir='ltr'>nos</span> <span class='ocrx_word' id='word_1_245' title='bbox 321 2281 556 2320; x_wconf 88' lang='lat' dir='ltr'>nonnullis</span> <span class='ocrx_word' id='word_1_246' title='bbox 573 2281 908 2333; x_wconf 88' lang='lat' dir='ltr'>satisfacimus,</span> <span class='ocrx_word' id='word_1_247' title='bbox 928 2290 1177 2335; x_wconf 84' lang='lat' dir='ltr'>propterea</span> <span class='ocrx_word' id='word_1_248' title='bbox 1192 2284 1316 2336; x_wconf 92' lang='lat' dir='ltr'>quod</span> <span class='ocrx_word' id='word_1_249' title='bbox 1328 2284 1468 2335; x_wconf 92' lang='lat' dir='ltr'>pauci</span> <span class='ocrx_word' id='word_1_250' title='bbox 1483 2295 1659 2334; x_wconf 79' lang='lat' dir='ltr'>sumus3</span> <span class='ocrx_word' id='word_1_251' title='bbox 1679 2284 1801 2324; x_wconf 91' lang='lat' dir='ltr'>idem</span> 
     </span>
     <span class='ocr_line' id='line_1_31' title="bbox 155 2350 1801 2406; baseline 0.004 -17"><span class='ocrx_word' id='word_1_252' title='bbox 155 2350 203 2390; x_wconf 91' lang='lat' dir='ltr'>in</span> <span class='ocrx_word' id='word_1_253' title='bbox 231 2350 602 2394; x_wconf 86' lang='lat' dir='ltr'>confessionibus</span> <span class='ocrx_word' id='word_1_254' title='bbox 636 2365 907 2405; x_wconf 80' lang='lat' dir='ltr'>servamuS,</span> <span class='ocrx_word' id='word_1_255' title='bbox 948 2361 997 2394; x_wconf 92' lang='lat' dir='ltr'>ut</span> <span class='ocrx_word' id='word_1_256' title='bbox 1028 2355 1262 2406; x_wconf 88' lang='lat' dir='ltr'>possimus</span> <span class='ocrx_word' id='word_1_257' title='bbox 1297 2367 1392 2403; x_wconf 81' lang='lat' dir='ltr'>eos,</span> <span class='ocrx_word' id='word_1_258' title='bbox 1433 2355 1510 2406; x_wconf 92' lang='lat' dir='ltr'>qui</span> <span class='ocrx_word' id='word_1_259' title='bbox 1544 2355 1604 2395; x_wconf 89' lang='lat' dir='ltr'>ad</span> <span class='ocrx_word' id='word_1_260' title='bbox 1633 2367 1720 2395; x_wconf 91' lang='lat' dir='ltr'>nos</span> <span class='ocrx_word' id='word_1_261' title='bbox 1754 2356 1801 2395; x_wconf 89' lang='lat' dir='ltr'>in</span> 
     </span>
     <span class='ocr_line' id='line_1_32' title="bbox 154 2422 1801 2476; baseline 0.003 -15"><span class='ocrx_word' id='word_1_262' title='bbox 154 2433 304 2461; x_wconf 89' lang='lat' dir='ltr'>nram.</span> <span class='ocrx_word' id='word_1_263' title='bbox 329 2422 577 2462; x_wconf 86' lang='lat' dir='ltr'>ecclesiam</span> <span class='ocrx_word' id='word_1_264' title='bbox 599 2424 807 2475; x_wconf 80' lang='lat' dir='ltr'>veniunt,</span> <span class='ocrx_word' id='word_1_265' title='bbox 828 2424 1004 2465; x_wconf 90' lang='lat' dir='ltr'>audire.</span> <span class='ocrx_word' id='word_1_266' title='bbox 1025 2425 1347 2466; x_wconf 86' lang='lat' dir='ltr'>Concionatur</span> <span class='ocrx_word' id='word_1_267' title='bbox 1364 2426 1504 2466; x_wconf 89' lang='lat' dir='ltr'>Pater</span> <span class='ocrx_word' id='word_1_268' title='bbox 1520 2425 1578 2466; x_wconf 92' lang='lat' dir='ltr'>D.</span> <span class='ocrx_word' id='word_1_269' title='bbox 1599 2426 1801 2476; x_wconf 80' lang='lat' dir='ltr'>Goncal-</span> 
     </span>
     <span class='ocr_line' id='line_1_33' title="bbox 152 2493 1797 2548; baseline 0.003 -16"><span class='ocrx_word' id='word_1_270' title='bbox 152 2503 242 2533; x_wconf 86' lang='lat' dir='ltr'>vus</span> <span class='ocrx_word' id='word_1_271' title='bbox 265 2493 438 2544; x_wconf 86' lang='lat' dir='ltr'>optime</span> <span class='ocrx_word' id='word_1_272' title='bbox 459 2499 504 2533; x_wconf 89' lang='lat' dir='ltr'>et</span> <span class='ocrx_word' id='word_1_273' title='bbox 525 2494 950 2546; x_wconf 85' lang='lat' dir='ltr'>vehementissime,</span> <span class='ocrx_word' id='word_1_274' title='bbox 975 2509 1066 2548; x_wconf 92' lang='lat' dir='ltr'>quo</span> <span class='ocrx_word' id='word_1_275' title='bbox 1084 2497 1131 2537; x_wconf 92' lang='lat' dir='ltr'>in</span> <span class='ocrx_word' id='word_1_276' title='bbox 1148 2497 1409 2537; x_wconf 88' lang='lat' dir='ltr'>ministerio</span> <span class='ocrx_word' id='word_1_277' title='bbox 1428 2509 1527 2537; x_wconf 90' lang='lat' dir='ltr'>rem</span> <span class='ocrx_word' id='word_1_278' title='bbox 1548 2497 1677 2537; x_wconf 91' lang='lat' dir='ltr'>illum</span> <span class='ocrx_word' id='word_1_279' title='bbox 1693 2508 1797 2548; x_wconf 83' lang='lat' dir='ltr'>gra-</span> 
     </span>
     <span class='ocr_line' id='line_1_34' title="bbox 154 2564 1800 2619; baseline 0.002 -15"><span class='ocrx_word' id='word_1_280' title='bbox 154 2564 386 2604; x_wconf 89' lang='lat' dir='ltr'>tissimam</span> <span class='ocrx_word' id='word_1_281' title='bbox 406 2564 509 2605; x_wconf 91' lang='lat' dir='ltr'>Deo</span> <span class='ocrx_word' id='word_1_282' title='bbox 531 2565 687 2605; x_wconf 70' lang='lat' dir='ltr'>faeere</span> <span class='ocrx_word' id='word_1_283' title='bbox 710 2567 958 2607; x_wconf 87' lang='lat' dir='ltr'>credimus.</span> <span class='ocrx_word' id='word_1_284' title='bbox 982 2568 1065 2608; x_wconf 89' lang='lat' dir='ltr'>Est</span> <span class='ocrx_word' id='word_1_285' title='bbox 1087 2569 1134 2608; x_wconf 90' lang='lat' dir='ltr'>in</span> <span class='ocrx_word' id='word_1_286' title='bbox 1156 2569 1352 2608; x_wconf 88' lang='lat' dir='ltr'>dicendo</span> <span class='ocrx_word' id='word_1_287' title='bbox 1381 2575 1478 2608; x_wconf 88' lang='lat' dir='ltr'>tarn</span> <span class='ocrx_word' id='word_1_288' title='bbox 1505 2568 1678 2619; x_wconf 90' lang='lat' dir='ltr'>facilis,</span> <span class='ocrx_word' id='word_1_289' title='bbox 1702 2574 1800 2609; x_wconf 89' lang='lat' dir='ltr'>tam</span> 
     </span>
     <span class='ocr_line' id='line_1_35' title="bbox 155 2635 1799 2691; baseline 0.004 -17"><span class='ocrx_word' id='word_1_290' title='bbox 155 2635 374 2687; x_wconf 91' lang='lat' dir='ltr'>copiosus</span> <span class='ocrx_word' id='word_1_291' title='bbox 391 2642 436 2675; x_wconf 89' lang='lat' dir='ltr'>et</span> <span class='ocrx_word' id='word_1_292' title='bbox 446 2636 632 2682; x_wconf 84' lang='lat' dir='ltr'>ardens.</span> <span class='ocrx_word' id='word_1_293' title='bbox 649 2637 812 2688; x_wconf 89' lang='lat' dir='ltr'>suique</span> <span class='ocrx_word' id='word_1_294' title='bbox 830 2639 1063 2678; x_wconf 79' lang='lat' dir='ltr'>maximas</span> <span class='ocrx_word' id='word_1_295' title='bbox 1080 2640 1256 2679; x_wconf 83' lang='lat' dir='ltr'>excitat</span> <span class='ocrx_word' id='word_1_296' title='bbox 1273 2640 1640 2691; x_wconf 60' lang='lat' dir='ltr'>expect-(itiones,</span> <span class='ocrx_word' id='word_1_297' title='bbox 1659 2652 1799 2691; x_wconf 91' lang='lat' dir='ltr'>quem</span> 
     </span>
     <span class='ocr_line' id='line_1_36' title="bbox 153 2706 1797 2760; baseline 0.003 -14"><span class='ocrx_word' id='word_1_298' title='bbox 153 2706 214 2747; x_wconf 89' lang='lat' dir='ltr'>ad</span> <span class='ocrx_word' id='word_1_299' title='bbox 235 2706 520 2747; x_wconf 89' lang='lat' dir='ltr'>audiendum</span> <span class='ocrx_word' id='word_1_300' title='bbox 541 2707 876 2760; x_wconf 86' lang='lat' dir='ltr'>cujuscumque</span> <span class='ocrx_word' id='word_1_301' title='bbox 904 2709 1031 2749; x_wconf 90' lang='lat' dir='ltr'>modi</span> <span class='ocrx_word' id='word_1_302' title='bbox 1059 2710 1302 2750; x_wconf 87' lang='lat' dir='ltr'>hominum</span> <span class='ocrx_word' id='word_1_303' title='bbox 1330 2710 1411 2750; x_wconf 90' lang='lat' dir='ltr'>sed</span> <span class='ocrx_word' id='word_1_304' title='bbox 1438 2711 1642 2751; x_wconf 84' lang='lat' dir='ltr'>maxime</span> <span class='ocrx_word' id='word_1_305' title='bbox 1672 2712 1797 2751; x_wconf 91' lang='lat' dir='ltr'>nobi-</span> 
     </span>
     <span class='ocr_line' id='line_1_37' title="bbox 153 2777 1799 2833; baseline 0.003 -16"><span class='ocrx_word' id='word_1_306' title='bbox 153 2777 267 2818; x_wconf 90' lang='lat' dir='ltr'>lium</span> <span class='ocrx_word' id='word_1_307' title='bbox 298 2778 650 2818; x_wconf 87' lang='lat' dir='ltr'>innumerabilis</span> <span class='ocrx_word' id='word_1_308' title='bbox 684 2779 930 2820; x_wconf 88' lang='lat' dir='ltr'>multitudo</span> <span class='ocrx_word' id='word_1_309' title='bbox 964 2781 1206 2832; x_wconf 76' lang='lat' dir='ltr'>convenit,</span> <span class='ocrx_word' id='word_1_310' title='bbox 1238 2782 1405 2833; x_wconf 91' lang='lat' dir='ltr'>quibus</span> <span class='ocrx_word' id='word_1_311' title='bbox 1433 2782 1529 2832; x_wconf 90' lang='lat' dir='ltr'>ille,</span> <span class='ocrx_word' id='word_1_312' title='bbox 1560 2787 1609 2822; x_wconf 87' lang='lat' dir='ltr'>ut</span> <span class='ocrx_word' id='word_1_313' title='bbox 1637 2782 1799 2822; x_wconf 87' lang='lat' dir='ltr'>Videre</span> 
     </span>
     <span class='ocr_line' id='line_1_38' title="bbox 152 2838 1795 2903; baseline 0.002 -14"><span class='ocrx_word' id='word_1_314' title='bbox 152 2855 237 2899; x_wconf 90' lang='lat' dir='ltr'>est,</span> <span class='ocrx_word' id='word_1_315' title='bbox 261 2850 430 2901; x_wconf 90' lang='lat' dir='ltr'>placet.</span> <span class='ocrx_word' id='word_1_316' title='bbox 454 2849 631 2890; x_wconf 88' lang='lat' dir='ltr'>Diebus</span> <span class='ocrx_word' id='word_1_317' title='bbox 653 2862 836 2902; x_wconf 93' lang='lat' dir='ltr'>quoque</span> <span class='ocrx_word' id='word_1_318' title='bbox 852 2838 1092 2903; x_wconf 78' lang='lat' dir='ltr'>mercurii,</span> <span class='ocrx_word' id='word_1_319' title='bbox 1116 2853 1206 2892; x_wconf 87' lang='lat' dir='ltr'>nisi</span> <span class='ocrx_word' id='word_1_320' title='bbox 1226 2853 1396 2893; x_wconf 88' lang='lat' dir='ltr'>festum</span> <span class='ocrx_word' id='word_1_321' title='bbox 1424 2853 1469 2893; x_wconf 90' lang='lat' dir='ltr'>in</span> <span class='ocrx_word' id='word_1_322' title='bbox 1501 2853 1795 2894; x_wconf 87' lang='lat' dir='ltr'>hebdomada</span> 
     </span>
     <span class='ocr_line' id='line_1_39' title="bbox 152 2921 1796 2977; baseline 0.003 -17"><span class='ocrx_word' id='word_1_323' title='bbox 152 2921 343 2973; x_wconf 91' lang='lat' dir='ltr'>aliquod</span> <span class='ocrx_word' id='word_1_324' title='bbox 364 2921 665 2972; x_wconf 88' lang='lat' dir='ltr'>intercurrat,</span> <span class='ocrx_word' id='word_1_325' title='bbox 689 2934 782 2962; x_wconf 92' lang='lat' dir='ltr'>non</span> <span class='ocrx_word' id='word_1_326' title='bbox 804 2922 904 2962; x_wconf 90' lang='lat' dir='ltr'>sine</span> <span class='ocrx_word' id='word_1_327' title='bbox 924 2934 1097 2974; x_wconf 85' lang='lat' dir='ltr'>magno</span> <span class='ocrx_word' id='word_1_328' title='bbox 1116 2930 1353 2964; x_wconf 86' lang='lat' dir='ltr'>conventu</span> <span class='ocrx_word' id='word_1_329' title='bbox 1372 2936 1426 2964; x_wconf 87' lang='lat' dir='ltr'>ac</span> <span class='ocrx_word' id='word_1_330' title='bbox 1443 2924 1708 2977; x_wconf 87' lang='lat' dir='ltr'>frequentia</span> <span class='ocrx_word' id='word_1_331' title='bbox 1726 2937 1796 2965; x_wconf 82' lang='lat' dir='ltr'>sa—</span> 
     </span>
     <span class='ocr_line' id='line_1_40' title="bbox 153 2992 1797 3048; baseline 0.003 -17"><span class='ocrx_word' id='word_1_332' title='bbox 153 3003 263 3032; x_wconf 92' lang='lat' dir='ltr'>crae</span> <span class='ocrx_word' id='word_1_333' title='bbox 284 2992 487 3048; x_wconf 86' lang='lat' dir='ltr'>paginae</span> <span class='ocrx_word' id='word_1_334' title='bbox 508 2992 755 3032; x_wconf 89' lang='lat' dir='ltr'>lectionem</span> <span class='ocrx_word' id='word_1_335' title='bbox 777 2999 982 3033; x_wconf 88' lang='lat' dir='ltr'>enarrat.</span> <span class='ocrx_word' id='word_1_336' title='bbox 1012 2994 1152 3034; x_wconf 86' lang='lat' dir='ltr'>Pater</span> <span class='ocrx_word' id='word_1_337' title='bbox 1180 2995 1455 3045; x_wconf 81' lang='lat' dir='ltr'>Goncalvus</span> <span class='ocrx_word' id='word_1_338' title='bbox 1476 2995 1611 3036; x_wconf 87' lang='lat' dir='ltr'>Vaaz</span> <span class='ocrx_word' id='word_1_339' title='bbox 1632 2996 1797 3036; x_wconf 91' lang='lat' dir='ltr'>diebus</span> 
     </span>
    </p>
   </div>
  </div>
 </body>
</html>
