2080 3392
309 220 354 255 76
822 219 1048 255 LITTERAE
1075 228 1432 261 QUADRIMESTRES

307 327 463 367 genua
500 316 687 356 tandem
726 315 879 356 Patris
919 315 1115 366 supplex
1154 314 1367 365 devenit,
1415 313 1545 365 cujus
1591 315 1934 367 importunitati

308 387 462 427 resisti
495 398 588 426 non
613 387 783 438 potuit;
815 392 1014 426 vocatur
1049 385 1299 425 Antichius
1327 384 1511 436 Rocha,
1542 385 1809 426 firmissima
1838 397 1937 426 cor-

311 457 439 509 poris
479 457 769 507 habitudine,
810 457 1090 507 vigesimum
1129 462 1345 507 quartum
1384 467 1558 496 annum
1596 457 1851 508 attingens,
1893 456 1939 496 in

308 528 452 568 latina
475 529 632 579 lingua
654 539 747 567 non
767 539 954 579 parum,
978 527 1024 567 in
1050 527 1236 577 graecis
1260 527 1496 577 nonnihil,
1526 527 1572 566 in
1602 527 1940 578 philosophicis

310 606 354 638 et
377 599 722 639 mathematicis
743 598 857 638 satis
878 598 1177 638 exercitatus.

388 669 493 709 Duo
533 669 712 720 equites
752 668 1050 709 Conchenses
1085 675 1128 708 et
1164 668 1349 719 quidem
1385 669 1512 707 claro
1554 668 1782 718 sanguine.
1822 668 1935 717 nati,

308 740 521 790 germani
570 739 766 790 fratres,
816 739 875 779 ad
923 740 1010 779 hoc
1057 746 1270 779 nostrum
1317 738 1583 778 Gandiense
1625 739 1847 789 oppidum
1891 750 1940 778 se

310 811 633 861 contulerant,
675 817 724 850 ut
760 816 951 862 possent
990 811 1036 850 in
1075 810 1396 860 spiritualibus
1435 809 1815 849 meditationibus
1855 809 1939 849 sub

311 881 383 921 Re
407 882 638 932 exerceri3
669 881 893 933 majorem
914 888 1025 921 natu
1047 882 1194 921 movit
1224 881 1508 921 desiderium
1534 880 1827 931 ingrediendi
1856 880 1942 920 Re-

307 953 527 1003 ligionem
567 960 610 992 et
646 952 839 992 sollicite
880 964 985 992 cum
1023 951 1279 1003 lachrymis
1313 951 1479 1003 petivit
1514 958 1563 991 ut
1598 951 1940 991 admitteretur:

308 1035 401 1063 non
434 1023 521 1063 sibi
555 1024 762 1074 quietum
796 1024 842 1063 in
876 1023 1100 1074 religione
1136 1023 1326 1075 optabat
1361 1023 1504 1062 otium
1539 1022 1621 1062 sed
1656 1022 1703 1062 in
1738 1022 1866 1062 duris
1898 1028 1942 1061 et

307 1094 553 1134 laboriosis
575 1094 791 1145 operibus
812 1094 958 1134 vitam
980 1105 1120 1144 agere
1142 1093 1419 1144 exoptabat:
1446 1099 1490 1133 et
1512 1093 1725 1144 quamvis
1755 1092 1813 1132 ad
1842 1104 1939 1143 per-

307 1164 478 1205 fectam
517 1165 782 1205 devenisset
820 1170 1045 1215 aetatem,
1087 1171 1187 1204 erat
1226 1170 1384 1204 tamen
1423 1165 1596 1204 teneris
1634 1176 1689 1204 ac
1731 1163 1944 1203 delicatis

311 1236 530 1276 membris
559 1242 604 1276 et
635 1235 823 1276 minime
850 1236 999 1276 labori
1027 1236 1169 1286 aptis,
1200 1234 1414 1286 quodque
1449 1234 1598 1285 majus
1634 1240 1723 1285 est,
1760 1235 1942 1274 litteras

310 1319 367 1346 ne
402 1307 585 1346 viderat
620 1307 819 1358 quidem.
861 1306 981 1346 Hinc
1016 1312 1126 1346 nata
1166 1312 1235 1345 est
1274 1306 1461 1345 occasio
1500 1305 1627 1345 Patri
1667 1304 1942 1356 repudiandi

311 1389 431 1428 eum,
457 1376 626 1428 injecta
647 1384 804 1417 tamen
824 1377 871 1416 in
891 1377 1096 1416 futurum
1118 1388 1199 1427 spe
1221 1377 1399 1427 aliqua;
1429 1377 1494 1416 sic
1517 1376 1663 1416 tristis
1690 1384 1734 1416 et
1755 1376 1938 1427 lachry-

311 1448 572 1487 mabundus
594 1448 728 1497 abiit,
761 1447 876 1487 adeo
898 1454 947 1487 ut
968 1460 1054 1487 nos
1079 1448 1219 1487 etiam
1250 1447 1296 1486 in
1326 1448 1596 1498 lachrymas
1623 1447 1942 1486 commoverit.

312 1519 532 1558 Vicarius
554 1517 690 1568 hujus
713 1518 890 1569 oppidi,
925 1517 1101 1557 Doctor
1130 1518 1176 1557 in
1204 1518 1481 1567 theologicis
1509 1517 1791 1568 disciplinis,
1826 1518 1948 1557 inter

313 1590 542 1629 litteratos
560 1589 747 1629 minime
766 1588 1150 1637 contemnendus,
1171 1589 1475 1628 concionator
1495 1589 1787 1639 perelegans,
1807 1588 1948 1628 etiam

313 1661 396 1700 sub
431 1659 479 1700 P.
523 1672 570 1699 se
606 1660 839 1710 exercuit,
870 1659 947 1711 qui
975 1659 1046 1709 (ut
1075 1659 1329 1709 credimus)
1367 1659 1576 1699 decrevit
1602 1659 1883 1710 pedetentim
1920 1670 1947 1698 a

314 1731 451 1779 curis,
477 1731 522 1770 in
545 1730 711 1782 quibus
732 1736 800 1770 est
822 1730 1074 1779 involutus,
1099 1742 1148 1769 se
1170 1730 1404 1781 explicare
1421 1735 1465 1769 et
1486 1735 1649 1780 postea
1676 1735 1866 1769 nostrae
1897 1741 1947 1769 se

314 1802 583 1852 mancipare
622 1801 868 1852 religioni,
909 1801 1128 1852 quicquid
1166 1801 1441 1851 contigerit,
1479 1812 1561 1851 per
1600 1812 1729 1840 meas
1763 1801 1947 1841 litteras

315 1873 449 1912 scies.

393 1943 565 1983 Habuit
587 1943 780 1983 latinam
808 1943 1068 1983 orationem
1097 1943 1155 1982 ad
1182 1943 1403 1994 populum
1432 1943 1479 1982 in
1508 1942 1626 1982 festo
1653 1942 1765 1982 Divi
1793 1942 1949 1982 Lucae

316 2016 379 2064 (ut
401 2016 516 2054 solet
539 2014 735 2065 singulis
757 2014 890 2054 annis
912 2014 1030 2063 fieri)
1054 2026 1173 2054 unus
1195 2025 1253 2054 ex
1274 2014 1447 2053 nostris
1472 2013 1694 2053 fratribus
1723 2019 1837 2053 natu
1868 2014 1947 2052 mi-

315 2086 466 2125 nimus
487 2097 592 2125 cum
615 2096 795 2125 summo
825 2085 1051 2136 omnium,
1087 2085 1165 2135 qui
1196 2084 1412 2135 aderant,
1446 2085 1698 2135 applausu,
1736 2084 1795 2124 ad
1825 2084 1949 2123 exci-

318 2156 460 2196 tanda
482 2155 829 2195 adolescentum
850 2155 1039 2206 ingenia
1060 2156 1107 2194 in
1129 2156 1221 2194 otio
1252 2154 1606 2194 marcescentia.
1637 2154 1951 2206 Oppugnatae

314 2227 479 2266 deinde
501 2232 606 2266 sunt
627 2226 856 2277 Logicae,
880 2225 1238 2277 philosophicae
1260 2237 1314 2265 ac
1338 2225 1653 2276 Theologicae
1670 2225 1847 2265 Theses
1868 2237 1949 2276 pu-

314 2299 446 2346 bliee,
470 2304 717 2348 praesente
739 2298 924 2348 quidem
944 2298 1110 2337 illustri
1141 2297 1350 2337 virorum
1381 2308 1571 2337 corona.
1605 2297 1952 2337 illustrissimus

316 2381 516 2420 namque
536 2369 645 2409 Dux
666 2367 828 2408 aderat
849 2375 893 2408 et
922 2380 1152 2420 perquam
1181 2368 1480 2408 venerandus
1510 2368 1722 2408 militaris
1754 2367 1950 2418 Religio-

316 2442 386 2480 nis
408 2440 668 2480 Monteziae
689 2439 977 2491 praefectus,
1003 2439 1149 2479 Ducis
1170 2446 1389 2490 patruus,
1414 2439 1610 2479 aderant
1631 2445 1675 2479 et
1702 2438 1800 2490 ejus
1832 2438 1951 2478 ordi-

317 2512 390 2551 nis
414 2512 582 2551 milites
604 2511 1040 2561 (Commendatores
1061 2510 1246 2560 vocant)
1269 2511 1487 2561 permulti
1507 2511 1776 2561 equitesque
1805 2510 1884 2549 alii
1906 2515 1952 2549 et

315 2583 405 2622 viri
440 2584 644 2623 nobiles:
681 2588 979 2623 accesserant
1007 2588 1049 2621 et
1078 2582 1293 2621 consules
1321 2587 1365 2621 et
1393 2582 1448 2621 de
1478 2581 1610 2632 plebe
1645 2580 1845 2632 plurimi.
1876 2580 1951 2619 Ad

316 2654 494 2704 gradus
545 2654 972 2694 Bacchalaureatus
1019 2654 1093 2692 vel
1138 2652 1397 2703 magisterii
1442 2652 1583 2703 aliqui
1624 2663 1683 2692 ex
1733 2651 1954 2691 fratribus

318 2724 521 2775 promoti
553 2730 672 2763 sunt.
703 2723 937 2774 Deinceps
965 2728 1183 2773 coeptum
1216 2728 1285 2761 cst
1317 2722 1363 2761 in
1398 2722 1570 2762 scholis
1597 2721 1739 2761 latine
1765 2732 1955 2772 graece·

319 2806 407 2846 que
430 2794 728 2845 interpretari
750 2800 888 2845 atque
911 2793 1080 2833 artium
1102 2799 1145 2832 et
1167 2793 1432 2843 theologiae
1462 2792 1638 2843 studia,
1663 2798 1712 2831 ut
1742 2791 1954 2831 solebant

321 2871 480 2915 antea,
505 2865 714 2904 tractari.
738 2864 880 2904 Venit
899 2870 1004 2915 post
1025 2864 1201 2914 aliquot
1223 2863 1320 2903 dies
1346 2863 1689 2903 Illustrissimus
1718 2862 1793 2901 ille
1822 2872 1954 2912 prae·

320 2934 494 2985 fectus,
519 2934 652 2986 cujus
672 2935 860 2974 memini
887 2935 1125 2985 superius,
1149 2934 1277 2973 venit
1300 2933 1531 2985 (inquam)
1554 2933 1613 2973 ad
1642 2938 1851 2973 nostrum
1871 2931 1952 2971 Pa-

321 3012 439 3045 trem
461 3005 720 3056 Baptistam
742 3017 846 3045 curn
868 3017 1048 3045 summo
1070 3005 1290 3044 audiendi
1310 3004 1524 3043 liberales
1552 3009 1677 3043 artes
1707 3001 1950 3042 desiderio:
