2080 3392
283 179 353 216 170
792 177 1020 213 LITTERAE
1048 184 1404 218 QUADRIMESTRES

361 274 658 325 Occupamur
679 273 726 313 in
748 273 846 312 dies
874 272 1026 324 magis
1056 272 1103 312 in
1133 271 1375 311 audiendis
1404 269 1794 319 confessionibUS,
1818 275 1918 309 tum

280 345 425 395 domi,
456 344 503 383 in
527 343 731 395 templis,
762 349 860 383 tum
887 343 1028 382 etiam
1058 343 1103 382 in
1134 341 1333 393 privatis
1365 341 1572 380 aedibus.
1605 339 1701 380 Nec
1733 339 1913 390 desunt,

279 416 358 466 qui
388 421 510 455 totos
540 421 635 454 tum
662 415 709 453 in
729 414 822 464 his,
847 425 965 465 quae
987 413 1045 454 ad
1068 413 1274 453 animum
1295 412 1547 464 pertinent,
1573 418 1670 450 tum
1696 410 1800 450 aliis
1820 411 1914 462 qui-

280 486 441 526 busvis
472 486 518 525 in
547 486 708 535 rebus,
739 491 928 525 nostrae
959 484 1064 525 fidei
1092 495 1140 524 se
1173 483 1381 524 credant.
1414 482 1594 522 Crescit
1624 481 1766 521 etiam
1793 492 1913 521 com-

279 556 615 596 municantium
653 567 894 606 numerus,
937 562 981 595 et
1021 566 1134 595 sane
1168 554 1378 605 pluribus
1417 553 1546 593 hisce
1585 551 1913 592 Natalitiorum

277 627 407 666 festis
428 638 571 677 quam
593 632 730 666 antea
751 631 965 666 sanctam
988 625 1217 677 Synaxim
1239 623 1714 664 subministravimus.

355 697 497 737 Hisce
519 697 744 737 hactenus
766 703 809 737 et
831 697 955 747 aliis,
979 708 1097 748 quae
1125 695 1343 747 persequi
1370 694 1605 744 desinam,
1636 692 1810 733 Divina
1840 693 1914 732 be—

276 768 482 818 nignitas
502 779 588 807 nos
609 775 863 819 occupatos
890 773 1092 807 exercet.
1122 766 1207 806 His
1231 771 1386 805 autem
1415 766 1557 815 longe
1588 764 1813 814 graviora
1836 775 1913 802 ex-

275 845 531 890 pectamus,
557 850 698 889 quum
719 849 801 889 per
822 838 913 878 loci
933 838 1332 889 opportunitatem
1353 835 1425 875 his
1445 835 1600 874 licebit
1621 845 1810 874 vacare.

355 909 501 948 Varia
524 921 550 949 a
571 909 716 948 variis
738 909 966 948 hactenus
988 908 1257 959 excogitata
1277 907 1485 956 fuerunt,
1511 917 1600 957 quo
1621 904 1710 944 hac
1731 905 1778 944 in
1799 904 1911 944 civi—

275 985 369 1018 tate
390 980 522 1019 106115
544 979 832 1019 commodior
855 979 962 1019 huic
983 984 1146 1018 nostro
1165 977 1372 1028 Collegio
1391 977 1691 1026 deligeretur.
1712 974 1914 1014 Demum

276 1056 432 1089 autem
452 1049 552 1089 RdO
573 1050 629 1090 D.
654 1049 968 1101 Proepiscopo
992 1061 1047 1089 ac
1068 1049 1305 1100 primariis
1333 1046 1609 1098 quibusdam
1631 1045 1766 1097 hujus
1791 1057 1911 1085 com-

275 1121 514 1161 munitatis
543 1121 658 1160 viris
688 1121 843 1160 visum
869 1126 938 1160 est
965 1131 1196 1171 nusquam
1224 1119 1299 1159 hic
1326 1119 1482 1158 locum
1511 1117 1720 1157 instituto
1749 1122 1912 1156 nostro

276 1192 503 1243 aptiorem
523 1192 720 1243 reperiri
745 1203 883 1243 posse
911 1203 988 1242 eo,
1013 1191 1110 1242 qui,
1134 1190 1305 1230 scholis
1335 1189 1533 1241 publicis
1563 1188 1858 1239 designatus,
1883 1199 1911 1227 a

274 1262 618 1314 professoribus
654 1268 931 1313 occupatur;
963 1262 1020 1302 ob
1056 1261 1193 1313 idque
1221 1261 1461 1312 negotium
1497 1259 1654 1299 statim
1683 1259 1741 1298 ad
1767 1258 1914 1298 Reve-

274 1333 603 1373 rendissimum
642 1333 939 1373 Cardinalem
978 1339 1191 1372 nostrum
1231 1332 1436 1372 delatum
1475 1332 1740 1370 voluerunt.
1782 1329 1913 1380 Quae

275 1404 460 1455 quidem
474 1415 550 1444 res
567 1416 707 1456 quam
723 1403 861 1444 fuerit
879 1404 1021 1454 cordi,
1040 1404 1206 1443 litteris
1223 1403 1313 1442 huc
1330 1403 1486 1442 missis
1504 1401 1720 1441 ostendit.
1742 1399 1910 1451 Quum,

274 1475 476 1515 Domino
498 1475 786 1526 disponente,
811 1486 915 1514 eum
933 1475 1022 1514 huc
1040 1474 1263 1514 advenire
1286 1473 1504 1523 contigit,
1524 1484 1609 1512 sua
1627 1471 1914 1511 authoritate

274 1547 384 1597 quid
405 1546 560 1586 animo
582 1546 894 1597 concepisset,
924 1546 1080 1596 palam
1107 1545 1447 1584 demonstravit
1468 1550 1511 1583 et
1533 1543 1646 1592 iam,
1670 1554 1721 1582 re
1743 1541 1908 1581 delibe-

272 1623 390 1666 rata,
408 1617 455 1657 in
475 1617 566 1657 loci
586 1616 885 1668 adaptionem
907 1616 1132 1656 incumbit
1153 1622 1291 1667 atque
1313 1616 1442 1655 iuxta
1466 1614 1618 1654 ideam
1639 1614 1696 1653 ab
1716 1613 1912 1653 archite-

273 1695 347 1728 cto
369 1688 462 1728 iam
483 1688 764 1727 delineatam
785 1687 1047 1727 aedificium
1067 1687 1340 1738 propediem
1368 1686 1482 1736 (Deo
1509 1684 1713 1736 auspice)
1744 1695 1910 1734 aggre-

271 1759 435 1799 dietur.
494 1758 579 1798 His
628 1764 766 1808 atque
815 1758 917 1797 aliis
966 1757 1321 1809 quamplurimis
1370 1755 1659 1807 argumentis
1709 1754 1912 1794 ostendit

270 1830 404 1869 RfflUS
426 1830 500 1869 ille
523 1841 578 1869 ac
600 1828 720 1869 R.dus
743 1830 842 1869 eius
871 1829 1078 1869 vicarius
1109 1827 1395 1879 caeterique,
1425 1833 1522 1867 tum
1548 1827 1787 1876 doctores,
1813 1831 1911 1865 tum

270 1902 398 1941 cives
420 1901 632 1951 primarii
654 1901 787 1940 multi
809 1906 986 1952 quanta
1007 1912 1033 1939 a
1054 1898 1257 1939 Domino
1277 1910 1360 1950 per
1389 1898 1524 1938 huius
1546 1897 1741 1947 Collegii
1760 1896 1911 1936 nostri

269 1971 580 2011 ministerium
619 1977 867 2022 expectent
912 1971 958 2010 in
1006 1981 1300 2010 communem
1340 1969 1604 2008 animarum
1641 1968 1905 2008 utilitatem.

270 2042 408 2081 Faxit
425 2041 554 2081 Deus
572 2040 676 2091 Opt.
697 2040 821 2080 Max.
843 2047 892 2080 ut
910 2041 969 2080 ad
986 2040 1185 2091 gloriam
1203 2051 1335 2080 suam
1354 2051 1409 2079 ac
1427 2039 1710 2080 christianae
1727 2039 1911 2089 religio-

270 2113 341 2152 nis
370 2113 707 2152 incrementum
734 2123 896 2152 eorum
924 2111 1239 2163 expectationi
1269 2110 1629 2150 satisfaciamus.
1662 2111 1723 2151 Ut
1752 2116 1909 2149 autem

270 2185 434 2224 melius
476 2184 521 2223 id
562 2194 928 2234 consequamur,
966 2188 1073 2222 tuae
1114 2181 1167 2222 R.
1201 2181 1250 2221 P.
1282 2182 1499 2233 precibus
1537 2193 1622 2221 nos
1656 2181 1906 2232 plurimum

269 2254 673 2305 commendamus,
698 2254 995 2308 omniumque
1027 2252 1219 2293 Patrum
1250 2264 1305 2292 ac
1339 2251 1559 2302 fratrum,
1583 2263 1701 2303 quos
1735 2263 1828 2291 una
1863 2257 1908 2291 et

269 2326 433 2366 eodem
454 2336 613 2365 amore
633 2325 975 2376 complecteris.

349 2396 530 2437 Perusii
550 2408 658 2436 non.
685 2395 932 2436 Februarii
957 2395 1072 2435 1553.

350 2467 472 2507 Rdae
494 2466 592 2508 ΡΨ
618 2467 741 2507 V.rae
764 2478 930 2506 servus
952 2466 1124 2506 inutilis

1010 2608 1298 2647 EVERARDUS
1327 2607 1404 2646 MA
1413 2618 1684 2646 RCURIANUS.
