2080 3392
280 158 350 194 410
781 156 1006 194 LITTERAE
1034 167 1389 200 QUADRIMESTRES

994 604 1209 659 OGLII

352 841 552 888 Angelus
568 839 822 883 Punieinus‚

400 904 467 941 Ex
487 904 806 941 commissione
827 903 971 940 Patris
989 902 1114 940 Pauli
1136 902 1172 939 d'
1189 903 1389 949 Achillis,

449 970 569 1006 Patri
587 969 758 1016 Ignatio
777 968 963 1015 Loyola.

496 1034 734 1080 Panormo,
757 1033 804 1070 23
817 1033 1090 1080 Septembris
1115 1032 1207 1070 1553
1224 1033 1248 1071 ¹.

363 1454 475 1495 Gra.
500 1461 543 1494 et
565 1466 672 1505 pax.

364 1525 753 1576 Quandoquidem
774 1526 838 1565 ita
860 1531 1023 1565 sancta
1045 1524 1170 1564 iubet
1191 1523 1472 1573 obedientia,
1493 1522 1546 1563 R.
1566 1522 1614 1563 P.
1638 1523 1685 1562 in
1706 1522 1862 1573 Chro.‚
1887 1534 1913 1562 a

281 1608 373 1648 qua
394 1602 717 1636 transversum
740 1596 804 1646 (ut
821 1596 964 1646 aiunt)
982 1595 1178 1646 digitum
1195 1594 1434 1635 discedere
1451 1594 1582 1634 nefas
1598 1594 1732 1649 duco,
1752 1594 1915 1645 paucis

284 1678 339 1706 ea
360 1666 413 1706 R.
437 1666 486 1706 P.
510 1666 561 1706 Τ.
587 1667 891 1717 complectar,
916 1678 1034 1718 quae
1064 1666 1279 1717 proximo
1308 1665 1632 1714 quadrimesti,
1663 1676 1756 1704 non
1786 1664 1911 1704 indu-

284 1737 399 1778 stria
422 1737 607 1789 quidem
628 1744 707 1777 aut
728 1738 958 1788 dignitate
987 1748 1087 1777 nra.
1108 1769 1115 1786 ,
1140 1736 1222 1777 sed
1252 1748 1433 1776 summa
1464 1736 1809 1776 clementissimi
1830 1735 1911 1775 Pa-

283 1808 368 1848 tris
390 1807 477 1847 Dei
499 1819 612 1859 erga
633 1820 718 1848 nos
739 1808 970 1859 bonitate,
994 1808 1071 1848 hic
1088 1808 1400 1858 contigerunt.

364 1878 423 1919 Et
443 1879 643 1930 primum
665 1879 852 1930 quidem
873 1890 900 1918 a
922 1878 1216 1919 scholasticis
1246 1879 1359 1918 nris.
1388 1878 1687 1929 auspicabor,
1718 1890 1912 1930 quorum

283 1961 506 1989 numerus
526 1961 608 2001 per
629 1949 838 2000 singulos
859 1950 958 1989 dies
979 1950 1181 1997 auctior,
1206 1955 1250 1989 et
1270 1949 1471 1999 fructus,
1503 1961 1609 1989 cum
1629 1949 1676 1988 in
1695 1949 1791 1988 lris.
1816 1954 1913 1988 tum

284 2020 332 2060 in
370 2031 493 2070 spu.,
537 2019 624 2060 Dei
662 2020 951 2071 benignitate
981 2020 1186 2060 cernitur
1215 2020 1415 2060 uberior.
1447 2020 1630 2060 Etenim
1661 2019 1725 2069 (ut
1754 2020 1915 2071 paucis

285 2102 445 2130 eorum
484 2091 530 2130 in
569 2091 733 2131 studiis
773 2091 1137 2131 exercitationes
1181 2091 1425 2141 attingam)
1466 2091 1653 2131 scholas
1692 2090 1910 2142 quotidie,

284 2161 425 2202 modo
446 2162 601 2213 aliqua
622 2174 702 2202 eos
723 2174 817 2202 non
843 2168 1010 2213 urgeat
1032 2162 1299 2214 occupatio,
1329 2161 1626 2213 frequentant
1653 2161 1912 2213 diligenter3

286 2238 331 2273 et
351 2233 397 2272 in
418 2233 507 2272 illis
528 2239 633 2284 post
653 2233 783 2273 fusas
803 2233 851 2272 in
872 2233 1089 2283 ingressu
1111 2232 1250 2284 (quod
1276 2232 1325 2272 fit
1357 2233 1497 2273 etiam
1518 2233 1565 2272 in
1585 2232 1793 2283 egressu)
1815 2244 1913 2283 pre-

284 2314 384 2353 ces,
410 2303 660 2354 audiendo,
684 2303 842 2343 audita
864 2304 1135 2355 repetendo,
1160 2303 1432 2355 scribendo,
1456 2309 1500 2343 et
1527 2304 1712 2344 demum
1738 2303 1842 2343 aliis
1867 2304 1913 2343 id

284 2385 434 2425 genus
468 2374 882 2414 exercitationibus
909 2375 1148 2425 vacando,
1179 2380 1361 2415 tantum
1396 2386 1450 2414 eo
1477 2374 1593 2415 duce
1620 2380 1910 2426 promovent,

287 2457 377 2497 quo
398 2445 601 2496 primum
622 2445 818 2486 authore
849 2457 1069 2497 coepere,
1099 2452 1148 2485 ut
1177 2446 1294 2485 bene
1321 2457 1562 2496 speremus
1588 2445 1687 2486 fore
1718 2444 1840 2497 quod
1867 2446 1914 2485 in

284 2515 363 2566 iis,
389 2527 507 2567 quae
529 2516 587 2556 ad
610 2516 763 2556 studia
780 2516 1034 2567 pertinent,
1053 2516 1366 2567 expectationi
1386 2522 1575 2556 nostrae
1591 2516 1767 2556 faciant
1782 2516 1911 2556 satis.

365 2586 485 2626 Nam
505 2586 614 2637 quid
635 2587 691 2626 de
712 2587 1030 2638 spiritualibus
1052 2587 1205 2627 dicam
1222 2587 1482 2627 exercitiis?
1503 2587 1551 2627 in
1571 2587 1737 2639 quibus
1758 2593 1914 2628 tantos

286 2657 514 2697 hactenus
534 2657 686 2697 fecere
707 2668 1011 2709 progressus,
1030 2663 1079 2697 ut
1095 2658 1257 2698 mirari
1273 2670 1385 2698 sane
1402 2658 1704 2710 divinumque
1720 2658 1915 2710 digitum

285 2726 333 2766 in
366 2727 430 2767 eis
464 2728 702 2778 suspicere
737 2739 977 2778 cogamur.
1014 2728 1155 2769 Brevi
1187 2728 1446 2780 expediam.
1486 2728 1578 2769 Oes
1611 2728 1708 2769 fere
1741 2740 1914 2780 magna

343 2861 353 2881 ¹
392 2862 659 2897 Autographae‚
676 2866 769 2890 totae
784 2870 885 2890 manu
901 2863 1023 2897 Angeli
1039 2863 1208 2893 Pullicini.
1225 2863 1258 2890 in
1280 2863 1359 2891 folio
1375 2863 1517 2899 duplici,
1533 2872 1586 2891 nn.
1603 2863 1655 2891 190
1668 2867 1702 2891 et
1719 2864 1853 2892 191.—1n
1867 2865 1914 2892 eis

285 2908 453 2942 quaedam
469 2910 630 2943 mutavit,
647 2910 814 2944 quaedam
832 2910 959 2937 delevit
974 2910 1156 2944 Polancus,
1174 2918 1258 2945 quae
1275 2912 1432 2945 quoniam
1447 2919 1556 2945 pauca
1573 2915 1605 2939 et
1621 2911 1745 2945 exigua
1760 2916 1855 2944 sunt,
1872 2912 1914 2939 ad

286 2956 432 2990 paginae
448 2957 578 2983 calcem
593 2957 759 2984 adnotare
775 2957 926 2984 contenti
942 2957 1076 2984 erimus.
