2080 3392
306 215 376 252 568
814 214 1039 251 LITTERAE
1066 226 1420 258 QUADRIMESTRES

386 346 736 397 Sztperscm'ptz‘o
757 346 807 386 in
829 351 1001 398 quarta
1016 346 1229 399 pagina:
1250 311 1362 389 IffIS.
1393 348 1623 401 Perquam
1652 350 1928 393 Reverendo

304 417 352 456 in
385 417 523 457 Chro.
555 417 703 467 Patri,
735 418 858 469 patri
886 419 1068 478 Ignatio
1102 419 1158 460 de
1192 420 1376 470 Loiola‚
1407 419 1679 472 Praeposito
1707 421 1926 463 Generali

305 486 551 527 Societatis
571 488 696 541 Jesu,

754 577 944 618 Romae.

381 663 491 703 Alia
511 676 674 705 mann:
696 665 844 716 Quad.
868 667 1067 707 Medina.
1090 667 1268 708 febraio
1290 668 1552 720 (deletum),
1572 671 1624 710 25
1643 671 1868 723 Januarii.

344 1138 386 1165 Pr
394 1139 626 1166 aecedentium
640 1139 756 1172 Jacobi
772 1139 889 1167 Duran
904 1141 1098 1168 litterarum
1110 1143 1310 1176 exemplum,
1324 1147 1505 1177 antequam
1520 1143 1552 1171 in
1568 1143 1751 1171 Societatis
1767 1145 1881 1172 domos

885 1189 1091 1223 mitteretur,
1109 1190 1335 1218 emendatum.

1064 1449 1161 1490 IHS

375 1660 639 1701 Admodum
661 1661 762 1701 Rfle
787 1662 834 1702 in
855 1661 938 1702 X.0
959 1662 1120 1702 Pater:

371 1731 536 1771 Gratia
570 1738 613 1771 et
649 1744 743 1783 pax
778 1732 953 1773 Christi
977 1733 1088 1785 Jesu
1118 1732 1307 1773 Domini
1336 1734 1485 1774 nostri
1514 1735 1749 1786 praesidio
1783 1740 1921 1786 atque

293 1802 465 1842 auxilio
487 1803 569 1842 tibi
591 1803 649 1842 sit
669 1815 865 1854 semper.

368 1873 496 1923 Quae
518 1873 593 1913 hic
613 1880 851 1924 gerantur,
872 1885 1068 1926 quorum
1089 1880 1133 1914 te
1155 1881 1334 1915 certum
1350 1875 1506 1916 facere
1528 1888 1697 1927 operae
1720 1877 1920 1928 pretium

289 1944 519 1993 duximus,
544 1956 602 1983 ex
622 1944 693 1984 his
710 1945 876 1995 literis,
901 1944 1039 1984 Pater
1069 1945 1426 1997 benignissime,
1451 1947 1668 1998 accipies.
1694 1946 1743 1987 Id
1765 1953 1920 1987 autem

286 2015 437 2065 primo
459 2026 560 2054 sese
582 2013 716 2054 offert
735 2015 833 2055 fore
855 2022 903 2055 ut
921 2016 1136 2066 proximo
1159 2016 1246 2056 hoc
1267 2028 1405 2066 anno,
1424 2017 1611 2057 favente
1634 2017 1750 2068 Deo,
1771 2024 1918 2058 totum

288 2086 376 2124 hoc
400 2086 647 2135 collegium
670 2092 749 2125 aut
770 2086 976 2126 maxima
996 2098 1108 2137 pars
1130 2087 1417 2127 absolvatur.
1443 2087 1558 2127 Cum
1580 2089 1702 2128 enim
1723 2089 1799 2128 Vel
1819 2088 1916 2129 fun-

289 2156 517 2195 damentis
539 2156 652 2207 ipsis
682 2157 916 2196 struendis
945 2157 1145 2208 pecunia
1175 2169 1268 2197 non
1295 2164 1580 2209 suppeteret,
1613 2166 1915 2210 mercatoreS,

286 2227 366 2278 *qui
393 2232 501 2266 tunc
529 2227 588 2267 ad
619 2227 878 2278 emporium
908 2234 1155 2278 venerant,
1190 2229 1322 2280 quasi
1351 2229 1542 2280 indigne
1569 2229 1791 2281 ferentes,
1823 2243 1918 2271 non

286 2298 424 2337 modo
442 2298 605 2337 loculis
620 2310 713 2337 non
730 2298 998 2348 parcebant,
1012 2298 1093 2338 sed
1105 2297 1201 2349 jam
1219 2299 1409 2339 coctiles
1426 2300 1610 2350 lateres,
1628 2300 1725 2352 jam
1742 2302 1918 2341 calcem

289 2374 332 2407 et
366 2369 458 2408 alia
488 2367 808 2419 hujuscemodi
842 2374 1104 2420 portantes,
1143 2381 1311 2421 operas
1346 2381 1455 2410 suas
1483 2371 1669 2411 Christo
1699 2372 1918 2411 locabant

287 2440 461 2479 sedulo.
487 2439 665 2479 Exutos
686 2451 886 2491 namque
908 2440 1063 2491 palliis
1091 2446 1229 2492 atque
1249 2440 1444 2481 festinos
1467 2442 1914 2493 contemplabamur,

288 2521 484 2561 quorum
519 2511 686 2550 animis
720 2511 920 2562 benigne
953 2511 1128 2551 fecerat
1163 2511 1391 2551 Dominus
1427 2519 1476 2552 ut
1511 2512 1569 2552 ad
1603 2513 1918 2553 aedificandos

285 2592 443 2620 muros
469 2581 763 2621 Hierusalem
789 2582 985 2621 libenter
1012 2582 1231 2621 humeros
1257 2589 1587 2633 supponerent.
1617 2584 1735 2623 Eam
1762 2590 1918 2623 autem

284 2652 436 2701 legem
467 2652 553 2691 sibi
582 2652 784 2692 invicem
813 2658 1096 2703 statuerunt,
1129 2658 1178 2692 ut
1212 2653 1408 2704 singulis
1437 2654 1657 2694 oneribus
1691 2655 1913 2705 psalmus,

286 2723 564 2762 salutatiove
587 2723 821 2773 angelica,
846 2729 925 2762 aut
948 2734 1064 2773 prex
1085 2723 1331 2774 dominica,
1357 2735 1495 2775 quam
1519 2724 1605 2764 sibi
1625 2725 1820 2776 quisque
1835 2731 1916 2765 aut

284 2791 418 2831 fratri
439 2793 664 2843 indigenti
684 2794 979 2844 precabatur,
999 2793 1156 2833 statim
1179 2794 1464 2834 succederet.
1487 2794 1729 2846 Tantoque
1750 2795 1915 2846 spiritu

286 2864 459 2902 amoris
494 2864 639 2903 divini
674 2863 762 2903 hoc
798 2875 914 2915 opus
948 2863 1362 2915 amplectebantur,
1400 2871 1450 2905 ut
1485 2871 1696 2905 sanctam
1730 2866 1915 2905 illorum

284 2934 630 2973 contentionem
652 2945 707 2974 ac
728 2945 845 2984 pene
866 2933 1148 2974 indefessum
1169 2935 1378 2974 laborem
1393 2935 1474 2975 vix
1490 2935 1685 2987 quisque
1704 2942 1916 2976 nostrum

284 3015 508 3055 superare
529 3011 700 3055 posset.
