2080 3392
783 216 867 252 ΑΝ.
898 214 990 253 1554
1640 213 1711 250 ῦ95

65 312 260 353 fundere
282 312 425 352 corda
457 312 665 363 discant,
702 312 923 363 quoniam
949 323 1043 352 non
1071 311 1285 351 omnibus
1314 310 1592 351 satisfacere
1622 321 1708 349 nos

66 395 332 435 possumus.
362 382 433 423 De
462 383 584 423 laico
618 389 774 423 autem
807 384 979 435 populo
1014 383 1131 422 haec
1160 382 1407 422 scribenda
1437 387 1705 431 occurrunt,

68 466 229 495 omnes
256 466 342 494 nos
370 461 499 494 tanto
526 455 703 495 honore
737 466 792 494 ac
821 454 1147 494 aestimatione
1169 454 1413 505 prosequi,
1438 460 1487 493 ut
1508 453 1605 493 fere
1628 463 1711 504 per

67 527 248 578 plateas
269 526 485 565 incedere
506 526 661 576 pudet.
687 525 921 576 Dignetur
942 524 1177 565 Dominus
1203 525 1368 576 largiri
1395 530 1444 564 ut
1472 525 1520 564 in
1545 524 1617 564 die
1647 524 1712 563 iu-

69 597 182 637 dicii
213 608 297 636 sua
325 597 481 647 gratia
514 597 632 636 tales
666 596 962 636 inveniamur
998 597 1160 647 quales
1197 596 1273 636 hic
1309 607 1432 636 nunc
1466 595 1708 635 habemur.

69 667 234 708 Plures
250 667 341 707 hac
358 666 720 718 quadragesima
737 667 879 706 totius
896 667 1022 706 Vitae
1041 667 1384 707 confessionem
1403 673 1709 717 renovarunt,

69 739 292 790 quoniam
314 750 340 778 a
364 739 506 788 longo
529 743 740 788 tempore
761 750 855 777 non
877 745 955 777 aut
978 750 1218 789 nunquam
1239 739 1373 789 plene
1396 738 1599 778 confessi
1618 737 1712 777 fue-

69 816 192 850 runt.
218 808 461 860 Quaedam
484 809 755 860 religiosae,
780 809 1035 859 instigante
1057 809 1259 860 diabolo,
1284 816 1327 849 et
1349 816 1523 849 statum
1545 816 1589 849 et
1610 821 1713 861 pro-

69 882 322 922 fessionem
342 881 607 932 relinquere
628 886 913 927 statuerunt3
939 881 1181 920 venientes
1212 881 1272 921 ad
1299 892 1387 921 nos
1414 888 1462 921 ut
1490 881 1537 921 vi
1568 880 1713 921 indul-

70 953 337 1004 gentiarum
359 964 386 991 a
407 953 532 992 votis
554 952 650 992 suis
672 952 923 992 exonerari
950 958 1157 1002 possent,
1181 952 1262 991 sed
1284 952 1372 992 hoc
1402 952 1714 992 confessionis

71 1024 224 1064 medio
247 1023 444 1063 detectis
466 1023 639 1063 diaboli
659 1023 874 1073 fallaciis,
899 1022 958 1062 ad
979 1023 1222 1074 propriam
1243 1024 1561 1074 cognitionem
1582 1023 1712 1063 redu-

72 1102 192 1146 ctae,
217 1106 323 1135 cum
344 1095 530 1135 fervore
551 1094 893 1146 professionem
915 1105 1050 1134 suam
1073 1095 1320 1145 amplexae
1342 1103 1463 1134 sunt.
1484 1094 1591 1134 Alia
1613 1095 1714 1134 reli-

71 1167 207 1218 giosa
229 1166 461 1218 professa,
486 1178 605 1218 quae
627 1178 711 1218 pro
733 1172 899 1206 sancta
921 1172 965 1206 et
995 1166 1197 1205 mirabili
1230 1166 1357 1205 vitae
1385 1166 1715 1216 singularitate

74 1238 132 1278 ab
155 1238 370 1277 omnibus
390 1237 665 1288 habebatur,
690 1238 774 1277 sub
804 1249 895 1288 qua
924 1237 1080 1288 specie
1112 1248 1194 1288 per
1225 1237 1403 1288 aliquot
1432 1248 1581 1277 annos
1612 1248 1714 1276 exe-

74 1309 297 1349 crabilem
318 1309 365 1348 in
386 1310 638 1349 multorum
657 1309 989 1359 religiosorum
1009 1308 1267 1359 perniciem
1289 1308 1437 1347 vitam
1458 1308 1574 1358 egit,
1601 1319 1714 1347 casu

75 1380 292 1432 quodam,
313 1380 395 1420 sed
415 1379 576 1420 divino
597 1380 723 1420 intus
744 1379 885 1420 ducta
906 1380 1088 1431 spiritu,
1109 1386 1157 1419 ut
1178 1390 1439 1431 speramus,
1460 1378 1519 1418 ad
1536 1390 1623 1419 nos
1641 1390 1716 1418 ve-

73 1452 221 1502 niens,
246 1451 306 1491 ad
326 1457 526 1501 tantam,
551 1451 711 1491 divina
733 1451 1028 1502 operatione,
1052 1451 1124 1490 sui
1146 1450 1463 1501 cognitionem
1485 1456 1529 1490 et
1550 1461 1716 1501 pecca-

73 1530 229 1563 torum
251 1523 595 1573 displicentiam
614 1522 841 1574 perducta
862 1529 945 1572 est,
970 1528 1019 1561 ut
1041 1522 1199 1561 statim
1221 1521 1483 1561 detestabili
1503 1521 1718 1561 luxuriae

75 1594 174 1634 Vita
199 1594 407 1645 deserta,
432 1593 491 1634 ad
513 1605 698 1634 omnem
721 1605 834 1633 suae
863 1593 1171 1645 professionis
1204 1592 1587 1633 constitutionem
1615 1593 1719 1632 stri-

77 1671 152 1705 cte
175 1665 523 1705 observandam
543 1677 592 1705 se
615 1676 754 1717 quam
774 1665 1124 1717 paratissimam
1147 1666 1417 1716 praeberet;
1446 1671 1720 1715 perseverat

77 1737 124 1776 in
148 1737 404 1788 lachrymis
426 1743 470 1776 et
491 1737 674 1777 occulta
695 1736 1003 1791 poenitentia,
1027 1736 1161 1776 freno
1183 1736 1339 1787 potius
1361 1747 1501 1787 quam
1528 1736 1720 1776 calcari-

75 1809 161 1848 bus
183 1807 365 1860 indiga;
389 1808 458 1848 sic
488 1808 612 1848 enim
640 1808 755 1848 mihi
783 1814 948 1859 postea
978 1808 1135 1847 retulit
1162 1818 1338 1858 magna
1367 1808 1722 1858 lachrymarum

74 1880 379 1920 inundatione
407 1879 619 1931 perfusa,
657 1891 706 1919 se
732 1880 889 1930 gratia
917 1878 1007 1919 Dei
1036 1880 1176 1919 malle
1202 1879 1327 1919 mille
1356 1879 1512 1918 subire
1544 1886 1720 1918 mortes

75 1963 215 2004 quam
236 1963 380 1991 unum
399 1951 526 1991 Vitae
547 1951 830 2003 praeteritae
852 1951 1079 1990 reiterare
1100 1956 1363 2002 peccatum.

153 2022 335 2063 Verum
356 2034 450 2062 non
470 2022 559 2062 hoc
580 2022 763 2062 silentio
786 2021 1181 2074 praetereundum
1202 2028 1408 2072 autumo,
1429 2021 1553 2073 quod
1577 2021 1719 2061 etiam

75 2094 379 2145 gravioribus
407 2094 635 2134 obnoxios
663 2094 872 2145 peccatis
902 2105 1000 2133 non
1027 2105 1195 2145 parum
1224 2093 1451 2133 exterruit
1479 2093 1719 2144 compulit-

77 2177 166 2217 que
203 2165 262 2205 ad
298 2166 602 2205 maturiorem
634 2165 900 2205 faciendam
936 2165 1306 2215 confessionem,
1346 2164 1586 2212 nimirum,
1625 2170 1722 2204 tam

77 2243 216 2277 nocte
239 2248 380 2288 quam
400 2237 473 2276 die
495 2236 543 2276 z'u
565 2247 706 2277 coena
727 2236 947 2287 Domini,
969 2236 1170 2276 diversis
1195 2237 1379 2277 vicibus
1407 2244 1563 2276 tantos
1592 2236 1722 2276 hisce

80 2309 128 2348 in
149 2308 265 2348 locis
289 2308 543 2359 contigisse
564 2314 877 2348 terraemotus
895 2340 902 2359 ,
927 2314 1129 2359 quantos
1150 2320 1177 2347 a
1198 2308 1297 2348 vita
1318 2308 1521 2348 hominis
1543 2307 1625 2347 vix
1646 2307 1728 2347 hic

83 2379 283 2432 posteris
304 2379 521 2419 relictum
543 2385 740 2419 constet.

158 2450 234 2491 Ad
254 2451 609 2490 venerationem
629 2451 955 2491 sanctissimae
976 2451 1304 2491 Eucharistiae
1326 2450 1417 2490 hoc
1440 2462 1626 2502 quoque
1649 2462 1722 2490 ac-

78 2523 239 2572 cessit,
273 2521 400 2573 quod
434 2522 569 2573 quasi
603 2522 703 2562 sine
738 2522 1031 2573 reverentia,
1072 2522 1212 2562 unica
1248 2522 1494 2562 dumtaxat
1530 2522 1724 2561 incensa

79 2594 299 2644 candela,
324 2592 381 2632 ad
410 2592 621 2632 infirmos
647 2593 827 2644 portari
848 2593 987 2643 solet,
1018 2605 1072 2633 eo
1094 2594 1189 2633 iam
1216 2593 1494 2644 perductum
1523 2598 1594 2632 est
1624 2598 1723 2632 tum

79 2665 276 2717 publicis
297 2664 624 2714 concionibus,
648 2675 787 2715 quas,
811 2664 948 2703 solito
972 2676 1103 2704 more
1125 2664 1242 2703 alias
1265 2663 1487 2714 indicato,
1518 2665 1622 2704 loco
1644 2675 1724 2715 pa-

79 2737 220 2778 storis
239 2747 514 2788 prosequor,
540 2741 638 2775 tum
659 2735 859 2786 privatis
881 2735 1309 2786 adhortationibus,
1341 2741 1390 2775 ut
1411 2736 1561 2775 tribus
1588 2736 1724 2775 later-

79 2810 172 2859 nis,
198 2807 378 2848 duabus
400 2813 479 2846 aut
500 2807 648 2846 tribus
667 2806 850 2847 facibus
877 2807 1009 2846 iuxta
1036 2807 1262 2858 placitum
1282 2807 1538 2858 portantis,
1569 2807 1725 2847 debito

81 2870 260 2920 honore
283 2884 327 2918 et
347 2878 615 2918 reverentia
635 2884 850 2929 portatur
874 2877 933 2918 ad
958 2877 1185 2918 infirmos.

164 2951 314 3002 Saepe
357 2958 587 2990 vocamur
620 2948 679 2988 ad
721 2949 1114 2989 circumiacentes
1155 2949 1372 2990 civitates
1402 2955 1447 2990 et
1479 2950 1723 3001 coenobia,

84 3034 169 3075 pro
191 3033 373 3062 summa
394 3021 591 3061 habetur
611 3021 765 3072 gratia
789 3020 938 3061 sicubi
959 3027 1122 3061 nostra
1153 3020 1288 3061 detur
1316 3021 1585 3072 praesentia
1618 3020 1724 3062 frui.
