2080 3392
830 204 914 240 AN.
945 203 1037 240 1554
1678 201 1749 238 045

193 299 437 351 Quaedam
460 313 518 341 ex
540 301 707 341 vicinis
728 300 912 353 oppidis
941 306 1162 352 optarunt
1184 305 1233 340 ut
1253 299 1392 340 Pater
1413 299 1667 339 diverteret
1689 296 1747 337 ad

110 383 166 411 ea
189 383 351 412 sacras
369 372 613 412 habiturus
632 373 899 423 conciones,
921 378 964 412 et
985 372 1112 412 vitae
1127 372 1335 411 rationes
1352 381 1464 422 erga
1483 370 1641 410 divina
1659 369 1747 409 dis-

108 443 361 494 positurus.
386 444 457 484 Ex
477 443 621 484 nobili
652 444 930 495 praesertim
960 443 1130 494 oppido
1158 442 1307 482 nuntii
1327 442 1585 491 venientes,
1619 440 1749 480 Patri

108 513 346 565 Baptistae
363 515 542 555 litteras
560 515 713 565 sigillo
730 515 916 566 publico
935 514 1241 565 consignatas
1256 513 1563 561 tradiderunt,
1579 511 1746 563 quibus

106 584 314 636 impense
350 585 672 637 efflagitabant
705 592 755 626 ut
781 597 959 638 paucos
988 586 1154 625 saltem
1183 585 1282 625 dies
1311 584 1398 624 sibi
1432 584 1564 623 daret
1590 582 1744 632 Pater,

106 656 274 706 quibus
296 668 354 696 ex
375 657 590 697 ubertate
613 657 857 697 doctrinae
878 658 956 697 vel
977 657 1187 708 guttulas
1204 656 1509 707 degustarent
1532 654 1743 704 exiguas.

105 725 196 767 Sed
214 728 426 778 plurimis
444 727 693 768 Valentiae
711 735 755 768 et
774 727 986 768 Gandiae
1010 727 1019 746 ¹
1039 727 1164 767 curis
1185 727 1406 777 impedito
1426 727 1507 766 vix
1533 736 1745 765 necessa·

101 798 184 838 riis
204 798 374 838 licebat
398 799 667 839 attendere:
690 799 889 851 placidis
914 805 1072 839 tamen
1092 798 1251 838 verbis
1278 798 1460 837 cunctis
1488 796 1743 848 respondit,

102 875 375 909 curaturum
410 881 459 909 se
496 876 566 921 ut,
604 871 730 922 quod
764 877 874 910 tunc
908 882 1003 910 non
1037 876 1246 921 poterat,
1283 869 1416 909 brevi
1452 869 1520 908 eis
1565 879 1746 907 morem

101 946 302 990 gereret.

180 1011 415 1052 Gandiam
434 1024 654 1052 reversus
677 1013 869 1064 cupiens
888 1012 1029 1052 Pater
1056 1018 1107 1052 ut
1140 1011 1447 1052 christianam
1481 1010 1746 1051 doctrinam

99 1083 384 1133 gandienses
404 1095 567 1124 omnes
588 1091 633 1124 et
652 1084 877 1124 memoria
898 1090 1111 1124 tenerent
1133 1089 1177 1122 et
1199 1083 1369 1133 animo,
1393 1082 1589 1122 fratrem
1618 1082 1747 1121 theo-

101 1154 257 1205 logiae
278 1155 444 1195 studiis
465 1162 757 1207 provectum,
783 1155 1087 1195 concionibus
1114 1153 1362 1206 praefecit,
1393 1161 1443 1194 ut
1475 1154 1637 1194 diebus
1671 1153 1746 1193 do-

101 1225 286 1266 minicis
306 1227 530 1277 populum
550 1226 823 1277 instrueret,
849 1225 1063 1276 decalogi
1084 1231 1360 1277 praecepta,
1383 1224 1491 1265 fidei
1519 1224 1746 1264 articulos

102 1297 286 1348 aliaque
307 1297 592 1346 necessaria,
617 1304 843 1349 quantum
865 1297 1131 1338 auditorum
1153 1297 1339 1348 capient
1359 1296 1570 1347 ingenia,
1605 1306 1742 1346 expo-

103 1374 250 1408 neret.
276 1368 366 1419 Qui
386 1375 638 1421 postquam
658 1381 749 1409 uno
777 1381 900 1409 anno
927 1380 1125 1420 pensum
1146 1368 1306 1408 datum
1333 1367 1551 1417 absolvit,
1583 1366 1747 1407 suffici-

104 1446 178 1479 tur
201 1440 318 1480 alius
340 1440 510 1480 iterum
531 1441 854 1491 incoepturus,
878 1439 1002 1491 quod
1021 1439 1201 1491 primus
1229 1440 1289 1479 ad
1316 1444 1489 1479 metam
1521 1438 1748 1490 perduxe-

103 1518 192 1551 rat.
224 1511 418 1551 Praeter
440 1511 549 1562 hos,
581 1512 752 1552 fratres
774 1512 852 1552 alii
881 1510 1094 1552 Gandiae
1128 1511 1381 1551 conciones
1408 1510 1672 1550 habuerunt
1702 1509 1749 1549 in

103 1582 484 1634 quadragesima,
509 1584 618 1623 dum
641 1583 824 1623 abesset
845 1583 1000 1634 Pater,
1023 1595 1118 1623 non
1139 1583 1238 1622 sine
1259 1582 1492 1633 frequenti
1509 1581 1749 1621 hominum

104 1665 355 1705 consessu,
386 1654 449 1694 ita
483 1660 531 1694 ut
568 1666 904 1707 nonnunquam
940 1655 1141 1694 ecclesia
1175 1660 1337 1694 nostra
1372 1653 1509 1693 nimis
1545 1659 1749 1703 angusta

108 1732 232 1765 esset
255 1726 436 1766 cunctis
459 1726 715 1778 capiendis.

185 1795 275 1837 Sed
304 1797 428 1848 quod
454 1798 779 1849 superioribus
806 1797 1043 1837 mensibus
1073 1797 1214 1837 Pater
1242 1796 1454 1837 Gandiae
1485 1796 1585 1836 fieri
1619 1805 1749 1847 prae-

106 1869 230 1919 cepit
267 1869 322 1908 de
357 1881 613 1920 puerorum
647 1870 959 1919 institutione,
995 1871 1135 1921 longe
1170 1869 1377 1909 omnium
1412 1875 1512 1908 tum
1540 1867 1749 1919 gratissi-

103 1951 232 1979 mum
253 1934 351 1979 turn
378 1941 682 1981 utilissimum
709 1940 1047 1992 gandiensibus
1075 1940 1256 1981 civibus
1283 1941 1439 1980 visum
1470 1946 1555 1979 est.
1583 1938 1752 1979 Frater

105 2022 164 2050 ex
190 2011 365 2051 nostris
401 2023 523 2052 unus
559 2012 694 2052 statis
730 2013 859 2052 horis
886 2012 1092 2063 quotidie
1120 2023 1226 2052 cum
1257 2011 1567 2052 tintinnabulo
1595 2011 1752 2062 aliqua

105 2081 265 2133 oppidi
287 2083 391 2122 loca
414 2083 600 2134 circuit,
625 2095 798 2135 pueros
821 2083 880 2124 ad
902 2083 1166 2124 doctrinam
1189 2094 1377 2123 sacram
1400 2083 1621 2123 invitans.
1645 2080 1751 2121 Duo

103 2152 228 2192 hunc
250 2154 536 2194 comitantur
557 2161 719 2195 tenera
741 2156 875 2206 pueri
902 2162 1077 2205 aetate,
1107 2155 1187 2206 qui
1217 2154 1354 2194 suavi
1381 2160 1521 2194 cantu
1551 2153 1751 2193 caeteris

108 2223 373 2264 doctrinam
412 2227 603 2266 tradunt
642 2227 973 2267 imbibendam.
1016 2227 1171 2266 Hosce
1213 2227 1402 2266 domum
1442 2231 1749 2275 revertentes,

107 2302 335 2347 quotquot
371 2297 736 2338 tintinnabulum
770 2310 999 2339 vocemve
1040 2298 1235 2338 audiunt
1273 2297 1405 2349 pueri
1444 2297 1752 2347 insequuntur

105 2379 192 2407 nec
234 2368 371 2418 pauci
409 2375 594 2409 matura
626 2368 724 2420 jam
760 2376 927 2410 aetate.
971 2370 1122 2410 Tanta
1161 2370 1319 2420 itaque
1359 2368 1554 2408 redeunt
1593 2367 1754 2419 stipati

105 2439 242 2478 turba
268 2445 317 2478 ut
338 2439 397 2479 sit
418 2451 633 2491 necesse,
659 2441 879 2492 quoniam
899 2442 1099 2482 ecclesia
1122 2440 1366 2481 commode
1392 2445 1573 2479 tantam
1602 2439 1750 2478 multi-

105 2510 315 2550 tudinem
337 2523 431 2550 non
456 2512 597 2563 capit,
620 2512 859 2553 theatrum
886 2513 1101 2563 publicae
1132 2513 1322 2552 scholae
1352 2511 1420 2551 eis
1450 2511 1647 2562 aperire.
1681 2509 1748 2550 Eo

106 2580 244 2621 Pater
266 2582 457 2633 quidam
492 2583 652 2623 statim
682 2583 881 2624 docendi
908 2585 1064 2635 gratia
1093 2584 1260 2634 tendit,
1291 2583 1371 2635 qui
1396 2583 1567 2622 mirum
1594 2594 1620 2622 a
1649 2581 1749 2621 Deo

106 2653 404 2693 existimatur
424 2655 661 2706 recepisse
683 2655 856 2696 donum
877 2656 936 2696 ad
956 2655 1148 2707 puerilis
1170 2654 1307 2706 hujus
1325 2654 1633 2694 institutionis
1655 2664 1749 2693 mu-

106 2735 194 2764 nus
216 2725 390 2776 optime
413 2725 704 2767 obeundum:
728 2732 824 2767 tam
846 2734 916 2767 est
938 2728 977 2767 is
999 2727 1225 2778 magister
1246 2725 1429 2766 cunctis
1449 2730 1627 2776 gratus,
1651 2732 1750 2764 tan-

107 2801 246 2845 taque
282 2797 537 2837 attentione
573 2809 598 2837 a
632 2798 790 2849 pueris
820 2799 1022 2849 auditur,
1056 2805 1105 2838 ut
1139 2798 1311 2838 habeat
1339 2808 1482 2849 supra
1505 2796 1745 2847 ducentos,

164 2978 174 2997 ¹
217 2978 378 3014 Collegiis
394 2980 580 3009 Valentino
596 2986 629 3009 et
645 2982 829 3009 Gandiensi
844 2983 944 3010 simul
959 2983 1022 3009 hoc
1037 2987 1188 3017 tempore
1204 2982 1239 3010 P.
1255 2982 1401 3015 Joannes
1426 2981 1584 3015 Baptista
1608 2981 1646 3008 de
1664 2981 1746 3008 Bar-

109 3034 164 3054 ma
180 3031 352 3062 praeerat.
