2080 3392
806 241 892 279 AN.
922 241 1014 279 1553
1662 241 1734 278 609

90 351 181 391 quo
208 339 280 379 die
312 339 478 379 concio
500 339 556 380 de
586 339 817 380 charitate
844 338 1117 389 haberetur3
1147 337 1286 390 idque
1314 349 1408 378 non
1430 338 1529 378 sine
1560 349 1732 390 magno

89 410 267 450 factum
287 416 357 450 est
378 411 642 450 animarum
662 409 890 462 profectu.

169 480 286 522 Sunt
308 487 352 522 et
373 482 655 534 quibusdam
681 481 908 522 exercitia
939 480 1202 533 spiritualia
1230 480 1459 531 exhibita,
1492 492 1609 532 quos
1640 492 1734 521 non

90 553 376 593 mediocrem
398 553 663 593 animarum
683 564 875 592 suarum
896 551 1102 592 fructum
1122 552 1339 592 retulisse
1363 551 1562 602 dixeriS,
1596 551 1735 604 siqui-

90 625 196 664 dem
224 625 302 664 alii
329 636 488 664 amore
518 623 776 675 Religionis
803 624 992 663 accensi
1019 623 1233 663 eamdem
1261 629 1369 663 sunt
1398 623 1621 675 professi,
1656 623 1735 664 alii

90 707 203 736 vero
226 696 285 735 ad
307 701 435 736 caste
457 696 624 747 pieque
650 695 909 735 vivendum
935 695 1136 735 deducti.
1170 694 1295 734 Inter
1325 695 1442 734 alios
1473 700 1630 735 autem
1657 694 1735 747 qui

92 774 201 807 sunt
228 766 522 818 Religionem
555 766 779 817 ingressi,
813 765 904 806 duo
933 765 1258 806 adolescentes
1287 775 1520 806 annorum
1549 766 1735 806 circiter

89 838 252 878 decem
273 843 317 878 et
341 844 517 889 septem
539 837 586 877 in
606 838 729 877 lianc
749 843 892 887 tuam,
910 837 974 876 mi
994 836 1149 886 Pater,
1170 842 1278 876 sunt
1300 836 1509 887 admissi,
1536 848 1735 889 quorum

91 909 245 949 studia
267 915 312 949 et
332 920 487 949 mores
509 920 596 949 nos
618 909 791 960 optime
812 919 1006 960 sperare
1029 907 1222 948 faciunt.

171 979 287 1020 Cum
310 980 472 1020 diebus
494 980 731 1020 Natalitiis
752 979 990 1020 orationes
1013 978 1246 1030 quaedam
1276 979 1579 1030 haberentur,
1602 993 1733 1032 prae-

90 1057 160 1091 ter
182 1062 370 1091 omnem
392 1051 769 1102 expectationem
789 1050 922 1090 multi
950 1050 1131 1090 nobiles
1162 1062 1457 1103 magnaeque
1486 1053 1734 1093 auctorita-

88 1123 147 1163 tis
169 1123 260 1163 viri
285 1129 423 1174 atque
446 1123 603 1174 plures
625 1123 704 1162 alii
726 1121 785 1161 ad
805 1133 891 1162 nos
913 1121 1118 1173 undique
1141 1122 1484 1163 confluxerunt.

167 1193 272 1234 Huc
293 1194 525 1234 accedunt
547 1193 772 1233 exercitia
794 1193 1010 1242 fratrum,
1032 1204 1151 1243 quae
1168 1205 1263 1233 non
1280 1194 1400 1234 citra
1417 1194 1620 1235 fructum
1639 1206 1734 1235 sus-

89 1271 225 1317 cepta
256 1272 494 1310 constant.
535 1277 641 1305 cum
676 1265 724 1305 in
758 1264 924 1304 studiis
962 1264 1297 1305 humaniorum
1337 1265 1600 1317 literarum,
1638 1272 1735 1306 tum

86 1349 201 1377 vero
223 1337 270 1377 in
291 1337 430 1377 rebus
452 1337 640 1387 divinis,
661 1348 780 1388 quae
799 1335 858 1376 ad
873 1335 1078 1387 proximi
1095 1335 1355 1387 perfectam
1376 1337 1734 1378 instructionem

86 1409 335 1460 pertinent.
359 1408 560 1458 Etenim,
584 1414 917 1459 praeterquam
939 1407 1066 1459 quod
1085 1407 1245 1447 latinis
1267 1413 1311 1447 et
1330 1408 1518 1459 graecis
1540 1420 1732 1460 operam

88 1480 274 1520 assidue
295 1486 474 1519 navant
491 1478 878 1531 juventutemque
894 1478 1032 1530 hUJus
1051 1479 1274 1529 civitatis,
1295 1479 1468 1530 alioqui
1484 1480 1649 1521 rudem
1669 1481 1731 1520 in-

89 1552 369 1603 cultamque,
394 1551 540 1591 literis
563 1557 608 1590 et
629 1550 837 1590 moribus
858 1549 1137 1601 informant,
1161 1550 1222 1590 ad
1243 1551 1592 1592 xenodochium
1624 1563 1734 1603 quo-

88 1635 177 1675 que
199 1634 533 1674 carceremque
554 1623 741 1674 saepius
754 1621 851 1673 jam
872 1628 1212 1671 commearunt,
1234 1622 1401 1674 quibus
1423 1623 1471 1662 in
1491 1623 1607 1663 locis
1628 1635 1732 1664 cum

89 1706 263 1746 magno
291 1695 556 1735 animarum
584 1695 715 1734 lucro
748 1693 1103 1743 concionantur,
1136 1700 1358 1745 aegrotos
1380 1700 1636 1747 captosque
1664 1707 1733 1735 so-

88 1768 258 1816 lantur,
280 1766 339 1806 ad
361 1766 704 1806 confessionem
726 1765 982 1815 attrahunt,
1008 1777 1035 1805 a
1056 1765 1248 1816 flagitiis
1269 1766 1662 1816 perterrefaciunt

168 1837 364 1888 Reliqua
390 1849 515 1886 vero,
540 1848 660 1888 quae
682 1836 729 1876 in
751 1847 832 1887 spe
853 1836 1072 1876 videntur
1095 1848 1198 1876 esse
1218 1837 1388 1888 posita,
1412 1844 1524 1878 tunc
1546 1838 1731 1878 demum

88 1908 403 1961 perficientur,
429 1920 555 1958 cum,
580 1914 631 1948 ut
653 1914 793 1947 antea
821 1919 1020 1959 semper,
1053 1908 1118 1948 ita
1148 1908 1195 1948 in
1217 1914 1456 1959 posterum
1492 1909 1633 1949 etiam
1653 1921 1731 1961 pa-

89 1980 289 2021 trocinio
310 1991 398 2020 nos
419 1987 497 2019 tuo
530 1978 654 2031 apud
684 1978 837 2019 Deum
870 1979 1099 2030 optimum
1133 1980 1392 2020 maximum
1420 1979 1672 2031 adjuveris.

168 2051 323 2092 Datae
344 2051 566 2102 Mutinae,
587 2050 671 2091 V.0
694 2051 874 2091 calend.
898 2050 1009 2091 Maii
1034 2051 1149 2093 1554.

167 2123 294 2164 Tuus
317 2123 364 2163 in
386 2122 573 2163 Christo
595 2133 763 2163 servus
784 2122 1029 2173 minimus,

1006 2266 1235 2307 ANDREAs
1266 2266 1585 2307 BONJNSEGNA.

171 2482 231 2521 In
254 2483 428 2532 quarta
443 2479 651 2531 pagina:
671 2479 737 2519 54.

238 3127 288 3163 T.
310 3139 352 3162 11.
1502 3139 1544 3175 39
