2080 3392
813 192 892 228 ΑΝ.
927 191 1019 229 1553
1676 192 1744 230 103

177 288 425 329 Caeterum
445 293 646 339 quatuor
667 289 930 340 puellarum
946 300 1054 339 una,
1078 287 1338 339 Religionis
1360 287 1621 329 institutum
1644 301 1734 329 am-

95 359 237 411 plecti
269 359 457 399 divinae
483 359 749 399 vocationis
778 359 1000 399 instinctu
1024 359 1251 408 animata,
1275 364 1381 410 post
1407 365 1625 399 exactam
1647 359 1735 400 dis-

95 430 363 470 cussionem
383 430 500 469 tanti
519 431 716 481 negotii,
736 430 814 481 pio
839 429 1011 470 affectu
1032 429 1264 480 decrevit,
1286 442 1362 479 ac,
1381 430 1475 470 iam
1489 442 1731 481 persuasa,

95 501 142 541 in
170 500 411 552 proposito
440 508 730 552 perseverat,
770 500 958 542 Christo
989 499 1193 540 Domino
1224 501 1513 553 spiritalibus
1539 502 1730 552 nuptiis,

94 571 342 612 occasione
364 571 489 621 data,
509 571 846 612 consecranda.
872 571 1112 623 Reliquae,
1136 571 1341 612 fructum
1361 583 1526 612 sacrae
1553 572 1732 613 institu-

95 643 234 683 tionis
256 654 362 682 cum
382 642 576 682 foenore
597 643 952 694 locupletantes,
978 642 1241 682 animarum
1262 654 1453 683 suarum
1475 644 1733 695 pretiosum

94 713 368 753 thesaurum
407 714 603 754 sollicite
643 720 836 753 servant
878 713 936 752 ab
977 713 1103 752 omni
1146 713 1425 754 detrimento
1463 714 1732 755 immunem.

94 784 303 833 Duabus,
323 791 510 836 praeter
532 785 674 825 hasce
694 796 865 824 novem
886 783 1168 835 praedictas,
1194 785 1421 825 matronis
1451 787 1736 837 coniugatis,

94 856 334 896 honoratis
357 867 411 895 ac
440 855 674 905 divitibus,
703 855 824 895 RdUS
863 854 912 894 P.
951 863 1112 895 noster
1146 857 1370 895 nonnulla
1403 857 1736 898 exercitiorum

93 928 338 977 elementa,
369 939 453 967 ceu
479 934 901 978 progymnasmata
933 926 1180 977 quaedam,
1212 938 1296 977 pro
1332 928 1435 978 piae
1473 928 1737 969 affectionis

93 1009 257 1038 earum
290 998 492 1046 modulo,
518 998 723 1047 tradidit,
753 1010 872 1049 quae
901 998 1005 1049 piae
1033 1004 1138 1037 sunt
1167 1005 1211 1038 et
1247 998 1302 1038 de
1336 999 1469 1038 nobis
1500 999 1617 1039 bene
1646 1012 1734 1040 me-

94 1069 227 1109 ritae.
264 1068 443 1119 Cernis,
479 1068 618 1108 Pater
651 1069 966 1118 observande,
1000 1080 1202 1109 messem
1236 1069 1480 1120 copiosam
1509 1071 1566 1110 ab
1595 1072 1735 1112 unico

92 1140 339 1180 collectam
356 1140 588 1192 operariO.
614 1140 852 1191 Quantum
869 1141 1133 1180 animarum
1154 1141 1337 1181 lucrum
1359 1142 1590 1192 superiori
1612 1154 1737 1182 emo-

91 1211 298 1251 lumento
340 1222 643 1251 accessurum
674 1211 949 1261 arbitraris,
986 1212 1065 1251 ubi
1099 1211 1336 1252 adiutores
1369 1212 1546 1264 aliquot
1582 1213 1737 1254 Patris

91 1282 321 1322 industria
356 1288 496 1323 nacta
529 1282 669 1322 fuerit
703 1289 747 1322 et
781 1294 940 1322 rerum
973 1271 1353 1323 necessariarum
1384 1283 1526 1335 (quae
1562 1284 1735 1325 bonam

91 1354 316 1405 temporis
351 1360 553 1406 partem,
587 1365 729 1405 aegre
764 1354 1077 1405 conquisitae,
1113 1355 1200 1394 sibi
1228 1354 1495 1405 vendicant)
1528 1367 1728 1396 commo-

92 1425 194 1465 dior
228 1432 445 1476 suppetet
479 1425 701 1465 facultas!
739 1425 830 1465 Sed
860 1432 1017 1465 utrum
1050 1432 1118 1465 tot
1149 1426 1279 1476 agris
1309 1427 1575 1467 animorum
1598 1439 1732 1468 exco-

91 1496 240 1536 lendis
260 1496 413 1536 Patris
436 1496 531 1548 (qui
552 1498 678 1537 solus
700 1508 891 1537 manum
912 1504 1072 1537 aratro
1095 1497 1330 1547 admovet,
1356 1497 1631 1550 pondusque
1648 1499 1740 1538 diei

93 1574 137 1607 et
160 1574 317 1608 aestus
348 1568 560 1617 sustinet)
590 1567 849 1608 industrius
879 1569 1010 1608 labor
1037 1567 1265 1619 fatigatus
1294 1569 1587 1609 remittatur?
1617 1568 1739 1620 Quid

93 1645 301 1679 cessaret
329 1645 408 1679 aut
443 1638 616 1679 Christi
643 1640 809 1679 vineae
845 1640 1079 1679 culturam
1108 1639 1464 1689 intermitteret,
1504 1641 1577 1680 cui
1612 1641 1739 1681 vires

90 1710 316 1751 exercitio
352 1710 586 1762 frequenti
624 1711 880 1751 alacriores
907 1711 1161 1751 succedere
1196 1723 1252 1751 ac
1283 1711 1461 1751 intendi
1497 1712 1738 1752 videntur?

90 1781 186 1822 Nec
207 1782 296 1822 hoc
317 1781 503 1832 quidem
530 1782 755 1833 temporis
774 1782 973 1822 articulo
1001 1783 1225 1822 alteruter
1255 1794 1395 1822 sexus
1425 1783 1623 1834 spiritali
1646 1785 1736 1823 cul-

89 1860 195 1893 tura
226 1853 438 1904 privatus
460 1860 544 1893 est.
568 1854 730 1894 Vincit
752 1860 922 1903 tamen,
943 1865 1026 1905 pro
1044 1866 1189 1903 more,
1205 1854 1443 1894 muliebris
1460 1855 1611 1905 pietas
1632 1856 1736 1895 viri-

89 1925 179 1964 lem
219 1925 549 1964 constantiam.
586 1924 706 1965 Nam
741 1931 837 1965 tres
877 1937 1044 1965 sacrae
1079 1925 1315 1976 virgines,
1355 1938 1413 1965 ex
1447 1926 1737 1966 nobilissima

89 2001 220 2035 ortae
238 1996 474 2047 prosapia,
494 1996 809 2036 monasticum
821 1996 1084 2036 institutum
1096 1995 1351 2048 professae,
1369 2008 1475 2036 cum
1488 1997 1626 2037 unico
1640 2009 1735 2037 cer-

88 2072 188 2107 tant
215 2066 477 2117 sacerdote,
509 2079 649 2118 quae,
681 2067 965 2118 spiritalium
998 2067 1334 2108 exercitiorum
1362 2068 1575 2108 militiam
1607 2080 1734 2108 exer-

88 2143 262 2188 centes,
282 2138 487 2178 hostium
508 2147 727 2178 strenuae
750 2139 1118 2189 expugnatrices
1136 2138 1329 2178 effectae
1351 2146 1471 2189 sunt,
1497 2146 1540 2179 et
1562 2139 1735 2179 Beatis-

88 2209 193 2248 simi
214 2208 367 2249 Patris
384 2209 625 2249 Benedicti
652 2221 791 2249 sacra
811 2216 1061 2261 sequentes
1092 2210 1308 2261 vestigia,
1343 2210 1531 2251 Christo
1562 2222 1735 2262 sponso

90 2280 274 2319 interna
296 2286 341 2319 et
362 2287 556 2320 externa
580 2281 823 2331 Religione
846 2281 1119 2321 adhaerent.
1146 2280 1379 2321 Sacerdos
1401 2294 1583 2333 quoque
1604 2282 1733 2333 spiri-

89 2351 197 2390 talis
218 2351 371 2402 frugis
390 2352 564 2391 laetam
584 2352 803 2392 fiduciam
826 2352 994 2392 animis
1016 2353 1190 2393 nostris
1212 2353 1460 2404 persuasit,
1485 2364 1621 2404 quem
1643 2353 1732 2393 Do—

90 2422 245 2462 minus
267 2433 351 2462 sua
369 2423 524 2473 gratia
547 2423 780 2473 dignetur.

169 2493 407 2544 Quantum
428 2505 542 2534 vero
563 2494 623 2534 ad
643 2495 848 2546 reliquos
871 2494 1023 2535 Patris
1044 2492 1230 2535 labores
1251 2495 1466 2546 pertinet,
1490 2507 1576 2535 nec
1594 2495 1640 2535 in
1658 2495 1732 2535 his

86 2565 380 2615 explicandis
417 2565 643 2605 orationis
673 2566 808 2617 copia
829 2566 964 2606 nobis
991 2567 1235 2607 subtracta
1263 2574 1357 2617 est,
1390 2566 1472 2606 sed
1503 2567 1731 2618 epistolae

88 2636 355 2687 prolixitas,
381 2648 471 2687 qua
494 2637 638 2676 animi
659 2637 749 2676 mei
766 2637 962 2677 affectus
979 2637 1132 2678 Patris
1149 2638 1430 2677 auctoritate
1454 2638 1731 2678 interdictus

85 2713 170 2756 est,
209 2706 348 2747 finem
381 2692 567 2757 suadet,
598 2720 654 2748 ac
681 2709 879 2759 proinde
902 2709 1059 2760 capita
1081 2709 1182 2760 ipsa
1214 2709 1481 2749 summatim
1501 2721 1729 2760 propone-

91 2789 209 2817 mus.
246 2777 424 2818 Diebus
446 2779 643 2829 singulis
673 2779 994 2820 confessiones
1016 2780 1145 2819 audit
1167 2780 1308 2820 Pater
1329 2780 1375 2819 in
1403 2780 1517 2820 aede
1544 2779 1730 2820 Sanctis

84 2848 372 2900 Martyribus
390 2849 588 2890 Cosmae
611 2856 655 2889 ct
676 2850 910 2891 Damiano
933 2863 1092 2902 sacra,
1117 2863 1236 2902 quae
1258 2858 1449 2891 nostrae
1477 2857 1546 2891 est
1567 2863 1726 2902 paroe-

85 2919 186 2959 ciae
207 2920 435 2960 Ecclesia.
460 2920 638 2960 Diebus
658 2922 809 2961 sacris
831 2922 878 2961 in
899 2921 1103 2962 Abbatia
1125 2921 1284 2962 Sancti
1305 2921 1529 2962 Germani
1557 2924 1724 2962 saluta-

84 2990 155 3030 ria
177 2990 497 3032 Poenitentiae
519 2998 563 3032 et
584 2992 911 3033 Eucharistiae
933 3000 1229 3033 sacramenta
1254 2993 1493 3045 utriusque
1510 3005 1650 3034 sexus
1672 3005 1728 3033 ac
