2080 3392
898 155 981 191 Ax.
1014 155 1105 192 1553
1765 155 1835 192 127

182 252 433 303 stringere,
463 251 593 291 iuxta
614 263 854 303 nunquam
880 252 1166 292 laudandam
1196 252 1311 292 satis
1340 252 1492 292 almae
1523 257 1716 292 nostrae
1748 250 1827 291 So-

183 323 364 363 cietatis
399 323 810 372 consuetudinem,
849 335 989 375 quam
1024 329 1068 363 et
1104 324 1344 375 apostolos
1379 329 1424 362 et
1458 323 1632 374 primos
1668 328 1829 374 patres

182 404 436 445 usurpasse
456 393 669 444 legimus.
693 394 764 434 Ex
786 394 949 434 eodem
980 394 1104 434 enim
1132 406 1217 434 ceu
1243 394 1371 434 fonte
1399 393 1826 434 exuberantissimo

182 465 408 516 plurimae
428 465 782 505 commodorum
803 476 953 505 venae
974 465 1253 505 scaturiunt:
1278 465 1396 505 haec
1426 465 1597 516 quippe
1618 470 1726 505 tuae
1748 477 1827 517 pa-

182 542 342 575 ternae
365 547 506 575 curae
535 535 735 576 filiorum
764 536 918 576 studia
948 542 1188 586 tamquam
1214 547 1411 586 pensum
1439 535 1682 576 exhibent:
1713 536 1826 576 filio-

181 619 281 647 rum
313 618 496 658 quoque
518 607 776 647 industriae
797 607 927 647 acria
955 607 1162 646 calcaria
1191 607 1413 647 admovet
1439 619 1497 647 ne
1525 607 1749 648 socordes
1780 614 1825 648 et

181 680 353 719 inertes
374 684 587 719 stertant.
610 679 735 719 Inter
756 678 929 719 fratres
949 690 1062 718 vero
1084 684 1295 718 mutuam
1320 678 1623 718 concordiam
1643 686 1687 718 et
1715 679 1821 719 cha-

179 751 367 790 ritatem
388 750 491 800 alit,
515 750 731 790 notitiam
751 756 795 790 et
821 749 1190 789 familiaritatem
1221 749 1510 800 spiritualem
1541 750 1685 789 multo
1717 735 1822 790 soli—

177 821 355 861 diorem
372 822 606 872 corporali
628 821 861 861 conciliat.
880 820 983 860 Hoc
1000 820 1287 860 internuntio
1304 820 1475 859 fratres
1492 832 1594 860 sese
1616 821 1822 861 invicem

177 892 467 933 mirabilibus
489 892 688 932 stimulis
710 892 937 942 excitant,
961 897 1173 942 monent,
1203 891 1392 941 docent,
1427 892 1743 932 consolantur.
1774 892 1821 932 Si

167 975 295 1016 quae
330 963 528 1014 gaudia,
561 964 601 1003 si
628 975 748 1014 quae
774 963 1135 1014 prosperitates,
1166 962 1539 1016 augenturdum
1567 964 1822 1003 communi-

176 1041 342 1075 cantur
371 1034 598 1086 plurimis.
628 1034 846 1075 Adversa
876 1046 990 1074 vero
1018 1034 1290 1074 minuuntur
1321 1039 1365 1073 et
1391 1033 1627 1073 leniuntur
1656 1036 1818 1074 multo-

175 1118 277 1146 rum
298 1106 503 1145 humeris
524 1106 757 1157 imposita.
776 1105 977 1145 Proinde
998 1104 1120 1145 Rduss
1138 1104 1187 1144 Ρ.
1211 1104 1489 1144 Leonardus
1510 1103 1534 1154 ¹,
1554 1105 1663 1144 licet
1682 1116 1819 1144 occu-

175 1177 414 1228 pationum
435 1177 573 1216 undis
594 1177 802 1227 obrutus,
827 1177 1015 1216 minime
1037 1188 1142 1216 eam
1162 1175 1560 1216 intermittendam
1582 1176 1818 1216 existima-

174 1248 260 1296 vit,
284 1248 397 1300 quin
423 1248 579 1299 potius
607 1248 653 1288 id
680 1248 888 1287 muneris
917 1247 975 1287 ad
996 1259 1069 1287 me
1097 1247 1335 1287 transtulit
1357 1247 1600 1287 minimum
1621 1247 1822 1288 fratrum

174 1331 384 1359 meorum
406 1328 449 1359 et
469 1320 677 1371 ineptum
698 1331 892 1371 prorsus
914 1319 1166 1358 hominem.
1187 1317 1277 1359 Sed
1299 1318 1434 1358 cedat
1454 1318 1717 1358 obedientia
1739 1331 1817 1370 pu-

173 1391 288 1431 dori.
311 1390 546 1442 Suscipiat
566 1391 752 1442 genitus
775 1401 888 1441 erga
919 1396 1017 1430 tam
1041 1391 1168 1441 pium
1195 1397 1238 1430 et
1270 1389 1451 1429 fidelem
1480 1397 1723 1441 parentem
1751 1390 1813 1429 af-

172 1463 323 1502 fectus
363 1463 488 1514 quod
527 1468 714 1502 recusat
749 1462 1058 1501 imbecillitas.
1098 1461 1401 1501 Benedictum
1435 1472 1605 1500 nomen
1641 1461 1817 1501 domini

173 1534 319 1574 nostri
342 1534 446 1574 Iesu
473 1533 647 1574 Christi
676 1545 799 1573 nunc
821 1539 865 1573 et
887 1533 934 1573 in
956 1534 1146 1573 saecula
1168 1533 1484 1581 saeculorum,
1510 1533 1587 1584 qui
1608 1544 1694 1572 nos
1721 1539 1819 1572 tam

174 1605 468 1646 abundanter
503 1604 906 1645 benedictionibus
941 1604 1199 1644 dulcedinis
1233 1616 1345 1644 suae
1379 1605 1639 1656 praevenit.
1671 1603 1816 1655 Siqui—

173 1678 278 1717 dem
299 1676 312 1695 ”·’
335 1677 491 1716 omnia
513 1677 647 1716 nobis
668 1676 744 1716 hic
763 1676 986 1716 Coloniae
1007 1683 1194 1727 praeter
1216 1687 1347 1727 spem
1369 1676 1641 1725 succedunt3
1659 1677 1817 1726 plures

172 1749 347 1800 passim
369 1748 633 1787 invenimus
650 1747 859 1788 fautores
880 1753 924 1787 et
945 1747 1123 1787 amicos
1141 1759 1282 1798 quam
1299 1746 1664 1787 credideramus.
1686 1746 1819 1787 Unde

174 1831 346 1870 magna
383 1831 490 1871 spes
528 1818 577 1859 P.
620 1819 868 1859 Leonardo
909 1819 965 1858 de
1001 1818 1358 1859 Coloniensibus
1395 1818 1603 1869 affulget,
1642 1818 1815 1858 Multae

172 1897 357 1942 segetes
383 1890 580 1931 feliciter
608 1891 813 1942 quotidie
843 1896 1144 1930 enascuntur.
1180 1890 1321 1930 Faxit
1355 1889 1483 1929 Deus
1524 1889 1631 1941 Opt.
1668 1890 1811 1940 Max„

174 1963 305 2003 cuius
326 1969 396 2003 est
416 1964 755 2002 incrementum
773 1962 899 2011 dare,
921 1968 971 2002 ut
994 1961 1053 2001 ad
1070 1968 1303 2001 maturam
1320 1961 1505 2012 frugem
1522 1962 1814 2012 perveniant.

253 2033 411 2074 Bonus
433 2034 549 2073 odor
570 2034 617 2072 in
635 2035 777 2084 vulgo
795 2033 851 2073 de
869 2033 1001 2073 nobis
1018 2033 1273 2084 spargitur,
1293 2033 1370 2084 qui
1388 2034 1584 2072 multum
1601 2033 1735 2072 nobis
1753 2033 1814 2072 fa-

175 2111 274 2156 vet,
306 2105 595 2157 frequentius
618 2105 755 2145 solito
777 2104 965 2144 Patrem
987 2104 1169 2144 accedit
1192 2112 1236 2144 et
1266 2105 1462 2144 libenter
1492 2104 1619 2144 audit
1648 2105 1817 2155 ipsum.

174 2176 307 2217 Multi
329 2188 516 2216 omnem
536 2176 834 2216 occasionem
854 2175 986 2215 nobis
1007 2175 1306 2226 gratificandi
1330 2182 1562 2215 venantur
1583 2188 1590 2215 :
1625 2186 1818 2226 operam

174 2259 307 2288 suam
322 2248 616 2300 pollicentur,
636 2248 861 2298 pecunias
879 2246 1096 2297 offerunt,
1117 2252 1161 2286 et
1178 2248 1415 2298 repulsam
1433 2247 1580 2298 passi,
1601 2258 1682 2297 per
1703 2247 1819 2286 alios

175 2319 358 2372 oblique
381 2326 425 2359 et
447 2320 567 2359 clam
588 2319 722 2358 nobis
750 2319 1020 2358 obtrudunt.
1053 2318 1280 2358 Omnibus
1308 2319 1433 2358 votis
1463 2324 1687 2369 exoptant
1715 2329 1817 2357 san-

175 2396 301 2430 ctum
327 2391 454 2430 illum
481 2390 644 2430 Videre
672 2390 816 2440 diem,
848 2402 938 2441 quo
960 2388 1184 2430 Societati
1205 2390 1455 2440 collegium
1483 2390 1713 2439 erigatur,
1739 2395 1818 2429 aut

175 2473 285 2513 quo,
306 2473 533 2502 concessa
550 2467 781 2514 potestate
798 2461 1060 2513 privilegiis
1076 2462 1221 2501 libere
1237 2461 1416 2511 utendi,
1442 2461 1607 2501 domus
1629 2467 1815 2500 extrua-

173 2540 268 2582 tur,
289 2545 381 2573 non
398 2545 549 2585 parvo
567 2532 798 2573 desiderio
814 2533 1072 2584 flagrantes
1094 2544 1198 2573 eam
1215 2532 1501 2583 supellectile
1522 2543 1754 2572 exornare
1772 2539 1817 2572 et

174 2604 278 2645 aliis
295 2604 430 2644 donis
448 2605 632 2654 dotare,
651 2615 852 2656 quorum
868 2605 946 2656 pia
963 2604 1106 2644 animi
1124 2603 1369 2644 affectione
1387 2603 1490 2655 quis
1508 2615 1601 2643 non
1620 2605 1818 2643 multum

230 2742 239 2761 ¹
281 2741 317 2769 Ρ.
334 2741 535 2769 Leonardus
550 2740 684 2773 Kessel,
700 2741 800 2768 sociis
815 2740 1073 2768 Coloniensibus
1088 2740 1316 2775 praepositus.

227 2790 240 2809 Ξ
279 2789 372 2822 Quae
385 2790 427 2816 ab
440 2789 536 2816 initio
551 2789 724 2823 hucusque
746 2789 922 2816 Gerardus
937 2789 1076 2823 scripsit
1087 2810 1093 2820 ,
1110 2789 1152 2815 ab
1174 2788 1289 2821 ignoto
1305 2787 1447 2818 flandi-o,
1465 2794 1563 2820 quem
1578 2795 1681 2821 supra
1697 2788 1812 2814 memi-

172 2837 292 2871 nimus,
307 2837 416 2869 lineis,
437 2845 477 2864 ne
495 2837 781 2870 exscriberentur,
807 2837 926 2864 clausa
947 2840 1034 2871 sunt,
1057 2841 1089 2863 et
1112 2843 1229 2862 eorum
1249 2836 1322 2862 loco
1345 2835 1429 2861 haec
1450 2835 1482 2861 in
1499 2835 1653 2869 margine
1670 2835 1815 2869 scripta:

172 2885 345 2912 Admonet
362 2892 416 2911 me
432 2885 521 2911 bona
537 2885 763 2915 consuetudo,
784 2891 890 2918 quam
912 2885 954 2911 ab
972 2884 1141 2918 apostolis
1160 2885 1190 2910 el
1207 2883 1340 2916 primis
1354 2883 1520 2916 patribus
1536 2884 1750 2916 usurpatam
1767 2883 1816 2909 le-

172 2933 302 2966 gimus,
318 2934 354 2959 ut
370 2939 460 2966 quae
475 2932 572 2966 apud
594 2940 656 2959 nos
672 2933 837 2966 proximo
861 2932 1124 2966 qnadrimeslrz'
1144 2933 1244 2965 gesta
1266 2932 1349 2956 sunt
1371 2931 1528 2957 breviter
1548 2932 1816 2964 perstringam.

173 2980 312 3013 Itaque.
