2080 3392
833 177 899 214 AN
947 177 1038 214 1553
1682 179 1749 215 117

106 273 325 313 solationi
344 271 430 312 fuit
450 278 518 312 tot
539 272 703 313 diebus
726 273 885 314 videre
908 281 1067 325 patres
1096 275 1144 314 in
1175 274 1419 315 audiendis
1448 275 1748 315 consessioni-

104 345 190 384 bus
227 344 495 395 impeditos;
533 351 577 384 et
611 346 909 396 praeclarum
943 358 1056 386 suae
1093 346 1278 397 pietatis
1309 347 1575 398 exemplum
1606 347 1748 387 edidit

103 415 236 455 Rmus
264 414 464 455 Nuntius
494 415 816 467 Apostolicus‚
842 417 920 468 qui
948 429 1042 456 non
1062 419 1212 457 solum
1242 417 1301 457 ad
1323 417 1487 457 Patres
1508 417 1744 457 confessu-

106 497 186 526 rus
206 485 388 525 accedit
410 486 638 538 nobisque
661 488 869 539 impense
890 488 1041 537 favet,
1066 488 1148 528 sed
1176 489 1319 528 etiam
1348 495 1496 529 totam
1523 489 1657 529 iussit
1685 489 1748 529 fa-

108 557 299 607 miliam,
332 569 528 609 eamque
560 559 912 610 amplissimam,
944 571 1078 599 suam
1107 560 1165 599 ad
1187 558 1545 600 Sacramentum
1567 561 1745 608 altaris,

106 634 355 680 postquam
377 629 581 669 confessi
601 637 757 670 essent
779 630 904 670 domi
933 636 1139 681 nostrae,
1169 632 1409 682 accedere,
1435 643 1748 672 communem—

108 711 196 751 que
232 700 394 740 christi
423 700 640 741 Natalem
675 702 918 742 nobiscum
953 703 1205 742 celebrare.
1238 702 1418 753 Quibus
1448 711 1769 760 accesserunt

104 776 148 810 et
169 771 247 811 alii
268 772 550 823 complures,
576 779 625 812 ut
646 785 740 813 non
761 774 1012 813 mediocris
1030 779 1156 814 certe
1178 780 1275 814 tum
1298 774 1633 826 confitentium,
1652 782 1751 816 tum

103 844 553 884 communicantium
580 844 707 884 domi
736 852 927 885 nostrae
954 852 999 885 et
1027 846 1136 885 alibi
1166 858 1273 886 cum
1300 846 1495 896 nostris,
1528 859 1752 886 numerus

100 914 324 955 extiterit.

184 985 447 1027 Omiseram
469 998 609 1038 pene,
634 987 758 1038 quod
786 987 962 1028 dictum
990 988 1196 1040 oportuit
1225 988 1281 1029 de
1311 989 1641 1039 incarceratis,
1674 990 1752 1040 qui

103 1068 210 1098 cum
237 1064 375 1098 antea
404 1058 613 1099 difficiles
640 1071 689 1099 se
717 1059 875 1110 nobis,
907 1066 952 1099 et
980 1072 1074 1100 non
1102 1060 1240 1100 modo
1272 1060 1442 1100 surdas
1473 1072 1635 1111 aures,
1670 1060 1752 1100 sed

103 1129 243 1170 etiarn
263 1129 460 1170 rebelles
481 1130 662 1170 animos
684 1131 978 1181 praeberent,
1000 1137 1049 1171 ut
1070 1131 1211 1171 etiam
1233 1131 1350 1171 bene
1373 1139 1618 1172 monentes
1635 1132 1749 1172 deri-

102 1201 212 1241 dere
233 1207 278 1241 et
299 1207 599 1242 contemnere
620 1203 909 1253 viderentur,
939 1204 1103 1255 suique
1131 1203 1179 1243 in
1209 1203 1548 1244 murmurando
1575 1204 1752 1244 similes

102 1284 204 1312 esse
225 1280 491 1324 pergerent,
515 1285 638 1314 nunc
654 1274 858 1325 tandem,
879 1275 1023 1315 animi
1045 1275 1198 1326 posita
1216 1275 1460 1315 ferocitate
1482 1275 1560 1316 illa
1583 1284 1627 1315 et
1649 1287 1750 1327 per—

101 1343 306 1395 vicacia,
329 1356 415 1384 nos
436 1344 630 1385 audiunt
651 1351 695 1385 et
717 1352 877 1386 amant
898 1352 942 1386 et
964 1347 1123 1386 colunt
1150 1353 1200 1386 ut
1229 1347 1309 1398 qui
1334 1347 1555 1387 maxime.
1586 1346 1749 1398 Itaque

101 1414 161 1455 ad
180 1416 268 1455 hos
290 1416 604 1456 consolandos
625 1423 670 1456 et
691 1417 1040 1457 confirmandos
1060 1417 1333 1469 frequenter
1350 1418 1486 1468 imus,
1506 1418 1638 1458 festis
1659 1417 1750 1458 die-

100 1487 186 1527 bus
206 1487 520 1538 potissimum,
544 1488 719 1540 ibique,
741 1489 918 1529 nudato
941 1489 1094 1541 capite
1116 1497 1161 1529 et
1183 1496 1403 1541 porrecta
1425 1489 1646 1541 dextera,
1671 1502 1751 1530 no-

100 1564 222 1598 stros
248 1558 516 1599 humaniter
543 1560 702 1600 miseri
732 1560 1014 1612 suscipiunt,
1049 1567 1093 1600 et
1121 1561 1177 1601 de
1206 1562 1357 1601 salute
1388 1572 1473 1601 sua
1502 1570 1747 1602 monentes

96 1629 295 1670 libenter
315 1632 582 1671 auscultant
603 1637 968 1683 reverenterque
985 1632 1236 1673 dimittunt.
1257 1632 1399 1673 Novit
1417 1634 1504 1673 hoc
1523 1634 1742 1685 populus,

100 1706 144 1741 et
173 1702 342 1752 probat
371 1702 494 1742 hanc
522 1703 570 1743 in
600 1703 775 1743 nostris
804 1715 968 1743 curam
993 1709 1134 1755 atque
1162 1704 1464 1755 charitatem,
1497 1705 1621 1756 quod
1651 1717 1748 1746 non

98 1773 248 1813 solum
269 1774 565 1814 consolemur
587 1774 786 1815 afflictos
807 1781 851 1814 et
872 1775 1126 1815 doceamus
1148 1776 1366 1827 ignaros,
1392 1777 1474 1816 sed
1504 1777 1671 1826 etiam,
1698 1784 1747 1817 ut

98 1855 337 1896 nunquam
357 1852 605 1886 senserunt
627 1852 780 1895 antea,
800 1846 1067 1898 frequentes
1089 1854 1133 1887 et
1154 1848 1335 1899 amplas
1358 1848 1448 1888 illis
1466 1848 1748 1899 colligamus

99 1921 144 1955 et
164 1922 466 1968 apportemus
487 1918 830 1969 eleemosynas.
849 1918 1078 1959 Effectum
1100 1926 1171 1959 est
1192 1920 1317 1959 enim
1339 1932 1365 1959 a
1388 1920 1576 1969 nostris,
1597 1927 1647 1960 ut
1669 1933 1748 1960 no-

99 1987 213 2028 biles
233 1988 423 2040 quidam
444 1989 491 2028 in
512 1989 792 2030 miserorum
812 1990 1012 2030 istorum
1031 1991 1238 2041 gratiam
1258 1992 1429 2031 multos
1451 2003 1622 2032 aureos
1639 2004 1747 2032 con-

101 2059 290 2100 tulerint
330 2060 595 2112 nostrisque
630 2061 842 2112 patribus
877 2062 1150 2113 reliquerint
1190 2061 1548 2113 dispensandos.
1589 2063 1747 2114 Quare

100 2137 257 2171 vestes
285 2137 330 2172 et
365 2133 549 2172 calceos
583 2139 627 2172 et
661 2132 845 2173 indusia
881 2134 1158 2185 praeparari
1193 2135 1487 2185 curavimus;
1525 2141 1665 2186 atque
1697 2142 1747 2176 ut

99 2204 238 2254 paulo
259 2204 458 2255 mollius,
481 2210 619 2244 nocte
640 2205 936 2256 praesertim,
961 2212 1296 2256 tractarentur,
1321 2207 1403 2247 sed
1426 2213 1470 2247 et
1492 2208 1746 2259 corporali-

99 2280 170 2314 ter
190 2275 441 2326 aliquando
464 2282 807 2327 recrearentur,
832 2276 1046 2317 dedimus
1067 2289 1274 2329 operam.
1300 2278 1462 2330 Itaque
1483 2279 1623 2329 longe
1644 2290 1748 2330 pro-

99 2345 221 2386 fecto
242 2358 367 2386 nunc
390 2346 481 2386 alia
503 2358 646 2398 quam
666 2348 795 2399 prius
816 2347 969 2388 forma
991 2349 1199 2389 cernitur
1216 2350 1438 2400 carceris,
1459 2350 1505 2390 in
1523 2362 1614 2401 quo
1635 2362 1747 2390 non-

100 2417 251 2458 nullos
279 2418 419 2457 etiam
451 2418 739 2469 invenimus,
777 2419 852 2471 qui
882 2420 1203 2471 precationem
1232 2420 1515 2461 dominicam
1543 2433 1748 2462 omnem-

101 2499 188 2539 que
208 2489 434 2540 precandi
460 2489 711 2530 formulam
738 2490 1038 2542 ignorarent;
1071 2498 1115 2532 et
1144 2503 1308 2532 rursus
1335 2499 1492 2544 empta
1519 2500 1628 2533 sunt
1658 2493 1749 2533 illis

100 2570 183 2610 per
202 2566 392 2600 nostros
411 2561 610 2611 rosaria,
635 2562 711 2601 vel
733 2573 936 2602 coronae
962 2561 969 2580 ¹
997 2563 1060 2613 (ut
1080 2563 1286 2614 vocant),
1306 2575 1426 2615 quae
1446 2575 1572 2604 nunc
1592 2564 1640 2604 in
1660 2576 1748 2605 usu

99 2630 330 2682 frequenti
351 2631 546 2683 habent,
569 2632 796 2685 nobisque
818 2639 1056 2674 ostentant
1084 2635 1448 2675 adventantibus
1476 2636 1605 2676 velut
1635 2647 1748 2676 suae

100 2702 287 2754 pietatis
307 2703 508 2754 insigne,
533 2715 624 2755 quo
646 2704 712 2745 illi
734 2704 861 2745 haud
883 2717 1052 2756 parum
1072 2707 1351 2757 gloriantur.

180 2773 251 2815 De
279 2775 441 2815 schola
471 2775 570 2815 dixi
598 2776 773 2827 aliquid
801 2788 966 2828 supra,
998 2777 1130 2818 cuius
1163 2777 1352 2829 quidem
1377 2777 1584 2818 fructum
1613 2780 1748 2819 nobis

102 2845 443 2897 amplissimum
465 2847 696 2898 permulta
716 2848 1011 2899 pollicentur,
1037 2849 1097 2899 si,
1123 2854 1337 2889 cessante
1354 2855 1537 2889 tantum
1556 2849 1646 2890 hac
1672 2862 1748 2901 pe-

160 3005 168 3023 ¹
208 3005 261 3032 vel
277 3013 426 3033 coronae
440 3007 596 3035 additum
611 3015 629 3034 a
646 3007 804 3036 Polanco.
