2080 3392
848 195 932 232 AN.
963 195 1055 233 1554
1707 199 1778 235 053

133 290 362 342 inscripta
385 291 698 332 continentur.
721 292 827 333 Fuit
848 293 936 333 hoc
959 305 1076 345 opus
1098 305 1308 334 summae
1330 295 1544 335 utilitatis
1571 301 1616 335 et
1639 307 1774 347 spua-

130 361 200 401 lis.
227 363 460 403 commodi
481 368 578 403 tam
598 363 764 404 incolis
786 364 993 404 civitatis
1013 376 1154 416 quam
1174 365 1390 416 paganis.
1422 365 1543 406 Nam
1571 366 1668 418 hic,
1698 367 1777 407 ubi

129 434 312 484 pueruli
333 434 607 474 iuramentis
629 435 880 476 utebantur
900 436 1167 487 horrendiS,
1199 437 1337 477 modo
1370 448 1466 477 non
1494 438 1643 478 solum
1671 450 1774 490 par-

128 504 227 544 vuli
265 505 348 545 sed
385 505 526 545 etiam
563 506 844 556 grandiores
882 507 930 546 in
969 508 1137 559 quavis
1175 519 1225 547 re
1265 508 1522 548 asserenda
1569 513 1692 549 certe
1731 516 1776 550 et

129 575 271 616 hmoi.
309 575 426 616 alias
460 576 705 617 dumtaxat
740 577 1076 618 affirmationes
1111 577 1284 618 addere
1321 586 1651 620 consuescunt.
1685 580 1773 621 De-

129 652 401 698 cretumque
437 654 527 697 est,
565 654 614 687 ut
644 648 722 699 qui
752 648 984 689 iurantem
1020 649 1222 701 aliquem
1253 649 1520 701 offenderit,
1559 651 1775 692 eumdem

128 717 349 757 continuo
378 717 628 758 admoneat
656 725 700 759 et
729 719 1055 760 iusiurandum
1081 732 1107 760 a
1136 732 1185 760 se
1206 720 1384 761 factum
1412 722 1622 763 modeste
1650 734 1773 763 com-

127 794 376 839 memoret;
399 789 607 840 alioquin
629 790 842 830 eamdem
864 791 1107 841 mulctam,
1133 802 1252 842 quae
1282 792 1458 833 iuranti
1486 793 1638 834 fuerat
1670 805 1773 845 pro-

126 860 301 911 posita,
326 860 445 911 ipse,
470 861 547 912 qui
569 872 797 901 accusare
819 862 1105 913 negligeret,
1130 863 1335 914 pendere
1359 870 1578 915 cogatu1·;
1613 877 1703 917 quo
1725 865 1774 905 fit

127 936 175 970 ut
202 931 285 970 vix
313 942 433 971 unus
462 932 590 983 loqui
619 932 834 983 incipiat,
866 944 973 973 cum
1001 940 1190 984 praesto
1223 934 1395 974 habeat
1427 943 1770 977 accusatorem.

125 1001 372 1042 Institutae
409 1010 517 1042 sunt
552 1004 920 1055 supplicationes
956 1004 1152 1055 singulis
1188 1005 1324 1045 annis
1359 1006 1405 1046 in
1445 1005 1564 1047 festo
1607 1008 1771 1048 dulcis-

126 1073 232 1113 simi
266 1073 383 1113 nois.
413 1073 525 1127 Jesu
553 1075 939 1127 propositumque
969 1081 1039 1115 est
1073 1081 1123 1116 ut
1157 1076 1356 1127 singulis
1386 1077 1647 1119 Dominicis
1682 1078 1771 1120 die—

126 1144 213 1185 bus
235 1144 561 1195 dignissimum
583 1145 757 1186 Missae
784 1147 1067 1187 sacrificium
1097 1147 1414 1188 celebraretur
1446 1149 1502 1189 de
1535 1150 1774 1201 congestis

126 1216 338 1267 pecuniis
369 1228 428 1256 ex
454 1217 660 1267 mulctis,
685 1223 729 1257 et
760 1218 989 1270 reliquum
1021 1218 1081 1258 ad
1113 1217 1397 1259 Societatem
1421 1221 1774 1262 misericordiae

127 1287 402 1327 deferretur.
446 1287 597 1328 Docet
624 1294 872 1339 praeterea
899 1288 974 1329 Pr.
1009 1289 1257 1340 aliquoties
1292 1291 1517 1341 parvulos
1551 1293 1774 1332 mandata

123 1359 406 1410 vespertinis
439 1359 568 1399 horis
600 1360 646 1399 in
675 1360 865 1400 modum
897 1361 1058 1400 suavis
1090 1361 1353 1401 cantilenae
1383 1362 1441 1402 ad
1473 1362 1773 1403 devotionem

121 1430 331 1470 animum
371 1431 732 1481 commoventis,
776 1432 909 1471 cuius
948 1431 1258 1472 delectatione
1299 1440 1343 1473 et
1380 1435 1614 1474 suavitate
1656 1436 1771 1475 anti-

122 1512 263 1553 quam
284 1502 622 1553 turpitudinem
643 1502 980 1542 dedidicerunt.
1005 1503 1200 1555 Insuper
1222 1504 1282 1544 ad
1304 1504 1378 1544 dei
1399 1506 1602 1555 gloriam
1627 1512 1670 1546 et
1694 1519 1771 1546 no-

122 1578 329 1613 strorum
365 1580 671 1624 peccatorum
699 1574 980 1625 supplicium
1008 1580 1053 1614 et
1082 1575 1285 1615 Eccliae.
1318 1576 1567 1617 universae
1603 1577 1771 1618 utilita-

119 1650 213 1684 tem
250 1645 462 1685 instituta
498 1651 567 1685 est
603 1645 801 1696 singulis
836 1646 982 1686 sextis
1012 1645 1166 1697 feriis,
1204 1647 1251 1686 in
1287 1648 1439 1687 noctis
1475 1650 1769 1700 crepusculo,

119 1716 388 1756 verberatio
411 1717 457 1756 in
480 1718 666 1768 templO,
697 1729 788 1768 quo
823 1717 1064 1758 confluunt
1095 1730 1214 1769 oes.,
1246 1719 1412 1770 quibus
1440 1719 1485 1759 id
1515 1720 1649 1760 cordi
1681 1727 1764 1770 est,

120 1788 325 1839 obnupto
348 1788 501 1839 capite
523 1794 603 1828 aut
624 1795 674 1828 ut
695 1789 890 1840 quisque
920 1790 1124 1840 mavult,
1158 1802 1215 1830 ne
1243 1790 1301 1830 ab
1334 1791 1491 1842 aliquo
1523 1792 1771 1842 dignosca-

118 1864 209 1899 tur.
242 1859 300 1898 l.O
331 1859 405 1899 die
434 1859 622 1899 veneris
658 1860 795 1900 huius
831 1861 1225 1912 quadragesimae
1265 1874 1371 1902 cum
1406 1863 1549 1902 certis
1585 1863 1772 1914 quibus-

119 1930 247 1980 dam,
286 1942 402 1982 quos
438 1932 861 1982 congregavimus,
894 1943 995 1972 rem
1031 1933 1249 1983 aggressi
1284 1945 1465 1981 sumus;
1504 1934 1586 1974 sed
1625 1946 1772 1986 usque

119 2002 235 2042 adeo
257 2002 478 2053 deinceps
499 2014 721 2042 numerus
753 2003 985 2050 excrevit,
1018 2010 1115 2043 tam
1143 2004 1369 2044 nobilium
1401 2017 1543 2056 quam
1573 2006 1773 2045 aliorum

116 2073 351 2113 inferioris
387 2074 689 2123 conditionis,
729 2080 778 2114 ut
815 2082 1007 2126 propter
1040 2075 1201 2126 templi
1235 2076 1506 2126 angustiam
1541 2077 1772 2128 compulsi

115 2144 341 2184 fuerimus
376 2145 436 2185 ad
471 2156 705 2185 summum
740 2147 965 2197 templum
999 2158 1084 2185 nos
1120 2147 1338 2186 transire.
1377 2146 1653 2187 Sermonem
1693 2148 1771 2187 ha-

116 2216 215 2256 buit
245 2215 319 2256 Pr.
352 2216 544 2256 brevem
575 2228 716 2268 super
744 2229 835 2256 uno
864 2230 923 2257 ex
955 2224 1134 2267 septem
1162 2218 1318 2257 verbis
1349 2230 1375 2258 a
1402 2218 1500 2267 ΧΑ),
1534 2225 1769 2259 assertore

115 2293 293 2337 nostro,
319 2287 365 2327 in
387 2299 527 2327 cruce
554 2287 715 2341 factiS,
751 2300 841 2340 quo
874 2289 938 2328 ita
970 2288 1113 2328 corda
1145 2289 1482 2340 poenitentium
1515 2291 1770 2330 commovit

117 2365 165 2398 ut
188 2358 275 2410 ipsi
297 2358 480 2398 abunde
503 2359 618 2399 satis
639 2359 911 2411 lachrymas
933 2359 1196 2400 effuderint.
1221 2360 1324 2411 Ego
1348 2367 1391 2400 et
1413 2361 1531 2401 alius
1561 2362 1769 2402 eiusdem

117 2430 243 2469 urbis
264 2429 339 2470 Pr.
359 2430 598 2482 coepimus
616 2432 848 2482 psalmum
867 2431 1091 2471 rzzl'serel'e
1107 2438 1150 2472 et
1169 2433 1284 2483 psal.
1305 2432 1359 2472 de
1372 2433 1642 2483 profundis
1658 2445 1767 2485 pau—

116 2501 247 2541 latim
268 2501 483 2551 recitare,
504 2502 567 2541 ita
591 2509 640 2541 ut
662 2501 988 2543 Conimbricae
1012 2503 1058 2543 in
1082 2504 1281 2553 collegio
1305 2515 1407 2544 mos
1429 2510 1544 2544 erat.
1571 2504 1677 2545 OeS.
1703 2505 1766 2545 in-

117 2580 246 2612 terea
267 2573 542 2620 verberare,
567 2580 612 2613 et
634 2574 905 2624 lachrymas
928 2574 1178 2614 effundere.
1215 2574 1455 2627 Optimum
1484 2576 1530 2616 id
1552 2576 1768 2617 omnibus

119 2645 272 2684 visum
293 2650 385 2691 est3
412 2650 698 2696 quapropter
721 2645 844 2685 idem
871 2645 1072 2686 facimus
1103 2646 1303 2697 singulis
1336 2647 1480 2687 sextis
1514 2646 1642 2687 feriis
1673 2659 1765 2688 ma-

116 2727 212 2766 gno
235 2727 342 2755 cum
366 2715 534 2755 ardore
566 2722 610 2755 et
641 2717 807 2767 spuali.
842 2718 1154 2757 commotione
1185 2718 1358 2770 populi.
1395 2718 1624 2770 Obstupet
1656 2720 1766 2759 civi-

116 2793 189 2826 tas
210 2787 456 2836 universa,
481 2794 525 2827 et
549 2787 664 2827 haec
688 2788 844 2828 omnia
865 2794 914 2828 ut
935 2801 1060 2829 nova
1082 2795 1126 2829 et
1144 2789 1332 2830 insolita
1354 2790 1567 2830 misatur.
1593 2790 1766 2831 Dicunt

115 2858 215 2898 fore
244 2865 293 2898 ut
329 2858 417 2910 ipsi
446 2870 529 2909 per
561 2857 749 2898 Patrem
776 2859 879 2899 veri
900 2860 1146 2900 christiani
1178 2860 1451 2911 efficiantur,
1484 2862 1654 2911 velint,
1689 2875 1764 2902 no—

116 2930 220 2981 lint;
245 2942 331 2970 nec
354 2929 469 2969 mihi
490 2929 678 2981 quidem
700 2929 891 2970 dubium
911 2931 1056 2970 ullum
1083 2937 1178 2982 est,
1203 2932 1314 2983 quin
1343 2932 1480 2972 facile
1511 2945 1590 2973 eos
1618 2934 1766 2985 possit

117 3012 214 3043 oes.
241 3000 299 3041 ad
323 3001 445 3041 hanc
469 3002 544 3040 vel
564 3001 691 3040 illam
713 3008 895 3052 partem
915 3001 1141 3042 inclinare
1163 3009 1208 3043 et
1231 3015 1321 3054 quo
1349 3004 1462 3044 velit
1488 3004 1764 3056 perducere;
