2080 3392
313 192 363 230 38
822 191 1049 228 LITTERAE
1075 201 1436 234 QUADRIMESTRES

314 289 439 329 illico
460 294 727 340 praesentat
749 288 880 328 Rmo.
914 288 971 327 D.
1006 286 1245 327 Cardinali
1271 287 1505 338 Urbinati,
1535 289 1714 339 Legato
1746 289 1941 341 Aposto-

316 360 407 400 lico
431 358 456 410 ¹,
481 367 525 400 et
546 360 583 399 is
605 371 787 410 quoque
807 369 981 409 magna
1002 358 1291 398 humanitate
1313 358 1513 398 officium
1542 371 1598 399 ac
1627 371 1817 411 operam
1849 360 1942 411 pol-

318 431 496 470 licetur.
519 431 623 483 Jam
644 441 756 469 vero
779 441 883 470 cum
905 429 964 469 ad
983 430 1137 469 locum
1159 440 1366 469 essemus
1398 429 1677 479 deducendi,
1710 431 1787 481 qui
1815 436 1942 471 certo

316 501 450 541 nobis
470 506 777 552 praeparatus
799 500 855 540 ab
878 500 1091 540 omnibus
1113 499 1404 549 credebatur,
1434 505 1484 540 ut
1513 500 1559 539 in
1589 501 1802 541 eumdem
1831 502 1940 541 mul-

317 578 412 611 tam
429 571 526 623 jam
547 577 921 622 comportassent
943 570 1296 621 supellectilem,
1322 570 1378 610 de
1408 581 1498 621 quo
1520 569 1534 588 ²
1556 571 1741 611 demum
1763 578 1944 612 contro-

317 643 438 682 verti
477 649 690 693 coeptum
724 642 813 692 est',
850 641 908 681 ob
941 641 1078 692 idque
1112 641 1300 681 tandem
1333 640 1467 680 nobis
1505 641 1695 681 minime
1730 642 1939 693 contigit.

316 713 447 764 Quae
468 725 542 753 res
571 713 627 752 D.
659 703 901 753 Vicarium
931 712 1084 763 coegit
1114 718 1163 752 ut
1192 712 1419 752 hactenus
1447 711 1571 763 apud
1599 723 1648 752 se
1680 712 1941 763 detinuerit,

316 796 410 824 non
431 785 604 834 absque
622 783 807 834 jactura
829 795 985 823 rerum
1006 782 1191 834 quidem
1214 783 1540 834 spiritualium,
1565 788 1662 822 tum
1683 784 1805 835 quod
1833 785 1943 823 mul—

315 862 388 894 tos
409 855 615 894 nondum
644 865 790 905 usque
812 854 927 893 adeo
955 859 1206 905 provectos
1227 853 1489 905 suppudeat
1519 853 1656 893 toties
1683 865 1768 893 nos
1800 854 1942 904 adire,

316 925 518 965 maxime
554 925 601 964 in
629 926 730 964 loco
760 925 966 976 publico,
996 925 1120 975 quod
1147 925 1277 964 initio
1314 925 1501 976 quidem
1535 912 1813 965 factitabant
1853 937 1945 965 ma-

315 1007 411 1047 gna
432 1002 475 1035 et
496 996 755 1046 frequentia
777 1002 820 1035 et
843 996 1097 1046 diligentia,
1123 996 1308 1046 quando
1327 996 1417 1035 alio
1437 1007 1575 1047 quam
1590 1007 1713 1036 nunc
1730 1002 1946 1047 pretextu

314 1067 499 1116 licebat,
523 1073 620 1106 tum
641 1078 753 1106 Vero
776 1067 997 1117 maxime,
1021 1066 1144 1117 quod
1171 1072 1349 1106 certum
1377 1067 1598 1117 templum
1620 1079 1713 1106 non
1734 1067 1945 1107 habueri—

316 1150 419 1178 mus
457 1138 535 1178 ubi
569 1149 705 1177 sacra
739 1143 1076 1188 peragerentur
1111 1138 1580 1189 ministrarenturque
1620 1137 1943 1189 Sacramenta,

315 1209 398 1249 sed
419 1209 555 1249 modo
577 1209 680 1258 huc,
705 1208 841 1248 modo
863 1209 971 1248 illuc
992 1209 1286 1257 itaverimus‚
1312 1220 1401 1259 quo
1423 1209 1633 1249 mittebat
1666 1221 1751 1249 nos
1778 1209 1835 1250 D.
1866 1210 1943 1250 Vi-

315 1279 486 1327 carius,
509 1279 745 1319 vocabant
768 1279 906 1319 amici
926 1279 1149 1319 nonnulli.

397 1340 644 1391 Caeterum
682 1356 898 1401 putamus
944 1349 1045 1389 Deo
1092 1351 1292 1401 propitio
1339 1351 1627 1401 pensandam
1675 1351 1945 1402 propediem

315 1422 436 1461 hanc
452 1421 685 1473 jacturam
715 1432 809 1460 non
837 1421 1061 1460 mediocri
1089 1420 1302 1471 foenore,
1332 1422 1371 1461 si
1403 1422 1681 1462 successerit
1715 1422 1839 1473 quod
1870 1422 1945 1461 ad-

315 1492 502 1532 modum
524 1491 685 1531 sedulo
707 1491 956 1531 moliuntur
979 1491 1069 1531 duo
1091 1491 1307 1531 doctores
1329 1491 1465 1543 hujus
1494 1492 1781 1532 Academiae
1814 1504 1869 1532 ac
1899 1493 1946 1532 in

315 1564 477 1614 primis
498 1563 545 1602 in
566 1574 620 1602 ea
648 1562 951 1613 professores.
987 1562 1282 1602 Contendunt
1309 1563 1535 1614 siquidem
1562 1564 1647 1613 illi,
1680 1563 1816 1615 idque
1843 1575 1944 1615 pro-

315 1634 429 1685 priis
450 1633 715 1684 impendiis,
752 1633 875 1684 apud
905 1633 1088 1673 Rmum.
1122 1633 1418 1673 Cardinalem
1438 1633 1715 1674 Perusinum,
1744 1633 1757 1652 ⁵
1787 1640 1837 1674 ut
1866 1633 1944 1674 So-

315 1705 474 1744 cietati
504 1711 692 1743 nostrae
723 1703 992 1754 designetur
1021 1705 1150 1744 locus
1177 1704 1367 1755 quidam
1388 1703 1483 1755 jam
1513 1705 1736 1745 aedificiis
1763 1705 1946 1745 abunde

315 1781 509 1815 ornatus
539 1787 594 1815 ac
615 1775 661 1814 in
688 1775 860 1825 optima
892 1775 1097 1814 civitatis
1126 1781 1258 1826 parte
1287 1775 1425 1825 situs,
1461 1787 1550 1827 quo
1579 1776 1797 1816 nimirum
1819 1776 1942 1816 facil-

316 1847 422 1886 lime
444 1852 690 1886 concurret
712 1847 908 1897 populus
937 1845 1139 1896 undique
1161 1846 1498 1886 sacrificiorum
1522 1848 1678 1897 gratia
1708 1848 1807 1887 sive
1839 1859 1944 1887 con-

315 1918 504 1957 cionum
526 1924 604 1956 aut
625 1917 877 1956 lectionum
894 1916 1250 1967 audiendarum3
1276 1928 1331 1956 ac
1353 1917 1527 1968 optimo
1555 1918 1752 1969 denique
1782 1918 1877 1957 aeri
1906 1918 1946 1958 is

315 1988 556 2038 expositus
578 1994 661 2027 est.
685 1987 786 2026 Hac
809 1987 963 2038 itaque
986 1999 1086 2038 spe,
1107 1986 1340 2038 jacturam
1371 2000 1510 2039 quam
1539 1988 1755 2038 fecimus,
1786 1989 1945 2040 utique

315 2070 407 2098 non
428 2059 598 2107 levem,
622 2070 779 2098 rerum
806 2058 974 2109 quippe
1002 2058 1332 2109 spiritualium,
1361 2058 1545 2099 facilius
1576 2060 1813 2110 aliquanto
1844 2070 1942 2111 per-

315 2128 520 2168 ferimus.
559 2128 796 2180 Siquidem
833 2141 890 2168 eX
925 2135 991 2168 tot
1026 2135 1214 2180 tamque
1253 2129 1399 2169 Variis
1434 2130 1692 2170 rationibus
1730 2130 1777 2169 in
1808 2142 1944 2170 exco-

316 2200 451 2239 lenda
472 2200 610 2239 vinea
637 2199 825 2239 Domini
854 2207 1046 2239 nostrae
1076 2198 1299 2239 Societati
1327 2200 1443 2239 adeo
1471 2200 1799 2250 familiaribuS,
1835 2212 1944 2252 pau-

316 2270 383 2309 cis
419 2270 668 2310 admodum
701 2270 1026 2321 utihactenus
1062 2270 1281 2320 contigit,
1320 2270 1465 2321 iisque
1500 2272 1797 2321 generalibus
1831 2271 1942 2321 fere,

316 2342 480 2392 quibus
502 2354 594 2381 non
616 2342 680 2381 ita
701 2341 957 2381 foecundus
978 2348 1234 2393 proventus
1255 2342 1484 2393 reportari
1506 2343 1642 2392 solet,
1674 2349 1724 2382 ut
1745 2343 1945 2393 primum

315 2424 374 2451 ex
395 2412 636 2452 sacrificiis
657 2413 848 2463 nostris,
873 2424 990 2463 quae
1011 2413 1158 2452 variis
1181 2413 1227 2451 in
1248 2412 1360 2452 locis
1390 2424 1448 2452 ex
1478 2413 1714 2464 insperato
1745 2413 1944 2453 celebra-

316 2482 499 2531 bantur,
539 2483 653 2522 nihil
687 2494 832 2534 prope
869 2483 1094 2523 accedere
1128 2483 1388 2533 videbatur,
1426 2490 1612 2534 praeter
1650 2490 1944 2535 praesentem

317 2552 443 2592 illum
482 2553 685 2593 fructum
726 2553 1082 2604 aedificationis,
1122 2559 1171 2593 ut
1210 2565 1340 2593 more
1379 2560 1537 2595 nostro
1577 2556 1761 2606 loquar,
1806 2566 1940 2605 quam

317 2629 472 2663 tamen
494 2625 638 2663 variis
661 2625 949 2675 argumentis
970 2624 1190 2675 colligere
1211 2624 1394 2673 licebat,
1418 2625 1561 2664 veluti
1584 2636 1642 2665 ex
1663 2625 1942 2673 reverentia,

316 2705 409 2743 qua
431 2694 567 2744 longe
600 2694 765 2746 majori
793 2701 925 2735 erant
946 2695 1157 2734 homines
1179 2695 1235 2734 ob
1257 2702 1553 2746 praesentem
1581 2696 1789 2736 divinam
1810 2695 1945 2746 maje-

375 2852 385 2871 1
424 2851 530 2884 Julius
545 2853 583 2879 de
600 2854 631 2880 la
646 2853 919 2885 Rovere,U1·bini
936 2854 1122 2888 Episcopus
1138 2858 1171 2881 et
1187 2854 1389 2887 Cardinalis,
1408 2854 1536 2881 Perusii
1554 2854 1768 2888 Apostolicus
1782 2853 1946 2888 Legatus.

317 2899 406 2926 Vide
422 2899 588 2933 POLAxco,
607 2900 760 2928 Cln'om'c.
779 2901 849 2929 Soc.
865 2902 964 2936 Jesu,
979 2906 1057 2928 tom.
1075 2909 1110 2935 11,
1127 2909 1203 2936 pag.
1216 2902 1278 2928 433.
1700 2912 1702 2914 ’

372 2947 385 2966 ‘2
426 2946 503 2980 δίᾳ·
520 2948 646 2974 rectius
663 2949 818 2975 fortassis
834 2957 881 2976 eo.

372 2995 385 3013 3
424 2994 565 3022 Fulvius
583 2995 622 3021 de
637 2996 670 3022 la
686 2995 796 3023 Corna
812 2996 987 3029 (Corneus)
1004 2997 1194 3024 Cardinalis
1209 3001 1241 3024 et
1256 2997 1444 3031 Episcopus
1460 2998 1652 3025 Perusinus
