2080 3392
820 212 904 248 AN.
936 212 1027 249 1553
1678 212 1749 249 227

188 307 258 348 Ac
280 307 479 348 caeteris
507 308 693 359 quidem
720 320 807 349 nec
836 314 1116 360 argumenta
1144 321 1231 349 nec
1258 309 1607 349 ferventissima
1629 310 1745 350 desi·

106 378 236 419 deria
266 378 483 418 deerant:
515 378 665 430 major
694 380 863 431 quippe
897 391 1007 432 pars
1034 380 1362 421 ardentissime
1389 381 1604 432 petebat,
1634 392 1748 420 non-

106 450 220 490 nulli
239 449 382 489 etiam
402 449 759 490 decurrentibus
780 451 828 491 in
848 457 1024 491 terram
1045 451 1319 503 lachrymis,
1349 458 1398 491 ut
1419 452 1495 491 vel
1523 451 1582 492 ad
1607 451 1749 492 Indos

106 522 181 560 vel
209 520 270 561 ad
298 520 606 561 Brasilienses
640 522 707 561 ire
738 521 1024 573 juberentur.
1062 521 1153 562 Sed
1182 523 1316 563 aliter
1344 521 1445 563 Deo
1476 523 1631 563 visum
1659 530 1745 573 est,

108 592 302 644 illosque
322 592 442 632 forte
462 594 750 644 temporibus
771 594 1029 645 aptioribus
1046 594 1315 634 destinavit.

183 662 376 714 Recepti
397 670 505 704 sunt
527 676 553 704 a
573 663 800 716 Januario
827 665 874 705 in
907 665 1107 705 fratrum
1136 677 1382 705 numerum
1413 672 1611 716 quatuor
1639 666 1747 706 ado-

105 735 347 785 lescenteS,
367 746 529 775 omnes
546 736 750 787 optimae
766 736 1121 787 expectationis:
1137 748 1257 776 unus
1274 736 1568 777 dialecticem
1585 737 1749 777 audire

107 811 340 857 coeperat,
365 807 483 846 alter
505 807 811 859 theologiam;
838 813 976 860 atque
998 807 1073 847 hic
1095 807 1209 859 ipse.
1241 819 1347 847 cum
1368 807 1542 848 dudum
1564 808 1746 848 servire

107 876 308 918 Domino
335 877 383 917 in
408 877 497 918 hac
519 877 618 930 ejus
639 877 873 919 Societate
895 878 1206 929 desideraret,
1231 879 1478 919 adlocutus
1504 886 1573 919 est
1594 891 1750 931 quem-

107 949 228 1000 dam,
253 950 330 1000 qui
351 962 410 990 ex
426 950 600 990 nostris
620 950 872 1002 aliquando
888 950 1055 1002 fuerat,
1079 951 1391 1002 exigebatque
1409 951 1466 991 ab
1484 963 1538 991 eo
1556 962 1751 991 causam

107 1032 188 1061 cur
224 1032 251 1060 a
278 1021 455 1073 coeptis
486 1021 755 1062 destitisset.
791 1022 870 1062 Ille
900 1022 1193 1062 intolerabile
1226 1033 1329 1062 esse
1360 1023 1612 1074 respondet
1640 1034 1747 1062 cum

107 1091 332 1144 ejusmodi
352 1092 619 1133 hominibus
640 1093 818 1144 vivere,
844 1094 922 1145 qui
942 1100 1009 1144 te,
1034 1093 1152 1133 velis
1182 1094 1318 1144 nolis,
1343 1100 1560 1134 sanctum
1582 1105 1748 1133 conen-

108 1170 182 1204 tur
202 1163 399 1204 efficere:
423 1170 471 1204 at
493 1164 783 1213 adolescens,
809 1165 887 1216 qui
914 1164 960 1205 id
981 1176 1125 1204 unum
1146 1165 1317 1204 mirum
1338 1165 1385 1205 in
1406 1165 1596 1205 modum
1619 1170 1746 1216 opta-

106 1236 199 1286 bat,
221 1235 434 1286 protinus
456 1235 517 1276 ad
536 1247 623 1276 nos
644 1247 747 1276 sese
768 1236 978 1276 decrevit
999 1236 1221 1288 recipere,
1242 1248 1329 1276 nec
1351 1236 1525 1276 diutius
1547 1236 1662 1276 foris
1679 1247 1746 1276 re-

111 1312 322 1347 moratus
344 1312 427 1347 est.

185 1377 316 1418 Haec
336 1377 564 1418 hactenus
585 1377 816 1418 Dominus
837 1390 920 1430 per
947 1389 1060 1418 suae
1088 1377 1335 1419 Societatis
1363 1378 1603 1419 ministros
1642 1378 1745 1418 effe-

107 1449 182 1499 cit,
219 1449 296 1489 R.e
332 1449 404 1499 P.‚
438 1461 588 1501 neque
617 1449 742 1490 aliud
763 1456 977 1501 superest
1011 1450 1059 1490 in
1090 1450 1358 1501 praesentia
1395 1461 1536 1501 quam
1576 1456 1625 1490 ut
1660 1461 1749 1490 nos

107 1532 267 1561 omnes
302 1520 617 1560 benedictioni
644 1526 753 1560 tuae
781 1532 836 1561 ac
871 1521 1090 1572 precibus
1126 1521 1513 1561 charissimorum
1548 1521 1749 1561 fratrum

108 1598 378 1631 nostrorum
395 1591 790 1632 commendemus.

183 1662 321 1703 Faxit
342 1663 471 1703 Deus
493 1662 600 1714 Opt.
622 1663 748 1704 Max.
769 1670 818 1704 ut
838 1663 938 1715 ejus
960 1664 1250 1704 voluntatem
1272 1670 1317 1704 et
1338 1675 1683 1714 cognoscamus
1703 1670 1750 1704 et

111 1746 412 1786 exequamur.
436 1735 604 1775 Amen.

183 1805 254 1846 Ex
271 1805 642 1846 Conimbricensi
665 1805 873 1858 Collegio
895 1806 919 1845 6
941 1806 1040 1847 Cal.
1064 1807 1175 1859 Maji
1198 1819 1321 1848 anno
1345 1807 1535 1848 Domini
1561 1806 1676 1847 1553.

185 1876 256 1917 Ex
278 1875 431 1917 Patris
451 1877 510 1917 D.
535 1876 707 1918 Leonis
730 1878 926 1929 imperio

1221 2024 1248 2069 †
1276 2021 1473 2061 PETRUS.
1503 2024 1529 2069 †

1418 2127 1434 2146 Ο

187 2233 558 2285 Superscrz'ptt'o:
579 2236 606 2282 †
627 2234 897 2276 Admodum
920 2235 1020 2276 R.d0
1044 2237 1091 2276 in
1114 2235 1303 2277 Christo
1322 2236 1451 2278 Patri

1436 2309 1637 2360 Ignatio.

188 2374 299 2415 Alia
319 2388 482 2417 manu:
509 2377 622 2418 1553.
645 2378 794 2429 Quad.
820 2379 1121 2420 Conimbrica
1144 2380 1195 2419 26
1212 2380 1403 2432 Aprilis.
