2080 3392
287 130 358 167 43⁴2
798 126 1025 163 LITTERAE
1052 134 1409 167 QUADRIMESTRES

285 232 330 266 et
364 225 549 276 hymnis
588 224 646 263 ad
681 223 856 272 Deum,
895 207 1161 272 Divarnque
1195 219 1480 260 Genitricem
1514 218 1748 258 humiliter
1781 218 1914 267 fusis,

280 295 510 336 caementi
527 294 702 344 primos
726 294 896 332 lateres
919 292 1222 331 collocarunt.
1248 290 1297 330 P.
1332 289 1614 330 Franciscus
1636 288 1916 339 principium

281 367 424 408 dedit:
450 364 665 416 proxime
687 362 735 402 P.
760 363 817 403 D.
841 362 1073 403 Antonius
1088 366 1312 413 sequutus
1329 365 1413 411 est,
1433 371 1549 411 quos
1566 358 1733 410 reliqui
1750 357 1915 398 Patres

282 449 339 476 ac
371 436 555 485 fratres,
587 434 752 475 ordine
780 433 983 485 quodam
1010 432 1293 481 incedenteS,
1323 430 1505 478 imitati,
1536 429 1747 481 quilibet,
1782 439 1916 480 pecu—

283 507 385 546 liari
403 506 556 557 aliquo
586 504 759 545 Sancto
781 504 1016 551 invocato,
1041 503 1172 543 cuius
1205 501 1430 541 auxilium
1452 500 1510 540 ad
1540 499 1799 550 Collegium
1829 498 1917 538 hoc

280 577 607 617 instruendum
625 574 918 627 implorabat,
940 578 1181 614 caemento
1200 573 1411 623 singulos
1428 557 1597 611 lateres
1615 570 1913 621 adaptabant.

283 648 417 688 Prius
438 654 595 687 tamen
618 646 666 686 in
687 646 851 686 eodem
879 645 969 685 situ
998 644 1299 696 processione
1327 643 1454 682 facta
1481 641 1688 681 maxima
1718 652 1824 681 cum
1846 640 1918 680 de-

280 719 485 768 votione,
507 718 673 758 Fratre
696 716 898 768 quodam
921 727 1027 755 cum
1054 715 1187 766 signo
1222 713 1433 754 crucifixi
1458 713 1562 752 Iesu
1592 711 1916 763 praecedente.

274 790 332 830 ’In
353 801 442 841 qua
465 788 577 828 nihil
606 788 731 828 aliud
757 788 814 828 ab
837 787 1050 827 omnibus
1077 786 1321 837 petebatur
1350 784 1439 825 nisi
1471 789 1519 823 ut
1546 783 1805 834 Collegium
1829 782 1919 822 hoc

283 860 343 901 ad
373 859 629 900 dulcissimi
654 859 759 899 Iesu
787 864 1063 910 perpetuam
1093 856 1295 908 gloriam
1324 861 1369 895 et
1395 855 1621 894 honorem
1650 852 1915 893 aedificare-

281 938 370 971 tur.
394 931 450 971 Et
472 943 560 982 quo
581 930 764 970 facilius
785 935 828 969 et
856 929 1060 969 alacrius
1092 927 1151 967 ad
1186 926 1525 978 capessendum
1557 925 1799 976 negotium
1831 924 1919 963 hoc

283 1002 652 1051 accingeremur,
704 1000 1012 1051 Omnipotens
1051 998 1204 1047 Pater,
1243 997 1321 1048 qui
1362 996 1486 1036 vivis
1521 995 1705 1046 templis
1747 994 1920 1034 rectius

281 1073 427 1113 multo
444 1084 585 1123 quam
602 1071 702 1111 istis
718 1070 999 1111 manufactis
1017 1069 1287 1118 delectatur,
1304 1067 1595 1107 materialem
1615 1066 1774 1106 volens
1798 1065 1917 1105 aedi—

282 1143 424 1184 ficare
445 1143 650 1193 domurn,
675 1148 942 1182 nostrarum
963 1141 1228 1180 animarum
1249 1139 1420 1190 templa
1450 1150 1543 1178 non
1572 1137 1806 1186 deserens,
1838 1136 1919 1175 sed

285 1226 446 1255 eorum
476 1213 789 1254 aedificationi
813 1212 1076 1261 consulens,
1103 1210 1219 1250 alios
1248 1209 1417 1249 fratres
1448 1220 1502 1248 ac
1520 1208 1684 1248 Patres
1712 1207 1829 1247 miro
1855 1206 1918 1246 in-

283 1285 438 1326 cendit
473 1284 703 1324 desiderio
733 1281 980 1323 laborandi
1008 1282 1055 1321 in
1085 1281 1174 1321 hoc
1206 1280 1396 1320 Domini
1425 1280 1617 1330 templo;
1652 1278 1730 1329 qui
1760 1289 1920 1317 omnes

284 1356 488 1396 maximo
510 1355 677 1394 honori
700 1366 754 1394 ac
776 1353 963 1394 utilitati
987 1352 1176 1401 ducunt,
1206 1351 1245 1391 si
1267 1351 1572 1390 admittantur
1592 1350 1668 1389 vel
1690 1348 1748 1388 ad
1764 1348 1920 1388 infima

283 1438 496 1478 quaeque
521 1425 799 1475 exercenda,
825 1423 1142 1476 quamtumvis
1163 1422 1414 1472 laboriosa,
1445 1421 1492 1460 in
1512 1421 1601 1460 hoc
1623 1418 1848 1470 aedificio,
1872 1430 1921 1458 se

243 1500 248 1506 ·
284 1504 416 1538 tanto
441 1497 668 1536 beneficio
698 1496 918 1547 indignos
940 1495 1242 1544 arbitrantes,
1276 1493 1573 1544 gaudentque
1602 1491 1922 1541 maximopere

287 1575 385 1608 tum
415 1569 618 1607 latomos
645 1566 1000 1616 caementarios,
1039 1558 1136 1604 tum
1171 1564 1312 1604 etiarn
1340 1562 1650 1603 conductitios
1679 1561 1923 1612 operarios

279 1639 398 1689 fieri,
423 1639 540 1678 citra
563 1637 929 1677 haesitationem
959 1641 1288 1687 exspectantes
1314 1646 1399 1685 pro
1428 1633 1618 1673 minimo
1648 1633 1737 1672 hoc
1764 1632 1923 1671 labore

289 1710 539 1762 repositam
557 1709 643 1749 sibi
664 1709 711 1748 in
733 1708 835 1748 sinu
853 1707 1041 1747 Domini
1057 1706 1334 1746 mercedem.
1361 1705 1502 1745 Cuius
1528 1715 1686 1743 amore
1713 1703 1924 1742 exultant

286 1782 483 1832 exiguas
500 1780 747 1820 ostendere
768 1779 907 1829 Vires,
931 1789 1130 1829 suosque
1147 1776 1387 1816 intendere
1403 1786 1590 1825 nervos,
1612 1775 1658 1814 in
1675 1773 1919 1825 lapidibus,

282 1852 524 1901 lateribus,
559 1862 717 1900 arena,
757 1850 901 1899 calce,
935 1848 1150 1888 omnibus
1175 1847 1372 1898 denique
1404 1845 1614 1886 aedificio
1645 1844 1924 1884 necessariis

286 1923 457 1974 iugiter
469 1922 710 1973 gestandis
727 1920 751 1961 ¹.
767 1920 926 1971 Neque
949 1926 1193 1959 externum
1212 1917 1303 1957 hoc
1322 1917 1596 1957 exercitium
1615 1916 1784 1955 interni
1801 1915 1922 1954 fruc-

287 2001 361 2034 tus
377 2004 581 2033 vacuum
600 1993 766 2032 extitit.
786 1992 856 2032 Ex
875 2003 928 2031 eo
947 1991 1084 2040 enim,
1105 1997 1201 2029 tum
1215 1989 1325 2039 suis,
1341 1995 1439 2028 tum
1456 1988 1596 2027 etiam
1608 1986 1920 2038 spectantium

286 2065 468 2113 animis,
492 2075 586 2103 non
607 2063 839 2102 modicam
853 2062 1048 2101 attulere
1069 2061 1329 2100 utilitatem.
1351 2059 1467 2099 Cum
1485 2058 1607 2098 enim
1627 2056 1920 2108 complurimi

287 2147 343 2174 eo
362 2134 626 2174 aedificium
641 2133 788 2172 visuri
805 2132 1105 2180 confluerent,
1125 2131 1278 2182 ibique
1294 2129 1457 2169 Patres
1479 2141 1533 2169 ac
1555 2128 1724 2168 fratres
1744 2128 1917 2167 involu-

289 2212 361 2245 tos
382 2205 620 2254 lateribus,
646 2205 774 2243 calce
796 2209 840 2242 et
871 2214 1014 2242 arena
1035 2202 1262 2251 viderent,
1286 2201 1353 2240 rei
1373 2200 1516 2240 veluti
1544 2199 1752 2239 novitate
1779 2198 1917 2237 adrni-

290 2276 500 2325 rabundi‚
524 2286 664 2314 veros
680 2273 1021 2324 Deioperarios
1038 2273 1140 2312 illos
1156 2271 1430 2320 iudicantes,
1449 2270 1661 2321 exemplo
1679 2269 1916 2317 commoti,

288 2347 511 2398 depositis
551 2345 723 2397 palliis,
772 2335 1090 2394 inauratisque
1131 2343 1317 2382 ensibus
1358 2341 1600 2391 detractis,
1636 2339 1918 2380 bombicinis

290 2417 483 2468 aliisque
511 2416 729 2468 pretiosis
760 2414 968 2454 vestibus
997 2413 1143 2453 induti
1170 2414 1216 2452 in
1243 2413 1450 2452 laborem
1476 2412 1630 2452 socios
1661 2422 1709 2450 se
1740 2409 1915 2449 addunt

289 2488 524 2538 fratribus,
555 2487 716 2526 humili
744 2497 798 2526 ac
827 2484 1014 2525 sordido
1041 2484 1200 2524 habitu
1232 2483 1565 2531 incedentibus,
1598 2481 1804 2522 maximo
1836 2480 1913 2519 ho-

290 2571 404 2599 nore
426 2559 647 2598 ducentes
669 2563 765 2596 tum
787 2557 971 2607 lateres,
996 2561 1093 2595 tum
1114 2555 1254 2594 etiam
1276 2565 1482 2603 arenam,
1506 2559 1550 2593 et
1572 2552 1663 2592 alia
1683 2551 1913 2603 permulta

292 2636 494 2681 portare,
519 2628 673 2668 multis
695 2638 856 2667 eorum
877 2637 1229 2677 saepenumero,
1261 2636 1372 2676 prae
1394 2624 1536 2663 nimia
1559 2622 1807 2663 devotione
1833 2622 1919 2661 sibi

295 2713 321 2740 a
348 2699 447 2739 Deo
469 2700 625 2749 missa,
658 2697 917 2738 dicentibus
943 2697 1183 2748 operarios
1219 2696 1293 2735 hic
1321 2695 1685 2746 haudquaquam
1707 2691 1920 2732 mercede

293 2770 636 2820 conducendos,
662 2769 766 2818 sed,
789 2768 977 2808 inverso
999 2767 1175 2817 ordine,
1199 2767 1326 2818 ipsos
1344 2766 1544 2817 pretium
1573 2764 1761 2816 aliquod
1792 2763 1919 2803 datu-

351 2930 360 2949 ¹
401 2929 504 2963 Haec,
521 2937 540 2957 a
557 2929 670 2956 verbis
686 2929 775 2956 citra
791 2927 1086 2959 haesitationem,
1100 2926 1305 2954 cancellavit
1322 2926 1498 2952 Polancus.
