2080 3392
814 214 898 251 AN.
930 213 1020 250 1553
1673 212 1738 250 131

102 315 175 355 nis
196 325 324 354 more
343 312 525 364 patriae
553 317 743 351 nostrae
771 311 937 351 offerre
965 310 1052 349 hoc
1080 321 1205 349 novo
1232 308 1343 348 anni
1370 308 1517 348 initio.
1551 307 1623 348 Oh
1652 308 1738 347 fra-

103 393 199 426 tres
219 384 367 425 nostri
388 383 435 423 in
456 383 643 423 Christo
665 382 768 422 Iesu
791 381 1097 430 dilectissimi,
1122 380 1272 421 obviis
1289 380 1490 431 excipite
1510 379 1630 420 ulnis
1651 379 1739 419 fra-

104 465 264 498 ternae
286 454 547 495 dilectionis
575 454 826 503 xeniolum,
858 453 981 504 quod
1012 452 1285 503 pauperculi
1312 451 1483 492 fratres
1514 451 1661 490 Vestri
1683 462 1742 490 ex

103 527 277 569 intimis
313 526 468 566 cordis
511 525 828 577 penetralibus
870 523 1084 564 offerunt:
1122 523 1392 563 Mellifluum
1427 534 1598 562 nomen
1638 522 1741 562 Iesu

105 611 210 640 cum
244 599 422 638 corolla
450 603 495 637 et
523 597 698 637 ambitu
725 608 784 636 ex
818 596 946 636 hisce
981 595 1171 635 fioribus
1199 602 1243 635 et
1277 595 1476 646 gemmis
1507 600 1739 634 conserta.

103 671 206 712 Iesu
234 681 404 710 nomen
439 669 579 709 corde
611 668 871 717 colendum,
910 679 990 706 ore
1012 666 1315 715 laudandum,
1351 666 1558 706 moribus
1594 665 1743 716 expri-

103 740 337 781 mendum.
357 741 443 780 Eia
461 740 619 791 igitur,
640 751 665 779 o
681 738 850 779 fratres
869 737 1148 787 charissimi,
1168 736 1351 776 fortiter
1368 737 1549 788 pergite
1567 737 1632 787 (ut
1649 730 1749 777 feli-⁷

104 813 220 854 citer
255 812 491 863 coepistis)
528 822 700 850 nomen
736 810 838 850 Iesu
868 809 928 849 ad
954 816 1082 848 astra
1119 808 1295 858 tollere,
1328 808 1481 848 [esum
1512 820 1645 858 voce,
1683 808 1746 848 Ie-

105 895 207 924 sum
233 895 348 923 sana
377 883 615 931 doctrina,
645 882 798 922 Iesum
833 880 1054 932 operibus
1090 879 1366 931 praedicare
1394 880 1479 919 toti
1510 886 1742 920 terrarum

104 954 218 1005 orbi,
244 966 302 994 ex
323 966 414 1006 quo
436 954 529 993 iam
552 965 669 1005 pene
691 952 915 992 exulavit.
943 950 1172 1002 Optamus
1199 962 1288 991 vos
1317 951 1643 990 communibus
1664 963 1744 991 vo-

104 1026 162 1066 tis
183 1037 324 1078 quam
346 1025 519 1077 optime
540 1025 586 1064 in
608 1024 888 1064 Iesuchristo
913 1034 1076 1063 omnes
1096 1023 1271 1073 Valere,
1295 1022 1529 1073 supplices
1553 1029 1744 1062 orantes

104 1103 153 1137 ut
170 1102 383 1137 nostrum
404 1096 450 1136 in
472 1095 782 1136 sanctissimis
802 1094 975 1134 vestris
996 1094 1215 1145 precibus
1236 1105 1468 1133 memores
1491 1094 1610 1133 sitis.

184 1169 313 1209 Tuae
335 1168 615 1217 sanctitatis,
638 1166 932 1207 observande
951 1165 1106 1216 Pater,
1126 1165 1507 1216 flagrantissimis
1526 1166 1746 1205 orationi-

105 1241 190 1281 bus
211 1252 297 1281 nos
332 1251 494 1280 omnes
517 1239 686 1279 devote
722 1238 1121 1286 commendamus,
1146 1248 1263 1288 quos
1284 1237 1336 1277 T.
1370 1236 1420 1276 P.
1450 1237 1632 1287 gremio
1662 1248 1747 1276 suo

105 1312 358 1353 confovere
379 1323 473 1351 non
495 1310 693 1360 desinat,
717 1321 858 1361 quam
879 1310 1015 1349 nobis
1031 1308 1310 1349 incolumem
1331 1319 1471 1358 quam
1488 1307 1750 1348 diutissime

105 1389 358 1424 conservet
379 1382 565 1422 bonitas
587 1381 872 1421 Iesuchristi.

188 1455 425 1505 Coloniae,
450 1466 573 1494 anno
594 1454 710 1504 1553,
730 1453 755 1492 4
774 1452 834 1493 id.
855 1453 1014 1493 Ianua.

186 1527 260 1567 Ex
280 1527 502 1566 mandato
521 1525 786 1565 Reverendi
808 1524 857 1564 P.
875 1524 1126 1564 Leonardi.

187 1598 316 1638 Tuus
340 1598 387 1638 in
413 1597 600 1638 Christo
618 1597 722 1637 Iesu
743 1596 926 1646 filiolus,

621 1739 880 1780 GERARDUS
902 1739 1149 1789 BRAssicA‚
1173 1751 1535 1779 DORDRACENSIS.

192 1954 547 2007 superscriptio
565 1966 579 1994 .’
610 1953 712 1994 R.d0
740 1954 864 2005 patri
891 1954 1074 2005 Ignatio
1103 1953 1159 1994 de
1180 1954 1357 2004 Loiola‚
1391 1952 1641 1993 Societatis
1676 1963 1756 1991 no-

112 2027 249 2067 minis
270 2027 372 2067 Iesu
395 2026 594 2066 antistiti
613 2025 991 2077 vigilantissimo,
1016 2024 1208 2065 Romae.

191 2098 304 2138 Alia
324 2109 496 2138 manu:
521 2096 637 2155 1553.
661 2096 811 2147 Quad.
836 2096 1022 2147 Coloni,
1046 2096 1072 2135 4
1093 2096 1151 2136 id.
1172 2095 1268 2136 Ian.

192 2170 257 2210 Et
273 2169 395 2210 alia:
416 2168 569 2209 R.-5.
