2080 3392
296 210 367 248 540
808 209 1034 246 LITTERAE
1061 219 1418 252 QUADRIMESTRES

377 306 633 356 Audivisti,
665 305 824 355 credO,
857 305 1247 357 quemadmodum
1275 305 1413 346 Pater
1442 306 1668 357 Magister
1698 307 1927 362 Hierony-

295 389 397 417 mus
418 376 568 416 Nadal
589 375 782 415 mirifico
810 382 853 415 et
874 375 1027 416 studio
1056 381 1100 416 et
1127 376 1438 416 sollicitudine
1465 376 1608 428 Regis
1635 389 1691 417 ac
1717 378 1926 430 Reginae

292 446 585 487 efficiendum
605 446 862 496 curaverit,
886 452 936 486 ut
957 446 1122 486 domus
1139 458 1165 485 a
1187 447 1397 497 collegiis
1424 458 1508 498 pro
1530 458 1658 487 more
1679 447 1926 490 Societatis

295 522 609 568 separaretur3
629 528 728 556 rem
744 517 963 557 nimirum
980 518 1150 568 populo
1170 517 1460 557 fructuosam
1477 523 1522 558 et
1537 519 1713 569 utilem,
1735 520 1811 571 qui
1828 521 1924 573 qui-

293 587 400 627 dem
420 594 527 627 ante
547 588 674 627 illum
696 588 816 627 diem
840 588 895 627 de
917 589 983 628 eis
1004 588 1142 628 rebus
1163 589 1400 628 nesciebat
1422 588 1531 640 quid
1561 590 1925 632 existimandum

294 664 430 708 esset;
454 670 559 698 cum
580 659 702 698 enim
724 659 877 698 omnia
899 659 1182 699 haberentur
1203 659 1418 709 confusa,
1449 659 1551 699 aliis
1578 661 1669 700 alia
1693 663 1924 702 sententia

295 735 409 768 erat.
432 729 538 781 Jam
558 740 681 768 nunc
697 729 785 769 Dei
807 736 899 780 opt.
924 741 1047 769 max.
1074 730 1298 770 beneficio
1319 736 1444 770 recte
1473 731 1741 783 optimoque
1764 733 1927 773 ordine

292 806 464 839 cuncta
486 799 760 850 procedunt,
784 807 883 840 tum
904 801 963 840 ad
984 800 1072 840 Dei
1093 800 1277 840 laudem
1294 807 1338 840 et
1355 801 1580 841 maiorem
1596 803 1811 854 gloriam,
1830 809 1929 843 tum

294 869 353 909 ad
376 869 750 910 aedificationem
772 869 907 921 hujus
928 871 1101 922 populi,
1121 871 1199 922 qui
1214 883 1298 911 nos
1315 871 1640 912 benevolentia
1665 875 1926 925 complecti-

296 947 372 980 tur
393 941 636 992 singulari.

375 1011 593 1052 Calendis
616 1011 832 1052 Octobris
853 1012 955 1052 Rex
971 1013 1103 1052 nobis
1120 1013 1352 1052 concessit
1369 1014 1591 1064 templum
1607 1014 1718 1054 Divi
1734 1015 1926 1067 Rocchi,

293 1082 572 1122 latissimum
599 1089 643 1123 et
670 1083 715 1122 in
745 1084 1048 1123 celeberrimo
1077 1084 1217 1123 totius
1247 1084 1374 1123 urbis
1409 1091 1453 1123 et
1489 1086 1795 1126 saluberrimo
1824 1088 1927 1128 loco

293 1154 512 1204 positum3
537 1154 659 1205 quod
680 1155 865 1205 quidem
887 1155 1110 1206 templum
1131 1166 1237 1194 cum
1252 1156 1446 1195 multum
1468 1156 1544 1195 diu
1563 1169 1589 1196 a
1610 1157 1928 1199 confratribus

293 1224 488 1275 petitum
509 1231 632 1265 esset
652 1236 824 1276 eosque
846 1225 891 1264 id
911 1226 1205 1265 retinendum
1227 1226 1522 1267 constituisse
1555 1227 1654 1267 Rex
1682 1230 1928 1280 cognovis-

290 1302 374 1345 set,
399 1301 503 1347 post
524 1297 694 1336 multas
714 1308 878 1348 preces
901 1296 1199 1348 officiosaque
1220 1297 1432 1348 imperia,
1458 1298 1584 1338 diem¹
1602 1298 1715 1349 fixit,
1753 1312 1843 1351 quo
1870 1301 1929 1340 ad

294 1366 404 1406 illud
441 1367 514 1406 die
548 1367 753 1416 veniret,
791 1374 840 1407 ut
876 1368 1010 1407 nobis
1043 1368 1141 1419 ipse
1176 1379 1401 1419 praesens
1437 1369 1549 1409 illud
1583 1370 1806 1410 traderet.
1843 1371 1928 1411 Ita-

290 1449 382 1487 que
403 1437 528 1488 fecit,
551 1444 596 1478 et
615 1438 750 1478 nobis
771 1450 854 1490 per
876 1438 1046 1478 Dnum.
1068 1438 1258 1478 Petrum
1273 1438 1610 1480 Mascarenhas
1627 1442 1786 1481 claves
1806 1454 1928 1482 com-

295 1508 411 1548 mitti
429 1507 579 1559 jussit;
603 1510 680 1560 qui
702 1515 859 1549 tamen
880 1516 929 1549 ut
959 1516 1028 1549 est
1060 1510 1194 1560 aequi
1222 1510 1620 1562 servantissimus,
1646 1511 1926 1564 hominibus,

293 1591 351 1618 ne
372 1591 512 1629 quam
532 1580 794 1620 molestiam
824 1580 931 1620 inde
959 1580 1308 1631 contraherent,
1340 1581 1581 1622 satisfecit.
1614 1582 1821 1623 Primum
1855 1583 1929 1624 100

291 1650 423 1689 aurei
444 1650 659 1699 restituti,
684 1662 801 1701 quos
821 1652 925 1702 plus
945 1651 1098 1691 minus
1129 1651 1192 1690 illi
1220 1652 1485 1691 coemendis
1514 1653 1732 1704 tessellis,
1762 1654 1929 1705 quibus

294 1719 544 1760 artificiose
579 1721 766 1772 quidem
793 1727 1072 1761 exornatum
1107 1722 1329 1772 templum
1362 1729 1484 1772 erat,
1522 1731 1927 1777 consumpserant;

292 1786 455 1830 decem
476 1791 588 1831 item
609 1791 655 1831 in
672 1791 882 1842 singulos
900 1804 1062 1842 annos,
1082 1792 1205 1843 quod
1223 1792 1408 1843 quidem
1425 1794 1750 1845 compendium
1767 1796 1928 1836 arcula

292 1861 700 1913 eleemosynarum
722 1861 877 1902 facere
900 1874 1036 1913 posse
1058 1863 1318 1902 videbatur.
1343 1863 1535 1904 Decreti
1553 1865 1718 1906 deinde
1734 1867 1929 1917 triginta

292 1931 489 1983 singulis
510 1933 767 1984 quibusque
789 1933 924 1972 annis
945 1933 1152 1984 parocho
1174 1932 1309 1984 hujus
1331 1934 1579 1985 ecclesiae,
1605 1936 1714 1976 dum
1736 1937 1924 1987 vixerit,

291 2003 369 2053 qui
391 2003 590 2054 amplius
611 2003 803 2053 triginta
836 2015 984 2043 annos
1014 2004 1075 2043 ibi
1103 2003 1415 2044 habitaverat.
1446 2004 1622 2055 Quibus
1650 2018 1763 2047 sane
1790 2008 1929 2048 rebus

292 2085 398 2113 cum
419 2086 511 2114 non
534 2074 721 2114 omnino
742 2074 913 2114 fratres
935 2081 1090 2114 essent
1114 2076 1334 2125 contenti,
1354 2075 1480 2115 haud
1497 2083 1601 2128 post
1623 2078 1793 2118 multos
1811 2079 1923 2130 dieS,

290 2145 478 2195 quando
500 2145 738 2196 coepimus
758 2145 805 2185 in
827 2157 881 2185 eo
901 2147 1004 2185 loco
1027 2157 1183 2195 agere,
1207 2147 1498 2197 pensiculato
1520 2147 1696 2199 fructu,
1722 2150 1801 2201 qui
1820 2150 1927 2190 inde

291 2216 457 2266 ingens
478 2216 748 2267 percipitur,
768 2217 975 2256 omnium
991 2228 1105 2267 erga
1121 2228 1207 2256 nos
1224 2218 1490 2257 voluntates
1508 2219 1780 2271 animosque
1798 2220 1927 2261 Deus

292 2292 386 2336 opt.
412 2298 534 2326 max.
555 2287 883 2327 conformavit.
903 2287 1297 2327 Animadvertunt
1315 2300 1517 2340 namque
1535 2290 1706 2340 optime
1723 2303 1925 2331 commu-

292 2363 432 2406 tasse,
448 2357 708 2406 ecclesiam,
725 2358 802 2397 uni
815 2357 1000 2409 quidem
1016 2358 1223 2408 parocho
1241 2358 1520 2411 ademptam,
1535 2361 1689 2400 multis
1706 2362 1927 2402 traditam

291 2439 408 2478 esse,
433 2434 564 2468 tanto
586 2429 740 2468 studio
763 2428 1165 2479 sollicitudineque
1187 2428 1288 2468 Deo
1315 2430 1641 2471 servientibus.
1676 2431 1809 2482 Quod
1841 2444 1921 2473 eos

292 2499 479 2550 quidem
501 2505 626 2538 certe
648 2499 966 2550 maximopere
988 2499 1187 2539 delectat
1205 2505 1344 2551 atque
1362 2502 1645 2541 consolatur:
1666 2514 1806 2553 quam
1822 2514 1926 2554 pro-

292 2570 414 2610 fecto
436 2570 685 2620 laetitiam,
716 2576 1024 2621 posteaquam
1052 2575 1096 2609 et
1123 2571 1384 2610 institutum
1414 2578 1458 2610 et
1485 2572 1717 2612 rationem
1736 2580 1926 2613 nostrae

294 2641 499 2680 omnium
519 2641 644 2680 vitae
666 2641 1009 2690 intellexerunt,
1034 2647 1132 2680 turn
1160 2641 1316 2680 verbis
1343 2648 1442 2681 tum
1470 2653 1519 2681 re
1548 2654 1687 2693 saepe
1717 2642 1925 2683 declara-

292 2717 415 2761 runt,
438 2712 615 2750 nullum
635 2722 841 2762 unquam
863 2717 1044 2762 tempus
1064 2711 1445 2762 intermittentes,
1477 2713 1587 2763 quin
1614 2713 1715 2753 Deo
1743 2714 1926 2764 gratias

294 2788 508 2831 agerent,
545 2781 667 2833 quod
702 2782 835 2821 nobis
861 2782 1015 2832 potius
1045 2793 1183 2832 quam
1219 2782 1376 2822 multis
1410 2783 1513 2822 aliis
1548 2774 1783 2834 religiosis
1801 2816 1809 2833 ,
1848 2785 1927 2835 qui

292 2863 397 2890 eam
425 2852 621 2902 adipisci
648 2852 788 2902 Regis
821 2852 930 2892 item
957 2852 1120 2892 favore
1151 2859 1463 2904 tentaverant,
1494 2854 1610 2893 haec
1648 2853 1787 2893 aedes
1818 2853 1924 2902 (Do-

292 2921 417 2960 mino
439 2933 595 2962 rerum
617 2923 822 2962 omnium
841 2923 996 2973 gratia
1018 2930 1062 2962 et
1079 2923 1195 2973 laus)
1214 2923 1455 2963 obvenerit
1472 2935 1527 2963 ac
1545 2924 1809 2975 contigerit.
1829 2924 1921 2964 De-

291 2991 430 3042 nique
451 2992 497 3031 in
518 2993 698 3043 regiam
719 3005 769 3032 se
791 2994 1099 3042 contulerunt,
1125 2993 1348 3043 Reginae,
1373 3005 1491 3044 quae
1514 2994 1700 3044 quidem
1718 3000 1860 3046 caput
1877 3001 1923 3035 et
