2080 3392
310 211 380 247 660
836 209 1061 245 LITTERAE
1087 219 1443 250 QUADRIMESTRES

316 309 377 347 ita
398 307 613 355 arbitror,
648 305 736 344 nisi
757 305 967 344 divinum
995 304 1194 355 desuper
1217 304 1441 344 auxilium
1462 303 1685 344 adfuisset
1711 310 1755 344 et
1784 311 1941 346 tantus

311 389 438 417 amor
460 382 504 415 et
524 375 788 416 reverentia
809 386 924 426 erga
953 374 1138 414 Patrem
1172 375 1217 414 in
1246 375 1454 426 ipsorum
1483 374 1650 414 animis
1677 374 1937 427 insedisset,

311 448 460 487 nullus
495 446 618 498 apud
649 458 727 485 eos
762 446 916 496 aliqua
947 456 1006 485 ex
1034 451 1166 496 parte
1196 445 1453 484 adhaerere
1487 452 1673 496 posset,
1707 457 1791 485 nec
1827 446 1940 497 ipsis

310 519 559 570 quicquam
593 516 829 567 prodesse.
867 528 991 556 nunc
1026 516 1089 556 ita
1121 527 1234 566 erga
1268 522 1451 567 patrem
1485 521 1593 556 sunt
1628 515 1782 556 affecti
1817 515 1940 567 (Deo

308 588 510 639 gratias)
538 593 587 627 ut
608 587 827 627 facillime
850 587 907 626 ab
929 598 981 626 eo
1004 586 1063 626 ad
1086 586 1317 625 utramvis
1348 592 1531 637 partem
1561 585 1829 638 flectantur;
1853 598 1939 627 nec

309 660 558 711 quicquam
579 658 643 697 ita
664 668 812 708 grave
842 657 1118 708 praecipiet,
1153 656 1226 696 cui
1255 668 1348 696 non
1377 663 1675 708 peramanter
1704 658 1937 708 obediant,

309 743 336 770 a
364 729 555 770 minimo
585 740 732 779 usque
763 727 820 767 ad
852 728 1119 767 maximum.
1150 727 1253 767 Hoc
1280 726 1443 767 eodem
1469 727 1543 767 die
1574 728 1805 768 exivimus
1834 734 1941 780 post

308 800 556 852 prandium
583 811 689 839 cum
718 798 891 838 nostris
917 799 1045 838 hisce
1075 798 1238 837 amicis
1267 798 1326 838 ad
1353 798 1683 838 celebrandum
1711 798 1851 850 digne
1878 799 1939 839 fe-

309 879 454 921 stum,
487 871 533 910 in
563 870 700 910 divae
728 869 907 909 Mariae
934 880 1090 919 grae,
1122 869 1244 920 quod
1273 881 1355 920 per
1385 869 1508 908 mille
1543 881 1709 920 passus
1738 870 1795 909 ab
1827 870 1939 910 urbe

309 943 471 991 distat,
496 942 574 982 ubi
594 952 857 981 sermonem
878 940 987 980 fecit
1010 939 1163 990 Pater,
1194 951 1284 991 quo
1306 950 1478 990 magno
1510 941 1675 980 solatio
1697 946 1741 980 et
1762 941 1939 981 laetitia

308 1014 470 1064 spuali.
496 1024 590 1052 oes.
614 1011 782 1052 affecit.
813 1011 1051 1051 Rediimus
1072 1010 1178 1050 inde
1200 1011 1247 1050 in
1267 1011 1402 1050 laetis
1422 1011 1644 1050 arborum
1672 1011 1863 1051 floribus
1894 1018 1938 1052 et

309 1085 462 1124 herbis
498 1096 524 1123 a
560 1089 686 1123 terra
720 1082 963 1134 productis
999 1081 1087 1121 Dei
1123 1081 1360 1132 magnalia
1397 1083 1789 1133 contemplantes,
1831 1083 1938 1123 inde

301 1155 407 1195 Deo
433 1155 654 1205 gloriam,
685 1166 712 1192 a
742 1165 832 1205 quo
861 1154 976 1193 haec
1005 1153 1184 1203 omnia,
1215 1152 1490 1204 referentes,
1527 1153 1661 1193 nobis
1696 1153 1937 1194 inutilibus

306 1225 626 1265 confusionem
648 1225 899 1275 capientes
924 1224 1046 1263 Dein
1067 1235 1173 1263 cum
1194 1223 1288 1263 iam
1310 1224 1502 1275 propius
1522 1224 1763 1264 civitatem
1783 1236 1937 1265 acces-

306 1298 529 1336 sissemus
555 1302 599 1335 et
630 1296 853 1335 sacellum
883 1294 1117 1346 quoddam
1145 1294 1403 1334 solitarium
1431 1295 1598 1335 orandi
1624 1306 1726 1346 gra.
1759 1301 1935 1347 petere-

305 1379 425 1417 mus,
451 1368 663 1418 populus,
689 1366 873 1406 moenia
895 1365 1103 1405 civitatis
1120 1365 1393 1414 ascendens,
1418 1377 1503 1405 nos
1523 1366 1767 1416 spectabat
1788 1373 1934 1407 trans-

292 1436 487 1488 euntes,
512 1438 661 1478 donec
691 1437 931 1476 civitatem
961 1435 1250 1486 ingredimur
1280 1438 1398 1476 terni
1427 1443 1470 1476 et
1501 1437 1715 1488 quaterni
1746 1445 1937 1489 propter

307 1508 649 1549 multitudinem
671 1514 714 1548 et
736 1508 800 1547 ita
823 1519 915 1547 oes.
942 1519 1087 1558 usque
1119 1507 1177 1547 ad
1205 1507 1391 1547 domum
1419 1507 1699 1557 hospitalem
1726 1510 1936 1559 perveni-

306 1592 422 1620 mus.
446 1580 534 1620 Hic
558 1580 724 1620 iterum
746 1590 937 1619 cernere
958 1585 1059 1618 erat
1081 1579 1303 1629 populum
1331 1590 1388 1618 ex
1419 1578 1634 1618 fenestris
1662 1579 1813 1620 Deum
1841 1581 1933 1620 lau-

305 1653 492 1691 dantem
525 1658 569 1691 et
597 1651 777 1701 gratias
812 1656 1029 1700 agentem
1065 1649 1173 1689 dum
1208 1649 1473 1689 Elventium
1509 1650 1748 1690 hominum
1782 1651 1935 1691 mode-

305 1723 441 1762 stiam
477 1728 521 1762 et
550 1733 706 1762 rerum
738 1721 1078 1760 mundanarum
1109 1726 1427 1771 contemptum
1456 1722 1619 1761 cernit.
1650 1721 1737 1761 Dei
1758 1722 1860 1762 laus
1891 1729 1935 1762 et

303 1794 468 1845 gloria,
494 1805 520 1833 a
543 1805 632 1844 quo
656 1794 772 1832 haec
793 1798 836 1832 et
858 1792 978 1832 bona
1001 1791 1154 1831 omnia
1177 1799 1413 1831 emanant.

383 1865 512 1904 Haec
533 1870 654 1914 sunt,
679 1863 778 1903 R.de
794 1862 946 1913 Pater,
972 1874 1089 1914 quae
1111 1875 1169 1902 ex
1190 1863 1261 1902 his
1279 1864 1392 1902 locis
1410 1864 1496 1903 hoc
1521 1864 1851 1915 quadrimestri
1873 1865 1933 1904 ad

304 1935 350 1974 P.
384 1935 435 1974 T.
459 1935 705 1975 scribenda
729 1934 903 1974 censui.
928 1933 1175 1985 Reliquum
1196 1941 1279 1982 est,
1310 1941 1358 1974 ut
1389 1946 1414 1973 a
1447 1941 1490 1974 te
1512 1936 1688 1986 supplr.
1723 1935 1931 1975 omnium

302 2007 421 2046 noie.
446 2012 603 2057 petam
620 2004 929 2045 benedictioni
955 2011 1061 2044 tuae
1083 2015 1168 2044 nos
1189 2004 1363 2044 habeas
1386 2005 1756 2045 commendatos.

382 2077 578 2125 Eborae‚
603 2076 791 2116 Calend.
818 2075 930 2115 Maii
957 2074 1074 2115 1554.

383 2148 452 2187 Ex
475 2147 802 2188 commissione
826 2146 980 2185 Patris
1001 2145 1243 2186 Michaelis
1266 2146 1321 2185 de
1345 2146 1554 2196 Rastros,

1232 2358 1427 2398 MARCUS
1459 2359 1712 2400 GEORGms.

375 2642 728 2693 Superscrt'ptz'o
752 2642 799 2681 sn
820 2644 962 2681 sexta
978 2641 1185 2691 pagina:
1212 2641 1301 2681 Ihs.
1334 2641 1393 2681 Al
1424 2653 1535 2693 muy
1556 2641 1660 2683 R.d0
1690 2654 1746 2682 en
1782 2642 1925 2683 Chro.

291 2713 436 2763 padre
453 2714 493 2753 el
509 2714 654 2764 padre
670 2713 875 2753 Maestro
895 2712 1090 2762 Ignatio,
1107 2712 1374 2763 praeposito
1391 2715 1584 2763 general
1603 2714 1658 2753 de
1676 2714 1720 2753 la
1737 2712 1926 2765 Comp.²

294 2783 347 2822 de
370 2783 521 2835 Jesus.

372 2853 442 2892 En
464 2853 627 2893 Roma.

369 2924 408 2962 2.
433 2924 527 2973 (2.ἃ
544 2925 660 2973 via.)

375 2994 484 3033 Alsa
508 3006 678 3034 manu:
700 2994 765 3043 54,
790 2994 844 3045 Q.
868 2994 1007 3034 Ebor.
1032 2993 1095 3034 40
1117 2995 1227 3044 (sic)
1251 2996 1337 3034 cal.
1363 2996 1489 3047 maij.
