2080 3392
782 173 866 209 AN.
898 173 989 210 1554
1636 175 1702 211 691

68 280 179 309 usus
206 268 438 309 Dominus
465 270 512 310 in
539 270 743 322 quodam
772 270 881 310 hinc
908 282 1001 311 non
1030 271 1170 322 longe
1201 272 1291 312 sito
1328 271 1500 323 oppido
1537 273 1701 323 egerit,

68 340 146 379 ubi
165 340 240 379 ille
261 339 423 380 diebus
449 340 580 381 festis
606 340 871 381 doctrinam
898 342 1203 393 praelegebat
1230 342 1572 392 Christianam,
1604 355 1703 395 per<

69 411 187 462 spici
213 412 378 462 potuit.
408 412 548 462 Nam,
579 419 765 464 praeter
794 425 935 465 quam
963 414 1088 464 quod
1116 414 1307 455 vivendi
1336 415 1568 455 rationem
1595 415 1704 455 alia-

69 493 156 532 que
178 483 404 523 exercitia
426 483 484 523 ab
506 484 608 535 ipso
631 484 904 533 constituta,
928 497 1021 525 non
1044 484 1142 536 ejus
1170 485 1382 526 absentia
1404 498 1430 526 a
1452 487 1578 526 vitae
1600 498 1702 538 pro-

69 554 221 604 posito
244 555 476 603 revocati,
501 555 661 596 sedulo
679 556 1018 607 diligenterque
1035 557 1248 608 implent,
1268 564 1400 597 tanto
1417 570 1522 598 eum
1542 558 1589 598 in
1611 557 1702 598 Do-

70 624 194 664 mino
215 636 375 665 amore
396 633 764 678 prosequuntur,
790 633 838 667 ut
858 628 1063 678 primum
1084 628 1171 668 sibi
1193 640 1299 668 eum
1326 629 1556 669 committi
1577 628 1636 669 ad
1658 629 1705 669 id

69 703 299 746 peterent,
323 704 371 736 ut
395 697 453 737 ad
482 708 619 737 suum
649 698 870 749 oppidum
900 698 1054 738 delato
1087 705 1132 739 et
1162 700 1452 740 curationem
1484 700 1706 740 adhibere

70 773 113 806 et
134 767 290 806 onmia
313 768 484 818 singuli
506 769 726 809 exhibere
748 769 992 810 charitatis
1009 781 1244 822 veraeque
1261 770 1525 811 dilectionis
1546 771 1706 812 munia

68 838 261 889 possint.
288 838 421 902 Quod
446 851 553 879 cum
580 847 702 880 esset
732 840 1034 891 denegatum,
1067 841 1114 880 in
1139 841 1348 893 Collegio
1380 854 1487 883 eum
1518 855 1705 883 manen-

67 917 161 949 tem
183 922 276 949 non
298 910 448 949 solum
470 912 657 962 saepius
679 912 959 962 invisebant,
988 924 1148 952 verum
1164 919 1209 953 et
1226 925 1284 953 ex
1301 913 1387 964 his,
1412 926 1531 965 quae
1553 915 1705 954 tenuis

68 980 158 1020 illis
179 992 254 1020 res
276 982 575 1032 suppeditare
597 989 776 1034 potest,
800 990 849 1022 ut
871 983 912 1023 ei
932 983 1211 1034 tribuerent,
1232 996 1391 1025 secum
1416 985 1688 1025 deferebant

67 1051 357 1103 Fiebantque
379 1059 624 1103 praeterea
646 1054 693 1093 in
714 1054 884 1106 oppido
905 1066 990 1105 pro
1012 1055 1112 1094 eius
1132 1055 1193 1095 ad
1214 1054 1369 1096 Deum
1385 1058 1536 1096 salute
1558 1057 1703 1108 publi-

71 1134 155 1162 cae
182 1123 564 1174 supplicationes.

150 1194 235 1233 His
257 1195 470 1245 proxime
499 1195 672 1247 elapsis
698 1197 862 1237 diebus
889 1203 1089 1248 quatuor
1116 1190 1282 1238 Patres
1312 1198 1597 1249 totidemque
1619 1198 1691 1239 fra

71 1272 165 1305 tres
197 1265 305 1306 hinc
337 1266 427 1306 alio
455 1267 584 1307 missi
617 1275 737 1308 sunt.
769 1269 806 1308 E
828 1269 995 1320 quibus
1016 1280 1137 1309 unus
1158 1269 1206 1309 P.
1236 1269 1494 1310 Francisco
1518 1269 1708 1310 Vieirae

72 1337 130 1376 ad
157 1336 336 1377 Indiam
364 1338 491 1378 eunti
518 1350 676 1379 comes
706 1339 857 1380 datus.
888 1339 983 1380 Alii
1013 1340 1221 1381 Evoram
1248 1340 1706 1393 Ulyssyponemque,

70 1414 118 1447 ut
139 1414 182 1448 et
204 1408 249 1447 in
269 1408 490 1460 Collegiis
508 1415 553 1449 et
569 1410 616 1449 in
632 1410 955 1461 professorum
970 1411 1107 1451 domo
1124 1412 1501 1452 confessionibus
1520 1413 1709 1453 audien-

69 1479 140 1519 dis
161 1486 410 1530 vacarent,
433 1481 632 1532 profecti
653 1491 780 1522 sunt:
810 1482 900 1522 duo
922 1494 1037 1522 vero
1059 1494 1119 1523 ex
1149 1483 1346 1534 eisdem,
1371 1484 1429 1524 ob
1450 1484 1498 1523 in
1520 1484 1618 1524 dies
1650 1485 1710 1524 ad

69 1557 255 1590 nostras
284 1551 471 1592 scholas
505 1552 830 1593 accedentium
858 1554 1250 1594 scholasticorum
1284 1561 1473 1595 auctum
1508 1555 1712 1596 maxime

69 1634 336 1673 numerum,
367 1628 416 1663 ut
442 1623 489 1663 in
511 1623 691 1664 duabus
718 1625 947 1665 classibus
977 1626 1158 1666 litteras
1192 1625 1442 1666 edocerent
1472 1627 1712 1667 humanio-

68 1705 158 1734 res.
184 1693 363 1744 Quibus
392 1694 544 1735 adhuc
573 1707 666 1736 non
695 1703 915 1737 contenta
945 1697 1114 1737 civitas
1145 1697 1240 1749 jam
1272 1698 1414 1738 alium
1441 1705 1712 1750 praecepto-

70 1776 170 1804 rem
191 1766 420 1816 exposcit.

150 1836 333 1888 Reliqui
355 1849 480 1878 nunc
505 1838 671 1878 Patres
698 1839 987 1892 fratresque,
1010 1847 1201 1892 praeter
1234 1853 1397 1892 unum,
1432 1842 1510 1893 qui
1541 1853 1591 1881 se
1623 1852 1715 1882 non

72 1907 186 1948 satis
207 1908 324 1948 bene
345 1908 505 1959 habet,
529 1921 756 1960 prospera
778 1917 972 1951 utuntur
1004 1913 1219 1963 corporis
1252 1913 1522 1952 valetudine
1544 1913 1713 1952 solitis—

71 1990 159 2030 que
186 1979 424 2020 exercitiis
451 1980 613 2021 sedulo
645 1981 984 2034 diligenterque
1014 1990 1206 2024 vacant.
1239 1983 1405 2033 Domi,
1438 1990 1627 2035 praeter
1657 1984 1716 2023 le—

73 2051 277 2090 ctionem
298 2062 493 2091 casuum
514 2053 851 2104 conscientiae,
877 2065 996 2105 quae
1025 2067 1051 2094 a
1084 2055 1132 2095 P.
1164 2055 1342 2105 Leone,
1378 2055 1476 2095 eius
1506 2055 1573 2094 rei
1600 2055 1717 2106 peri-

73 2122 275 2173 tissimo,
299 2122 520 2174 habetur,
545 2123 686 2164 aliam
706 2125 848 2164 etiam
870 2124 1009 2165 Pater
1030 2125 1268 2177 Georgius
1289 2125 1522 2166 Serranus
1544 2126 1648 2177 pari
1670 2126 1717 2166 in

73 2204 123 2233 re
144 2193 413 2244 theologica
434 2194 662 2247 profectu,
688 2207 794 2236 cum
817 2197 1022 2237 maximo
1044 2209 1099 2237 ac
1115 2197 1363 2249 perspicuo
1379 2198 1579 2238 fratrum
1596 2198 1642 2237 in
1663 2209 1717 2237 ea

73 2264 306 2316 profectu,
330 2265 595 2316 theologiae
621 2267 874 2318 praelegit:
903 2268 1035 2308 cuius
1061 2281 1156 2308 non
1183 2270 1333 2309 solum
1354 2269 1621 2321 repetitioni
1643 2280 1720 2308 ve-

73 2347 178 2375 rum
199 2342 244 2376 et
265 2336 479 2387 duarum,
504 2349 621 2389 quas
642 2338 690 2377 in
709 2338 1028 2379 UniVersitate
1050 2339 1220 2380 fratres
1239 2341 1447 2391 audiunt,
1467 2341 1567 2392 ipse
1585 2351 1717 2392 prae-

75 2406 214 2458 sidet3
237 2419 296 2447 ex
318 2419 409 2459 qua
430 2420 480 2447 re
501 2419 727 2459 magnum
747 2409 919 2450 fratres
940 2412 1166 2462 colligunt
1186 2411 1414 2462 fructum,
1440 2411 1720 2463 praesertim

76 2490 183 2519 cum
203 2486 248 2519 et
270 2479 648 2520 conclusionibus
670 2487 714 2520 et
735 2481 1131 2533 disputationibus
1157 2482 1297 2523 adsit.

156 2549 428 2601 Philosophi
452 2562 568 2590 vero
595 2557 640 2590 et
666 2551 698 2591 ii
724 2552 802 2604 qui
830 2553 877 2593 in
907 2554 1068 2594 literas
1095 2554 1368 2594 incumbunt
1396 2554 1718 2604 humaniores,

77 2627 329 2673 postquam
358 2621 650 2673 philosophia
679 2622 772 2673 legi
802 2630 937 2675 cepta
967 2631 1051 2675 est,
1075 2624 1229 2665 Patris
1250 2625 1512 2665 Hieronimi
1538 2625 1722 2665 Natalis

75 2691 207 2743 jussu
235 2692 282 2732 in
313 2692 521 2744 Collegio
551 2692 696 2744 Regis
726 2701 991 2735 versantur.
1021 2695 1156 2746 Quod
1183 2695 1270 2736 fuit
1295 2702 1392 2736 tum
1423 2697 1720 2748 gymnasiar-

80 2764 211 2813 chae,
235 2770 334 2803 tum
355 2763 459 2803 aliis
481 2764 667 2815 collegii
685 2766 1071 2817 praeceptoribus
1092 2773 1380 2818 pergratum.
1408 2766 1459 2807 Id
1480 2768 1574 2807 iam
1596 2769 1721 2819 apud

81 2835 185 2875 illos
205 2835 348 2885 vulgo
370 2834 532 2884 fertur,
556 2841 826 2876 nostrorum
846 2837 894 2876 in
921 2837 1184 2877 ediscendis
1211 2838 1359 2878 literis
1388 2850 1496 2878 cum
1526 2839 1719 2890 diligen-

81 2906 196 2946 tiam
234 2913 331 2945 tum
369 2905 655 2957 profectum,
697 2906 756 2946 ad
794 2907 1026 2947 bonarum
1064 2909 1326 2949 litterarum
1366 2910 1520 2949 studia
1561 2922 1721 2950 conse—

83 2977 277 3026 ctanda,
311 2976 658 3028 condiscipulos
679 2978 881 3018 maxime
913 2979 1136 3020 excitare.
1168 2979 1287 3020 Nam
1316 2992 1422 3020 cum
1449 2981 1598 3021 nostri
1627 2994 1721 3022 uno
