2080 3392
859 168 941 206 ΑΝ.
976 168 1065 206 1553
1721 168 1790 206 389

224 265 358 305 Hanc
389 266 576 306 omnino
612 277 743 318 spem
775 272 988 307 nostram
1015 266 1141 307 haud
1169 267 1336 306 leviter
1366 265 1611 306 confirmat
1647 266 1789 305 etiam

142 348 392 388 procerum
418 337 730 388 quorumdam
760 349 844 388 pro
875 337 1124 378 Societatis
1154 337 1431 389 quibusdam
1461 349 1547 376 nec
1576 337 1786 387 vulgari-

143 408 230 448 bus
258 409 415 448 causis
441 416 709 460 susceptum
731 409 954 458 studium,
985 409 1238 460 industria,
1274 409 1405 449 labor
1437 420 1492 448 ac
1526 408 1784 459 diligentia,

144 491 292 531 eaque
313 492 399 520 nec
420 480 655 531 precaria,
682 480 763 520 sed
789 492 982 532 prorsus
1005 481 1295 531 voluntaria,
1329 480 1440 532 quin
1461 487 1505 520 et
1527 480 1687 520 insciis
1707 491 1786 519 no-

145 551 213 590 bis
242 551 480 602 incoepta,
517 563 604 591 nec
634 551 784 591 desita
814 552 988 602 adhuc,
1022 552 1244 602 quoniam
1274 563 1392 603 quae
1425 551 1671 591 intendunt
1701 562 1788 602 pro

144 622 293 672 nobis,
318 621 472 662 adhuc
493 622 701 673 perfecta
724 634 817 662 non
840 629 960 662 sunt.

223 692 294 733 De
316 692 585 733 domesticis
607 693 731 744 quod
753 694 898 733 multa
919 693 1075 733 dicam
1097 694 1210 733 nihil
1243 705 1345 734 esse
1372 694 1486 734 mihi
1513 694 1701 745 quidem
1721 693 1787 732 vi-

143 763 253 804 dere
274 764 453 804 videor.
476 764 632 816 Ipsum
652 765 882 816 siquidem
900 763 1092 816 hujusce
1110 771 1242 804 smum
1259 764 1506 805 Societatis
1525 765 1786 805 institutum

143 847 516 887 unumquemque
551 836 724 877 bonum
751 843 795 876 et
823 836 1006 877 fidelem
1035 836 1225 877 CHRISTI
1250 837 1514 876 ministrum
1537 836 1650 876 satis
1681 847 1785 887 pro-

144 907 257 947 bare
278 907 476 947 videtur.
500 907 549 948 Id
572 919 773 959 namque
795 909 870 948 vel
892 914 1109 948 strenuus
1131 907 1322 948 CHRISTI
1343 908 1537 959 quisque
1559 908 1690 947 miles
1713 919 1786 946 us—

144 990 233 1030 que
254 979 492 1019 mordicus
513 979 736 1027 retinere,
756 980 831 1018 Vel
848 979 1051 1030 ignavus
1068 979 1334 1031 Christique
1352 980 1507 1019 crucis
1519 978 1632 1030 jugo
1653 990 1785 1029 suap-

145 1057 189 1090 te
210 1052 347 1102 culpa
367 1050 587 1101 indignus
604 1049 802 1090 deficere
823 1051 956 1091 brevi
977 1063 1032 1091 ac
1053 1051 1251 1102 turpiter
1272 1051 1501 1090 hactenus
1524 1050 1634 1090 mihi
1659 1051 1788 1089 visus

145 1129 229 1162 est.
260 1121 511 1162 Caeterum
540 1128 584 1161 et
614 1122 660 1161 in
688 1122 774 1173 eis,
803 1122 882 1174 qui
908 1122 984 1162 hic
1014 1123 1205 1172 adsunt,
1240 1122 1462 1162 fratribus
1488 1132 1789 1173 nequaquam

146 1193 348 1234 obscura
375 1192 559 1233 futurae
593 1199 872 1244 argumenta
898 1195 1283 1246 perseverantiae
1311 1193 1577 1244 conspicari
1608 1192 1786 1232 videor.

227 1265 361 1316 Quod
382 1272 539 1305 autem
559 1277 703 1305 unum
723 1265 838 1305 mihi
866 1272 1048 1306 restare
1070 1265 1228 1315 video,
1263 1277 1374 1305 vere
1402 1271 1594 1304 sanctus
1626 1276 1681 1304 ac
1709 1275 1787 1314 pa—

149 1344 309 1377 ternus
321 1336 414 1377 Rdi
437 1336 563 1377 §.mae
577 1337 822 1377 Trinitatis
839 1337 1077 1378 Antistitis
1094 1336 1101 1355 ¹
1120 1344 1164 1377 et
1177 1337 1467 1377 Mecoenatis
1482 1336 1633 1376 nostri
1650 1342 1790 1386 atquc

148 1409 357 1449 omnium
384 1421 552 1461 prope,
587 1421 681 1449 non
711 1409 912 1449 sutilium
942 1408 1130 1461 quidem
1151 1421 1236 1449 nec
1257 1408 1604 1449 lascivientium
1634 1412 1787 1458 poeta-

147 1492 270 1531 rum,
301 1481 383 1521 sed
412 1481 602 1521 CHRISTI
629 1492 889 1533 pauperum
912 1493 967 1521 ac
996 1481 1318 1521 ministrorum
1347 1490 1463 1530 erga
1493 1490 1578 1519 nos
1608 1478 1789 1529 potissi-

147 1563 274 1592 mum
314 1564 448 1592 amor
488 1558 532 1592 et
569 1552 895 1593 benevolentia
931 1552 1204 1603 singularis,
1244 1551 1462 1591 omnibus
1490 1549 1588 1601 jam
1628 1556 1790 1589 nostra

148 1624 615 1675 commemoratione,
640 1631 689 1664 ut
710 1624 823 1664 mihi
845 1623 1127 1676 persuadeo,
1152 1623 1309 1663 notior
1338 1629 1427 1672 est,
1460 1633 1611 1673 neque
1633 1627 1790 1661 tamen

147 1707 397 1747 possumus
414 1696 725 1736 amantissimi
737 1696 891 1736 Patris
904 1696 1101 1747 singulis
1118 1695 1164 1735 in
1180 1694 1356 1735 nostris
1367 1692 1791 1745 quadrimestribus

148 1779 239 1807 non
264 1768 656 1808 commeminisse.

230 1837 361 1878 Haec
383 1845 489 1878 sunt
511 1839 628 1889 fere,
654 1839 847 1879 colende
869 1839 915 1878 in
937 1839 1101 1890 primis
1120 1850 1175 1878 ac
1193 1836 1620 1878 observandissime
1639 1834 1791 1884 Pater,

151 1921 271 1961 quae
303 1922 330 1950 a
360 1911 615 1961 praeterito
653 1911 712 1951 ad
742 1917 1039 1962 praesentem
1068 1921 1215 1961 usque
1245 1909 1567 1961 Septembrem
1597 1907 1609 1925 ²¹
1642 1907 1717 1947 hic
1747 1907 1795 1946 in

151 1992 332 2021 summa
364 1982 618 2032 contigisse
646 1988 690 2022 et
722 1981 868 2033 facta,
901 1982 990 2022 Dei
1024 1981 1336 2032 benignitate,
1374 1980 1433 2019 ad
1464 1978 1563 2030 ejus
1592 1979 1796 2029 gloriam

149 2053 476 2104 comperimus.
514 2053 584 2102 Id,
625 2055 1103 2105 quantulumcumque
1131 2059 1221 2102 est,
1252 2058 1358 2092 tuae
1385 2050 1664 2092 Paternitati
1691 2061 1794 2089 cen-

149 2124 345 2164 sendum
366 2130 505 2176 atque
527 2125 872 2165 aestimandum
892 2124 1169 2175 deferimus,
1193 2131 1264 2174 ut,
1296 2124 1458 2175 agnito
1481 2130 1524 2162 et
1548 2127 1796 2174 perspecto

149 2206 289 2246 quam
308 2196 446 2246 plane
468 2196 527 2236 sit
548 2197 770 2248 exiguum
797 2208 911 2248 prae
938 2196 1199 2236 incredibili
1229 2202 1389 2236 tantae
1419 2194 1547 2234 urbis
1576 2193 1795 2233 Venetia-

148 2277 252 2306 rum
273 2267 576 2318 necessitate,
600 2268 700 2308 Tua
723 2267 989 2308 Paternitas
1015 2266 1273 2318 Patresque
1296 2279 1351 2307 ac
1372 2266 1564 2314 fratres,
1590 2264 1667 2315 qui
1689 2263 1796 2303 istic

152 2344 282 2386 sunt,
316 2338 645 2389 implorantes,
682 2339 957 2391 Cristusque
985 2339 1326 2379 incrementum
1354 2344 1397 2377 et
1425 2336 1631 2388 gratiam
1663 2347 1797 2386 prae-

149 2415 302 2459 stans,
328 2409 374 2449 in
397 2409 496 2449 dies
521 2411 721 2461 amplius
742 2411 1035 2461 exaugeatiS.

229 2479 467 2531 Venetiis,
493 2488 660 2532 quarto
683 2493 833 2521 nonas
854 2481 1171 2534 Septembreis
1197 2481 1312 2521 1553.

230 2550 302 2590 Ex
322 2558 576 2602 praecepto
600 2551 654 2591 R.
678 2551 726 2592 P.
750 2553 901 2593 nostri
922 2553 979 2593 D.
1005 2552 1139 2593 Caes.
1163 2552 1332 2593 Helmi.

232 2621 285 2662 T.
309 2621 362 2662 R.
388 2621 437 2662 P.
462 2622 684 2674 indignus
706 2623 847 2673 filius,

1089 2768 1158 2821 Jo.
1195 2766 1473 2807 GAMBARUS.

205 2900 216 2920 ¹
256 2900 527 2928 R.d·1Antz·stz·tz·s
543 2902 631 2928 dicti
647 2901 740 2928 S.mae
756 2901 938 2929 Trinitatis
964 2902 1299 2930 Polaticus—Sermo
1316 2907 1367 2929 est
1380 2902 1419 2929 de
1437 2901 1573 2929 Andrea
1588 2901 1795 2936 Lipomano.

206 2948 220 2967 Ξ
259 2948 410 2976 Vocibus
427 2951 657 2984 apraeterzto
672 2950 718 2976 ad
733 2953 962 2984 praesentem
987 2958 1097 2985 usqne
1119 2950 1364 2985 Septembrem
1391 2950 1513 2977 deletis
1534 2950 1711 2978 substituit
1734 2949 1802 2977 Po-

153 2996 281 3023 laneus:
295 2996 391 3024 lzisce
409 2998 601 3025 mensibus.
