2080 3392
822 207 903 244 AN.
936 207 1028 244 1554
1188 195 1190 197 ’
1673 206 1743 243 6⁴23

99 304 288 356 pietatis
307 309 657 355 renascentem3
681 310 724 344 et
746 303 877 355 cujus
899 305 995 344 vita
1018 310 1155 344 antea
1178 305 1350 356 populo
1381 304 1605 344 scandalo
1636 303 1736 349 suit,

100 386 223 415 nunc
247 375 293 415 in
314 376 579 427 exemplum
599 376 854 427 suscipitur
874 382 919 416 et
940 382 1140 426 amatur,
1170 375 1584 427 frequentioraque
1618 386 1742 415 nunc

100 446 239 486 habet
260 457 373 486 suae
395 447 680 497 integritatis
701 447 969 487 testimonia
990 447 1239 498 pluresque
1261 458 1374 487 suae
1395 446 1584 498 pietatis
1603 458 1659 486 ac
1675 458 1742 486 re-

100 517 287 568 ligionis
307 529 588 568 praecones,
614 529 754 569 quam
777 525 915 558 antea
936 518 1169 558 habuerat
1190 518 1411 570 antiquae
1440 518 1566 557 vitae
1594 518 1743 558 obtre-

101 594 323 628 ctatores.
346 588 497 628 Fuere
518 589 661 629 etiam
682 589 906 640 plerique,
930 589 1008 641 qui
1025 589 1154 629 illum
1177 589 1403 629 exercitia
1426 589 1593 629 fecisse
1614 589 1744 639 igno-

101 659 269 699 rabant
291 659 356 709 (fit
377 659 500 699 enim
521 659 567 699 id
588 660 840 711 aliquando
862 660 1194 711 occultissime,
1217 666 1266 700 ut
1287 660 1475 712 plurimi
1496 671 1581 700 nos
1605 660 1745 699 etiam

100 729 227 781 ipsos
247 731 438 779 lateant,
458 730 618 770 habita
639 731 820 771 ratione
843 743 1005 771 eorum
1026 731 1103 783 qui
1125 737 1418 779 exercentur3
1440 730 1565 782 quod
1583 731 1744 771 sedulo

101 807 309 852 praestat
331 800 380 840 P.
400 800 670 853 Villanova5
691 814 809 853 quae
830 802 952 842 illius
973 807 1043 842 est
1064 802 1110 841 in
1130 802 1339 853 gerendo
1358 802 1533 842 Christi
1553 802 1745 853 negotio

101 871 241 911 foelix
263 871 521 912 dexteritas
543 884 598 912 ac
628 873 843 912 miranda
873 873 1155 924 prudentia).
1188 873 1248 912 Hi
1276 880 1433 913 tamen
1462 885 1569 913 cum
1596 873 1740 912 homi-

102 954 209 983 nem
236 943 615 994 colloquerentur
641 955 884 995 novosque
914 944 961 983 in
988 944 1066 983 illo
1096 943 1317 994 affectus,
1349 956 1526 984 novum
1552 944 1745 984 vivendi

101 1024 250 1064 genus
266 1014 634 1064 considerarent,
659 1015 720 1066 id,
745 1014 870 1066 quod
890 1021 1027 1065 esset,
1053 1015 1212 1055 statim
1229 1015 1608 1066 suspicabantur.
1629 1016 1747 1055 Tam

101 1085 252 1125 bonus
281 1085 395 1125 odor
423 1097 482 1125 ex
508 1085 597 1125 hac
625 1085 859 1126 Societate
889 1086 1075 1127 Christo
1104 1085 1376 1126 diffunditur
1404 1098 1460 1126 ac
1489 1088 1653 1138 spirat.
1680 1087 1749 1126 Illi

101 1156 251 1196 honor
269 1168 323 1196 ac
340 1156 619 1207 benedictio,
639 1169 665 1196 a
683 1169 773 1209 quo
792 1156 1015 1208 quidquid
1029 1157 1139 1197 boni
1156 1165 1225 1197 est
1243 1164 1444 1198 emanat.
1465 1158 1616 1209 Ipsius
1636 1170 1747 1197 vero

104 1228 160 1268 de
189 1240 237 1268 se
259 1228 472 1279 publicas
495 1240 636 1268 voces
658 1240 782 1268 nunc
812 1229 964 1280 ipsum
996 1229 1203 1278 renasci,
1237 1240 1362 1268 nunc
1394 1229 1584 1269 tandem
1610 1241 1749 1269 nosse

104 1299 215 1351 quid
236 1299 295 1339 sit
319 1298 638 1339 Christianum
671 1311 788 1350 esse,
823 1306 867 1340 et
895 1299 968 1339 his
999 1300 1182 1350 similia,
1218 1300 1440 1351 quoniam
1471 1301 1748 1340 communis-

107 1371 225 1411 sima
248 1376 355 1410 sunt
377 1370 605 1421 omnibus,
631 1371 709 1422 qui
730 1370 854 1411 domi
875 1378 1171 1421 exercentur,
1202 1371 1262 1411 ad
1286 1378 1329 1411 te
1355 1371 1628 1411 scribendas
1658 1384 1751 1411 non

111 1454 296 1482 censeo.

185 1513 290 1553 Non
310 1513 463 1553 minor
483 1513 663 1553 fructus
685 1526 744 1554 ex
769 1513 968 1565 privatis
995 1513 1188 1554 Patrum
1220 1514 1466 1565 colloquiis
1499 1514 1749 1565 colligitur,

107 1585 186 1636 qui
221 1596 405 1636 semper
439 1585 486 1624 in
514 1585 731 1636 operibus
758 1585 945 1636 pietatis
975 1593 1229 1625 versantur
1260 1585 1615 1637 uberrimosque
1646 1585 1752 1625 inde

108 1656 287 1696 fructus
320 1655 506 1696 Christo
542 1667 726 1707 semper
760 1663 1017 1708 reportant.
1049 1655 1236 1696 Adsunt
1270 1657 1393 1696 enim
1428 1657 1749 1705 morientibus,

109 1728 267 1767 visunt
289 1727 452 1767 domos
473 1738 754 1779 pauperum,
779 1728 961 1767 animos
983 1734 1143 1768 mutuo
1175 1739 1224 1767 se
1254 1728 1510 1768 odientium
1545 1729 1752 1768 reconci-

108 1799 238 1849 liant,
263 1798 573 1838 exhortantur
595 1799 654 1838 ad
675 1805 1081 1839 sacramentorum
1100 1799 1435 1851 frequentiam,
1470 1806 1684 1839 errantes
1707 1799 1754 1838 in

111 1870 237 1910 viam
257 1870 508 1920 reducunt,
533 1876 577 1909 et
599 1870 645 1910 id
665 1881 815 1920 genus
837 1872 1003 1921 multa,
1028 1882 1147 1922 quae
1169 1871 1283 1910 mihi
1305 1863 1428 1911 nunc
1452 1883 1544 1910 non
1567 1879 1636 1910 est
1659 1871 1753 1910 ani-

111 1954 213 1982 mus
233 1954 320 1981 nec
343 1942 589 1981 consilium
611 1941 795 1993 singula
812 1943 1044 1993 persequi,
1065 1942 1301 1993 prolixum
1318 1954 1448 1994 opus,
1469 1954 1753 1993 verererque

110 2025 168 2053 ne
189 2025 291 2053 mea
314 2013 432 2053 haec
450 2013 690 2064 diligentia
711 2013 792 2053 tibi
815 2014 1011 2053 molesta
1033 2013 1168 2053 foret.
1191 2013 1346 2054 Unum
1364 2021 1519 2053 tamen
1544 2020 1622 2053 aut
1646 2015 1754 2052 alte-

111 2096 214 2124 rum
235 2085 453 2135 seligam,
477 2096 555 2135 ne,
581 2084 691 2124 dum
718 2085 912 2124 nimium
942 2085 1098 2124 brevis
1131 2096 1234 2124 esse
1265 2085 1449 2134 laboro,
1482 2083 1756 2124 inobediens

115 2156 292 2197 videar.

191 2229 297 2270 Fuit
318 2242 463 2281 prope
483 2240 568 2269 nos
589 2228 801 2280 quidam,
826 2229 905 2280 qui
928 2239 1123 2268 uxorem
1144 2228 1200 2267 de
1229 2227 1459 2267 adulterio
1489 2233 1757 2278 suspectam

114 2300 377 2349 dimiserat,
427 2307 761 2351 accusaverat,
810 2301 1107 2350 convicerat,
1159 2300 1390 2351 mortique
1440 2298 1758 2350 adjudicatam

114 2383 261 2423 prope
283 2379 384 2412 erat
406 2378 455 2412 ut
477 2372 732 2423 occideret,
751 2363 1014 2423 integrique
1041 2378 1137 2411 tres
1160 2371 1269 2410 anni
1291 2371 1580 2410 transierunt
1602 2371 1648 2409 in
1669 2370 1758 2410 hac

117 2443 368 2484 miserabili
387 2443 646 2495 tragoedia,
667 2443 833 2495 quibus
849 2443 1081 2483 intestinis
1097 2443 1218 2482 inter
1234 2454 1284 2482 se
1302 2442 1420 2482 odiis
1437 2442 1544 2482 hinc
1564 2442 1669 2481 inde
1686 2442 1759 2481 vir

117 2522 161 2555 et
182 2526 300 2555 uxor
323 2515 608 2565 flagrabant,
633 2526 720 2554 nec
741 2515 835 2554 ulla
862 2515 1043 2554 ratione
1071 2514 1173 2553 viro
1202 2513 1389 2553 suaderi
1411 2520 1595 2565 poterat
1623 2520 1673 2553 ut
1702 2514 1759 2553 ab

115 2586 302 2638 incepto
326 2586 593 2636 desisteret;
617 2586 743 2625 nulla
763 2587 885 2625 enim
909 2593 979 2625 est
1000 2585 1060 2624 ad
1082 2585 1415 2625 remittendum
1436 2585 1525 2624 hac
1555 2596 1646 2624 una
1678 2584 1758 2624 dif-

118 2657 281 2697 ficilior
303 2656 486 2708 injuria,
511 2657 773 2708 partimque
795 2657 949 2696 laesus
970 2656 1121 2696 honor
1138 2689 1147 2707 ,
1171 2656 1343 2707 partim
1365 2655 1526 2705 amici,
1552 2656 1758 2706 cognati,

120 2730 197 2780 qui
218 2741 311 2769 non
335 2728 468 2768 aliter
489 2728 577 2768 sibi
593 2740 769 2779 suoque
790 2728 959 2768 honori
982 2728 1223 2779 provisum
1247 2727 1533 2777 existimant,
1555 2728 1760 2768 animum

120 2801 322 2840 hominis
340 2799 462 2850 odio,
483 2811 641 2840 amore
656 2799 893 2839 Vindictae
911 2804 1171 2848 aestuante,
1189 2798 1256 2838 sic
1273 2798 1594 2849 incenderant,
1610 2806 1658 2839 ut
1675 2811 1761 2839 nec

119 2872 392 2923 lachrymae
414 2871 576 2911 uxoris
596 2882 682 2911 nec
711 2871 964 2910 multorum
993 2869 1220 2909 nobilium
1248 2881 1438 2921 preces,
1473 2870 1639 2920 quibus
1666 2871 1762 2910 ani-

122 2955 249 2983 mum
270 2943 472 2982 hominis
491 2953 575 2994 per
596 2948 692 2982 tres
712 2941 922 2992 integros
940 2952 1088 2980 annos
1104 2939 1391 2990 tutuderant,
1412 2940 1549 2992 hujus
1566 2940 1762 2992 injuriae

123 3015 446 3054 remissionem
472 3024 672 3053 exorare
698 3020 904 3064 possent.
937 3011 1028 3052 Sed
1061 3018 1224 3063 postea
1254 3023 1394 3063 quam
1421 3023 1528 3052 cum
1560 3014 1763 3064 quodam

314 3091 363 3127 T.
390 3103 430 3126 u,
1482 3102 1529 3135 40
