2080 3392
845 203 926 240 AN.
956 203 1048 240 1554
1702 204 1773 242 529

127 301 256 342 vitiis
277 306 604 352 assueuerant,
629 302 687 341 ab
722 302 788 342 eis
809 302 983 342 vellent
1010 302 1103 341 ullo
1139 301 1278 341 modo
1311 300 1566 341 discedere.
1591 301 1660 341 Ita
1692 313 1770 342 va-

127 373 195 414 rie
223 372 562 424 diligenterque
582 384 632 412 re
654 373 854 424 agitata,
878 373 1032 413 visum
1059 379 1129 412 est
1156 372 1344 412 tandem
1372 372 1417 412 id
1448 372 1630 412 consilii
1659 372 1772 413 Pro-

131 444 233 495 regi
261 455 549 496 proponere,
591 450 660 492 ut,
705 444 929 495 dispersis
964 444 1053 483 illis
1083 444 1130 483 in
1166 445 1257 484 alia
1288 444 1592 494 monasteria,
1616 455 1772 484 novae

133 516 180 556 in
215 522 430 555 sanctum
463 514 575 555 illud
609 515 929 555 habitaculum
957 515 1218 555 monachae
1235 516 1589 565 inducerentur,
1614 522 1659 555 et
1679 501 1771 567 quo

134 588 339 638 aptiores
359 586 419 627 ad
438 597 603 626 Veram
625 586 867 638 religionis
883 592 1051 626 norma
1074 598 1176 626 esse
1200 593 1392 637 possent
1412 619 1419 635 ,
1452 598 1546 626 non
1577 599 1635 626 ex
1669 587 1772 626 aliis

134 658 393 709 coenobiis,
430 658 513 698 sed
548 669 606 697 ex
639 658 827 697 saeculo
858 657 1071 708 virgines
1108 664 1417 707 sumerentur,
1455 659 1594 709 paulo
1623 664 1775 709 posta

133 729 328 770 Vicario
367 729 733 769 consecrandae.
772 728 896 769 Nihil
933 739 1095 768 morae
1127 728 1213 768 fuit
1250 729 1296 768 in
1325 729 1564 780 Principe,
1598 730 1771 781 quomir

133 813 222 841 nus
249 801 427 850 omnia,
459 806 509 840 ut
536 801 778 852 proposita
813 800 1024 848 fuerant,
1054 800 1119 839 ita
1156 800 1547 851 transigerentur.
1578 800 1775 840 Mulieri-

133 873 219 913 bus
239 871 407 923 igitur,
432 883 551 923 quae
574 872 635 911 ibi
656 871 918 911 habuerant
940 870 1071 921 (sic),
1102 882 1129 910 a
1163 870 1286 910 Dno.
1320 871 1514 911 Vicario
1544 872 1590 910 in
1618 883 1775 911 mona-

133 943 300 994 steria,
323 948 464 994 prout
493 943 582 994 ipsi
612 943 767 983 visum
797 948 888 991 est,
919 942 1202 992 distributiS,
1233 942 1432 982 edicitur
1470 955 1495 982 a
1531 942 1632 982 Pre.
1672 955 1773 983 nro.

135 1015 472 1055 concionatore
497 1013 506 1032 ¹
530 1014 568 1054 si
589 1025 708 1065 quae
729 1013 940 1064 virgines
967 1013 1024 1053 ab
1053 1014 1142 1053 hoc
1173 1014 1363 1053 saeculo
1392 1025 1617 1065 nequam,
1651 1015 1777 1054 vitae

135 1085 475 1138 tranquillioris
505 1097 686 1136 amore,
719 1085 866 1125 velint
893 1085 1113 1124 inlocum
1134 1096 1322 1124 sacrum
1343 1084 1583 1134 secedere,
1607 1097 1776 1125 nomen

138 1157 372 1206 deferant,
398 1168 607 1197 amorem
628 1157 720 1206 sui,
749 1156 953 1207 patriae,
984 1162 1251 1207 parentum,
1283 1154 1525 1206 abjiciant,
1559 1163 1608 1196 ut
1637 1169 1777 1196 unum

140 1229 394 1269 induantur
415 1229 575 1281 Jesum
597 1227 855 1278 Christum,
880 1228 988 1267 huic
1008 1228 1088 1267 uni
1110 1227 1309 1279 posthac
1331 1233 1376 1267 et
1396 1228 1607 1267 victuras
1624 1235 1668 1267 et
1686 1240 1778 1268 mo-

140 1301 316 1340 rituras
337 1306 561 1340 statuant.
585 1300 705 1339 Mira
727 1312 823 1350 res,
844 1306 888 1339 et
914 1311 1027 1339 sane
1046 1298 1300 1349 laudanda;
1326 1311 1379 1339 eo
1398 1299 1499 1350 ipso
1523 1299 1595 1339 die
1623 1300 1781 1350 plures

141 1384 282 1423 quam
305 1378 494 1412 centum
517 1384 574 1411 ex
596 1372 673 1419 iis,
699 1383 818 1423 quae
839 1371 1020 1411 Pribus.
1044 1371 1157 1411 nris.
1183 1371 1394 1411 confiteri
1415 1372 1587 1419 solent,
1612 1371 1732 1411 sicut
1754 1383 1778 1409 a

140 1443 243 1484 R.d0
269 1443 371 1484 Pre.
403 1443 680 1495 Praeposito
708 1443 997 1494 accepimus,
1028 1443 1263 1484 conscribi
1294 1443 1540 1493 petierunt.
1579 1442 1781 1483 Habitus

143 1522 214 1555 est
234 1522 391 1555 tamen
420 1514 649 1565 delectus,
679 1525 827 1565 neque
857 1515 1015 1565 plures
1046 1526 1186 1565 quam
1217 1514 1379 1554 decem
1407 1522 1449 1554 et
1480 1526 1649 1554 nouem
1676 1521 1782 1554 sunt

141 1587 396 1636 admissae,
420 1598 540 1637 quae
560 1586 707 1625 natali
729 1586 802 1625 die
824 1586 997 1625 Beatae
1018 1586 1107 1626 Dei
1130 1586 1384 1626 Genitricis
1406 1587 1452 1625 in
1475 1586 1595 1626 illius
1623 1598 1781 1626 mona·

140 1659 271 1699 sterii
292 1659 480 1708 templo,
506 1669 693 1698 sacrum
710 1657 912 1697 faciente
929 1669 1022 1697 uno
1040 1669 1099 1697 ex
1115 1657 1296 1698 Pribus.
1315 1658 1446 1705 nris.,
1467 1664 1653 1709 sumpto
1670 1657 1780 1697 Dni.

140 1731 228 1770 nri.
246 1730 358 1782 Jesu
379 1729 553 1769 Christi
575 1729 838 1769 sacratiss.O
860 1740 1081 1780 corpore,
1119 1740 1292 1780 magna
1326 1730 1484 1781 populi
1504 1729 1781 1780 frequentia,

141 1808 383 1853 spectante
401 1787 541 1841 etiam
558 1800 788 1852 Principe,
809 1799 1066 1851 Rhegiensi
1083 1801 1334 1852 Episcopo,
1355 1807 1399 1841 et
1417 1801 1622 1841 ciuitatis
1640 1801 1784 1851 Magi-

141 1879 313 1923 stratU,
333 1879 437 1924 post
457 1872 686 1918 auditam,
707 1883 827 1923 quae
844 1872 1049 1912 maxime
1067 1872 1125 1911 ad
1142 1884 1240 1912 rem
1256 1872 1473 1919 faciebat,
1494 1873 1782 1918 concionem,

141 1956 265 1984 nouo
286 1955 398 1984 suae
420 1944 546 1983 Vitae
569 1943 784 1983 instituto
808 1943 1036 1983 dederunt
1059 1944 1264 1993 initium,
1289 1944 1347 1983 ab
1371 1956 1518 1995 eaque
1546 1944 1619 1984 die
1649 1944 1784 1983 bene-

143 2015 426 2056 dictinarum
446 2026 496 2055 se
517 2026 710 2054 normae
733 2014 1028 2054 addixerunt.
1055 2015 1127 2055 Ex
1141 2016 1229 2055 hac
1248 2016 1372 2055 enim
1389 2015 1565 2054 familia
1582 2016 1783 2063 fuerant,

143 2099 262 2139 quae
283 2087 346 2127 ibi
368 2093 475 2127 ante
504 2087 742 2126 viuebant.
772 2086 886 2126 Erat
914 2098 1051 2126 sacra
1084 2087 1161 2126 illa
1193 2087 1333 2126 aedes
1363 2086 1644 2126 Ascensioni
1676 2085 1783 2126 Dni.

144 2158 322 2208 dicata,
346 2170 372 2198 a
395 2169 486 2209 qua
509 2164 553 2197 et
575 2168 745 2197 nomen
767 2158 853 2197 toti
875 2158 979 2197 loco
1001 2157 1109 2207 fuit,
1133 2158 1265 2197 cuius
1287 2158 1426 2207 situs,
1459 2158 1582 2209 quod
1610 2158 1786 2197 inutilis

144 2240 403 2280 parumque
427 2229 622 2268 idoneus
646 2228 705 2268 ad
727 2228 816 2268 hoc
839 2229 965 2268 vitae
985 2240 1134 2279 genus
1156 2228 1426 2278 videbatur,
1453 2229 1662 2280 virgines
1682 2229 1788 2268 illae

146 2300 193 2340 in
215 2300 358 2339 alium
378 2300 554 2347 locum,
580 2300 658 2351 qui
680 2299 738 2339 ad
761 2300 885 2339 hunc
907 2311 1043 2339 usum
1066 2306 1203 2340 antea
1222 2300 1375 2340 fuerat
1394 2302 1595 2350 electus,
1615 2311 1788 2351 magna

144 2371 387 2411 hominum
404 2371 701 2422 maximeque
718 2371 968 2411 mulierum
986 2371 1239 2411 comitante
1256 2372 1564 2421 multitudine,
1590 2378 1696 2411 sunt
1715 2373 1788 2411 de-

147 2442 331 2491 ductae,
348 2442 425 2482 ubi
441 2453 580 2491 nunc,
600 2453 695 2481 non
716 2442 814 2481 sine
828 2443 1093 2482 sanctitatis
1110 2442 1235 2482 fama
1255 2443 1379 2493 (quid
1393 2443 1515 2482 enim
1529 2455 1622 2482 non
1635 2443 1788 2483 dicam

147 2514 271 2565 quod
292 2525 455 2553 verum
480 2513 602 2563 est?)
625 2519 668 2553 et
698 2513 1053 2564 praedicatione
1080 2514 1310 2554 bonorum
1341 2514 1549 2554 omnium
1575 2525 1790 2566 perseue-

147 2590 269 2635 rant;
292 2596 444 2636 neque
465 2584 512 2624 id
533 2590 659 2624 certe
677 2584 909 2624 immerito
927 2584 989 2633 fit,
1010 2591 1059 2624 ut
1077 2591 1121 2624 et
1142 2585 1213 2624 sui
1230 2591 1360 2625 tanta
1378 2585 1789 2636 existimationem,

151 2664 195 2697 et
217 2657 417 2697 caeteris
438 2655 685 2695 monachis
704 2654 1064 2695 admirationem
1086 2656 1313 2705 excitent,
1333 2656 1444 2696 Diui
1461 2657 1584 2697 enim
1600 2656 1791 2697 Benedi-

153 2728 215 2768 cti
251 2739 456 2767 canones
490 2738 547 2766 ne
582 2727 681 2766 latu
716 2726 902 2778 quidem
939 2727 1105 2777 pedem
1141 2728 1576 2778 transgrediuntur:
1618 2728 1789 2778 victus,

151 2798 446 2850 vestitusque
480 2797 603 2837 ratio
634 2797 799 2837 eadem
834 2797 1070 2848 omnibus,
1105 2798 1312 2850 nihilque
1348 2799 1429 2839 ulli
1464 2799 1653 2839 omnino
1687 2811 1791 2851 pro-

210 2985 220 3004 ¹
261 2984 545 3011 Concionatorem
560 2981 737 3009 Messanae
753 2981 817 3009 hoc
834 2986 986 3017 tempore
1008 2985 1134 3019 agebat
1159 2984 1193 3011 P.
1219 2985 1447 3020 Hieronymus
1467 2986 1608 3013 Otellus.
1623 2986 1792 3017 Porrxxco,

157 3032 360 3063 Chronicon,
375 3037 399 3058 t.
415 3038 464 3064 111,
480 3037 562 3064 pag.
582 3029 643 3061 216.
660 3036 691 3056 n.
707 3029 769 3062 468,
786 3034 819 3056 et
835 3038 914 3064 pag.
930 3030 992 3064 227,
1009 3039 1039 3058 n.
1055 3032 1116 3059 409.

302 3091 352 3127 T.
373 3101 415 3126 11.
1563 3105 1607 3139 34
