2080 3392
861 202 943 239 Ax.
976 203 1067 240 1553
1714 204 1786 240 143

137 300 419 340 mentionem
440 298 616 339 faceret
642 311 728 340 nec
761 300 970 340 cuiusvis
1000 300 1192 340 alterius
1225 300 1542 351 praesentiam
1570 308 1779 352 cuperet,

138 382 244 411 cum
272 376 429 410 tamen
463 370 716 420 Doctores,
746 370 996 420 Canonici,
1030 382 1239 411 summus
1274 371 1410 411 huius
1446 371 1782 412 Universitatis

136 442 321 491 Rector,
346 441 403 481 D.
429 441 750 482 Cancellarius
772 448 816 482 et
838 442 1035 494 quaevis
1058 453 1287 493 personae
1308 442 1505 482 alicuius
1528 443 1777 482 auctorita-

135 513 194 553 tis
224 524 326 553 eam
349 513 395 553 in
417 513 684 553 infirmitate
707 525 792 553 sua
815 513 1078 552 visitarent.
1105 512 1217 563 Sed,
1242 514 1379 564 pleno
1396 514 1655 564 intellectu,
1675 526 1778 566 por—

134 589 263 624 recta
302 595 462 629 manu,
504 584 551 623 in
590 585 858 634 praesentia
898 584 1103 623 omnium
1142 596 1380 634 sororum,
1418 590 1688 625 nostrorum
1728 597 1778 625 se

139 655 499 695 commendabat
535 656 775 706 precibus,
814 655 1052 695 confidens
1088 655 1143 694 iis
1179 655 1271 695 cito
1306 656 1494 695 liberari
1529 656 1584 696 de
1619 657 1786 707 poenis

136 726 414 778 purgatorii.

218 796 354 837 Alius
375 797 566 849 quidam
588 809 733 837 senex
763 797 1006 847 sacerdos,
1037 798 1116 848 qui
1143 804 1304 848 pastor
1332 797 1416 838 fuit
1443 798 1593 838 nostri
1623 799 1786 850 templi

137 867 182 909 S.
207 867 471 919 Michaelis,
497 880 644 919 agens
667 869 713 908 in
735 869 979 920 extremis,
1013 868 1200 908 Patrem
1221 868 1281 908 ad
1314 881 1363 908 se
1395 869 1586 909 vocavit:
1616 875 1665 909 ut
1695 870 1785 909 sibi

136 939 386 979 iubilaeum
421 939 769 980 communicare
796 939 1086 991 dignaretur,
1117 951 1207 991 quo
1235 948 1444 991 acceptO,
1475 952 1685 980 summae
1712 952 1779 980 re-

137 1011 376 1051 verentiae
412 1011 545 1062 signo
579 1010 810 1062 exhibito,
848 1010 976 1051 Patri
1010 1011 1191 1062 gratias
1226 1022 1395 1062 agens,
1433 1023 1543 1051 mox
1578 1011 1782 1051 vinculis

137 1082 379 1133 corporeis
404 1082 620 1122 excessit.

213 1153 300 1193 Vir
322 1153 511 1205 quidam
532 1154 821 1205 spectabilis,
852 1154 1093 1206 utriusque
1121 1154 1236 1194 iuris
1266 1154 1554 1205 licentiatus,
1587 1155 1775 1206 iampri-

135 1225 239 1265 dem
262 1236 367 1265 cum
390 1225 592 1276 quodam
613 1224 860 1265 Societatis
892 1225 1042 1265 amico
1065 1226 1125 1266 ad
1145 1225 1335 1266 Patrem
1366 1227 1582 1277 venienS‚
1616 1227 1779 1266 vinum

134 1296 357 1336 fratribus
376 1297 628 1348 propinare
650 1303 788 1348 atque
809 1309 902 1336 una
933 1308 1038 1337 cum
1065 1297 1132 1337 eis
1162 1297 1410 1349 prandium
1440 1309 1625 1338 sumere
1657 1298 1778 1338 desi-

135 1367 330 1408 derabat
351 1374 399 1407 ut
421 1368 526 1408 inde
549 1368 636 1408 sibi
657 1368 901 1408 nobiscum
921 1368 1303 1419 familiaritatem,
1329 1367 1675 1420 Societatisque
1702 1381 1780 1409 no-

135 1439 286 1478 titiam
314 1439 628 1479 contraheret.
660 1439 744 1480 Cui
773 1451 878 1479 cum
913 1452 940 1479 a
970 1439 1109 1485 Patre
1143 1451 1422 1492 responsum
1452 1447 1576 1479 esset
1607 1440 1784 1480 fratres

138 1510 234 1549 suis
255 1509 500 1550 inhaerere
528 1510 695 1550 studiis
718 1517 762 1550 et
782 1522 1081 1562 nequaquam
1108 1510 1198 1551 hac
1226 1517 1420 1551 externa
1452 1511 1572 1551 affici
1600 1523 1783 1551 recrea-

138 1581 283 1631 tione,
309 1582 367 1622 ab
388 1581 477 1622 hoc
500 1582 690 1633 quievit.
715 1581 805 1622 Sed
828 1582 874 1622 in
896 1582 987 1622 alio
1010 1582 1202 1622 maioris
1225 1583 1487 1622 dilectionis
1511 1594 1647 1622 suum
1667 1594 1781 1634 erga

138 1664 222 1693 nos
257 1653 422 1693 volens
457 1653 699 1693 declarare
735 1654 965 1704 animum,
1003 1654 1224 1705 pulchras
1259 1661 1305 1694 et
1339 1655 1520 1706 amplas
1558 1654 1692 1694 nobis
1723 1654 1784 1694 ad

137 1723 494 1764 inhabitandum
526 1725 677 1776 gratis
712 1725 876 1765 obtulit
906 1725 1060 1765 aedes.
1098 1724 1189 1765 Sed
1226 1725 1589 1775 commodiores,
1620 1726 1780 1766 divina

138 1795 412 1847 disponente
434 1796 609 1847 gratia,
635 1803 955 1847 expectamus,
980 1795 1101 1836 Nam
1123 1797 1243 1836 alius
1265 1797 1455 1848 quidam
1482 1797 1554 1836 vir
1583 1797 1716 1837 dives
1737 1803 1783 1837 et

137 1867 301 1906 unicus
335 1866 583 1907 Societatis
618 1868 797 1908 amicus
831 1868 972 1908 aedes
1006 1868 1323 1919 amplissimas
1358 1869 1565 1920 sitasque
1595 1868 1642 1908 in
1677 1870 1780 1908 loco

137 1938 518 1978 commodissimo
558 1939 693 1979 nobis
734 1950 1012 1990 comparare
1052 1939 1285 1991 disponit,
1334 1951 1454 1991 quae
1494 1940 1642 1980 tribus
1682 1939 1783 1979 fere

135 2009 337 2050 millibus
364 2009 649 2050 florenorum
676 2010 1015 2061 inscribuntur;
1047 2011 1215 2051 asserit
1236 2011 1359 2051 enim
1390 2023 1438 2051 se
1466 2013 1661 2051 multum
1688 2011 1778 2051 fru-

136 2087 236 2121 ctus
259 2081 306 2121 in
326 2081 466 2122 vinea
487 2081 678 2121 Domini
700 2082 756 2122 de
777 2081 1010 2123 Societate
1033 2090 1304 2134 expectare,
1337 2083 1532 2134 proinde
1564 2089 1607 2122 et
1642 2083 1783 2133 aptis-

135 2152 304 2193 simum
343 2153 405 2192 ad
443 2152 807 2193 inhabitandum
845 2153 980 2194 nobis
1020 2154 1341 2205 quaesiturum
1377 2155 1553 2204 locum,
1596 2153 1780 2193 etiamsi

136 2230 333 2275 quatuor
355 2230 434 2264 aut
455 2225 656 2277 quinque
678 2225 821 2265 millia
843 2225 1128 2265 florenorum
1163 2231 1243 2265 aut
1274 2226 1474 2277 amplius
1503 2231 1774 2276 exponeret,

135 2295 190 2335 de
223 2295 391 2346 quibus
423 2301 677 2347 speramns
700 2297 947 2348 proximis
980 2297 1156 2337 litteris
1196 2297 1241 2337 V.
1272 2297 1332 2336 P.
1364 2297 1610 2336 certiorem
1628 2295 1778 2346 facie-

135 2376 271 2416 mus,·
290 2367 482 2407 interim
504 2369 721 2408 orandus
740 2368 994 2409 Dominus.

215 2438 350 2479 Nunc
372 2439 431 2479 ad
452 2440 769 2480 studiosorum
795 2446 845 2481 ut
871 2441 1117 2481 veniamus
1139 2441 1544 2489 exercitationem,
1571 2440 1658 2479 hoc
1687 2438 1779 2490 pri-

136 2521 262 2549 mum
298 2510 597 2551 scribendum
632 2510 849 2552 offertur:
888 2512 1047 2563 plures
1082 2512 1426 2561 adolescentes,
1460 2523 1554 2550 non
1588 2510 1778 2561 vulgari

137 2579 337 2621 imbutos
359 2581 587 2633 doctrina,
613 2581 671 2622 ad
692 2588 906 2623 nostram
927 2583 1140 2634 aspirare
1162 2582 1460 2624 Societatem.
1485 2582 1556 2621 De
1577 2582 1675 2630 llis,
1698 2581 1785 2632 qui

136 2652 198 2691 ad
229 2652 275 2692 V.
300 2653 360 2692 P.
384 2657 641 2703 venerunt,
670 2653 872 2705 aliisque
900 2655 1039 2694 rebus
1074 2654 1263 2704 multis,
1289 2654 1344 2693 de
1376 2653 1543 2704 quibus
1569 2653 1778 2692 diversis

136 2722 311 2763 lz'tterz‘s
325 2722 521 2775 plenius
540 2728 697 2764 actum
718 2729 812 2775 est,
834 2737 889 2764 ne
910 2725 1113 2776 epistola
1133 2737 1249 2765 snos
1269 2725 1469 2764 excedat
1499 2724 1698 2770 le'mstes,
1727 2724 1776 2763 in

130 2794 518 2844 praesentz'czrmn
552 2796 730 2847 scripto
765 2802 885 2847 opus
921 2796 1039 2836 m'lzil
1075 2809 1176 2837 esse
1204 2800 1339 2848 puto.
1373 2795 1478 2836 Duo
1508 2796 1702 2836 iuvenes
1729 2796 1778 2835 in

138 2865 345 2917 Collegio
380 2866 641 2916 Castrensi,
678 2879 875 2919 quorum
905 2869 1023 2908 alter
1058 2868 1314 2918 secundus,
1349 2869 1466 2908 alter
1496 2868 1660 2907 tertius
1697 2873 1776 2906 aut

139 2942 331 2987 quartus
353 2938 517 2978 domus
538 2939 813 2979 aestimatur
833 2939 1031 2991 futurus,
1056 2940 1227 2990 statim,
1252 2945 1443 2991 peracta
1466 2938 1773 2990 promotione,

140 3008 199 3048 ad
219 3020 304 3048 nos
325 3010 487 3050 venire
509 3010 863 3051 constituerunt.
893 3011 963 3051 Ex
990 3011 1154 3051 eodem
1175 3011 1384 3061 Collegio
1411 3016 1654 3062 promotus
1681 3009 1779 3061 qui—
