2080 3392
316 171 385 207 576
823 170 1050 207 LITTERAE
1076 183 1435 214 QUADRIMESTRES

311 274 529 316 ctumque
555 272 624 305 est
650 271 699 305 ut
736 266 922 316 plurimi
950 267 1146 318 singulis
1180 268 1483 309 hebdomadis
1511 272 1653 310 semel
1688 277 1824 323 atque
1859 274 1937 314 ite—

308 348 411 376 rum
438 337 527 376 hoc
554 336 705 387 ipsum
739 342 990 387 praestent.
1029 337 1148 378 Nam
1180 344 1223 378 et
1251 339 1413 379 diebus
1442 351 1624 391 quoque
1655 343 1841 383 Veneris
1869 352 1939 385 est

306 408 380 447 hic
403 407 720 447 confitentium
747 419 988 458 numerus,
1015 421 1151 460 quem
1179 415 1223 449 et
1254 417 1504 450 conservat
1531 417 1575 450 et
1602 418 1742 462 auget
1770 413 1936 454 doctri—

306 490 392 517 nae
415 477 700 518 christianae
721 479 992 529 praelectio.
1018 479 1321 520 Numerosior
1347 481 1533 532 quidem
1559 481 1721 522 diebus
1748 484 1937 524 domini-

306 548 373 588 cis
393 554 585 588 caterva
608 549 817 596 confluit3
843 550 1015 590 habent
1037 551 1160 590 enim
1181 550 1295 590 Rev.
1325 550 1374 591 P.
1404 552 1697 592 Everardum
1724 554 1937 605 epistola-

304 630 408 658 rum
429 618 488 658 ad
510 619 805 659 Timotheum
827 621 1128 672 interpretem
1150 627 1194 661 et
1216 622 1375 661 utilem
1393 628 1436 662 et
1452 635 1562 662 vere
1579 634 1793 673 gnarum.
1817 625 1937 665 Huic

301 689 453 729 eidem
486 701 571 730 sua
599 691 755 730 omnia
784 696 828 730 et
857 691 1044 741 privata
1073 697 1118 731 et
1148 692 1332 743 publica
1361 694 1552 744 negotia
1585 695 1817 735 commisit
1842 697 1937 747 qui—

300 760 408 800 dam
424 772 633 800 summae
651 761 948 802 authoritatis
966 763 1090 814 apud
1107 774 1268 803 omnes
1286 763 1418 811 civis,
1440 770 1486 803 ut
1508 776 1565 803 ne
1587 765 1731 805 latum
1751 766 1938 816 quidem

297 842 504 882 unguem
525 829 801 872 a‘sententia
824 834 970 883 patris
994 834 1243 885 discrepet.
1269 834 1401 874 Illum
1422 835 1572 885 ipsum
1595 835 1650 875 de
1677 836 1814 876 rebus
1841 838 1938 877 suis

299 903 556 942 consulturi
580 903 808 943 accedunt
829 904 1038 955 plurimi,
1064 904 1168 944 aliis
1194 905 1288 944 alia
1308 906 1695 957 proponentibus.

377 972 502 1014 Solet
521 973 958 1015 Reverendissimus
974 975 1317 1027 Proepiscopus
1337 988 1443 1016 reos
1461 977 1549 1016 hac
1566 978 1768 1028 primum
1784 990 1935 1029 poena

295 1045 514 1095 plectere,
539 1050 589 1085 ut
605 1044 768 1085 Patres
784 1052 970 1086 nostros
989 1046 1306 1086 confessarios
1324 1047 1543 1098 habeant,
1563 1060 1618 1088 ac
1637 1054 1734 1088 tum
1750 1049 1934 1090 demum

296 1126 527 1156 summam
548 1117 721 1167 negotii
743 1118 789 1156 in
812 1117 1001 1157 eosdem
1022 1118 1190 1158 reiicit.

374 1185 465 1227 Sed
486 1194 530 1226 et
551 1199 684 1228 suam
705 1200 886 1240 quoque
907 1189 1046 1229 habet
1074 1189 1127 1229 R.
1157 1189 1206 1229 P.
1235 1189 1440 1241 Joannes
1467 1192 1764 1242 palaestram.
1798 1192 1840 1231 Is
1868 1192 1932 1232 in-

295 1262 366 1297 ter
386 1264 597 1309 caetera,
621 1271 739 1310 quae
761 1260 867 1299 huic
890 1260 1071 1300 civitati
1093 1260 1320 1300 beneficia
1342 1261 1543 1311 confert,
1575 1262 1663 1301 hoc
1692 1274 1837 1302 unum
1864 1269 1933 1303 est

295 1340 387 1368 non
422 1329 587 1380 opinor
614 1331 1029 1380 praetereundum,
1062 1337 1111 1371 ut
1147 1332 1319 1382 vulgus
1354 1332 1654 1382 histrionum,
1690 1333 1932 1374 circulato-

295 1410 410 1449 rum,
436 1412 491 1439 ac
515 1412 759 1451 magorum
782 1402 928 1441 nihilo
952 1402 1104 1441 secius
1126 1414 1266 1454 quam
1295 1403 1401 1442 fidei
1427 1403 1718 1443 orthodoxae
1748 1416 1931 1444 everso-

293 1481 368 1510 res
388 1471 608 1522 patiatur.
631 1472 776 1512 Immo
795 1484 956 1512 eorum
977 1473 1245 1524 apothecas,
1271 1473 1469 1522 theatra,
1495 1474 1699 1524 pixides,
1724 1485 1930 1525 unguen—

292 1541 415 1581 taria
432 1548 476 1582 et
493 1548 707 1593 portenta
730 1543 775 1582 in
797 1544 948 1583 medio
970 1543 1070 1583 foro
1105 1545 1322 1584 exturbat
1349 1545 1629 1596 evertitque,
1666 1545 1930 1585 concitatis-

295 1623 382 1663 que
403 1624 653 1663 procerum
675 1615 863 1665 animis,
900 1616 1013 1654 urbe
1037 1616 1255 1656 exturbat
1287 1615 1312 1655 ¹.
1346 1615 1430 1655 His
1457 1616 1556 1666 ipse
1588 1622 1632 1655 et
1659 1616 1763 1655 aliis
1790 1617 1928 1667 pluri-

293 1683 394 1733 mis,
426 1695 534 1723 nam
570 1690 613 1724 et
649 1685 944 1725 xenodochia
982 1692 1026 1726 et
1056 1698 1272 1726 carceres
1308 1686 1468 1726 invisit
1496 1686 1570 1726 ille
1601 1686 1745 1736 idem,
1783 1687 1930 1727 divini

290 1754 490 1794 nominis
525 1756 675 1795 zelum
710 1762 920 1796 testatur.
956 1756 1141 1808 Optimo
1167 1757 1303 1809 Jesu,
1336 1757 1467 1797 cuius
1496 1769 1582 1808 ope
1622 1758 1776 1797 omnia
1811 1757 1929 1798 haec

290 1830 531 1876 geruntur,
555 1827 680 1866 laudi
703 1833 746 1866 et
767 1827 947 1877 gloriae
970 1828 1153 1868 cedant.

373 1895 594 1947 Superest
615 1903 662 1936 ut
684 1897 941 1949 Collegium
964 1899 1074 1938 illud
1095 1911 1119 1938 a
1144 1899 1209 1938 Re
1219 1899 1551 1938 verendissimo
1582 1898 1830 1939 Cardinale
1851 1911 1925 1950 pe-

290 1967 449 2007 rusino
471 1974 693 2016 erectum,
712 1968 908 2008 feliciter
929 1980 1127 2020 pergere
1149 1970 1396 2020 intelligas.
1418 1969 1507 2009 Hic
1524 1969 1613 2009 duo
1635 1976 1677 2008 et
1699 1982 1755 2009 ex
1773 1969 1924 2009 Socie-

290 2043 384 2076 tate
407 2037 600 2088 degunt;
625 2040 742 2078 alter
763 2040 1007 2090 sacerdos,
1032 2052 1168 2092 quem
1190 2041 1311 2080 idem
1333 2040 1596 2080 Cardinalis
1625 2052 1804 2080 summo
1832 2047 1923 2081 stu-

289 2107 365 2148 dio
387 2114 430 2148 et
452 2108 694 2160 diligentia
719 2110 835 2150 citra
859 2117 1042 2162 tempus
1064 2117 1334 2151 consuetum
1357 2112 1506 2151 sacris
1528 2111 1701 2150 initiari
1722 2112 1921 2151 curavit.

289 2177 385 2219 Nec
406 2180 550 2230 ipsius
573 2181 780 2220 animum
801 2193 913 2221 sane
935 2181 1061 2222 fallet
1083 2182 1238 2233 opinio
1261 2188 1304 2222 et
1325 2194 1445 2233 spes,
1467 2193 1584 2233 quae
1601 2181 1728 2221 illum
1751 2182 1811 2222 ad
1832 2183 1923 2221 tale

290 2261 406 2300 opus
426 2251 620 2302 impulit.
640 2251 737 2291 Iam
755 2252 878 2291 enim
899 2259 1005 2292 sunt
1028 2253 1203 2304 aliquot
1224 2264 1423 2304 magnae
1441 2253 1781 2303 expectationis
1799 2253 1922 2292 iuve-

287 2332 390 2371 nes,
415 2321 493 2372 qui
513 2327 660 2362 totam
682 2322 933 2362 dioecesim
955 2328 999 2362 et
1021 2323 1167 2363 literis
1190 2329 1234 2363 et
1256 2324 1381 2363 vitae
1412 2323 1643 2374 probitate
1672 2322 1922 2374 aliquando

288 2391 601 2432 illustrabunt.
624 2392 840 2432 Pluribus
861 2393 980 2432 inest
1000 2393 1184 2433 animus
1205 2405 1259 2433 eo
1283 2405 1332 2433 se
1354 2393 1644 2441 conferendi,
1680 2405 1796 2444 quos
1824 2395 1922 2433 sola

288 2463 576 2513 experientia
598 2463 781 2503 docebit
801 2463 930 2515 prius
950 2475 1052 2503 esse
1075 2464 1280 2504 idoneos.
1312 2465 1460 2515 Urget
1491 2464 1731 2515 negotium
1761 2463 1920 2504 Cardi-

288 2534 408 2573 nalis
438 2534 536 2585 ipse
570 2540 615 2574 et
644 2533 1002 2586 Proepiscopus,
1032 2534 1238 2587 nihilque
1268 2536 1428 2586 gregis
1454 2536 1663 2575 universi
1688 2541 1918 2574 restaura-

288 2604 412 2644 tione
441 2605 569 2656 prius
603 2605 755 2645 habet.
788 2604 927 2645 Faxit
963 2617 1170 2645 summus
1204 2606 1303 2657 ipse
1331 2612 1492 2658 pastor
1527 2613 1575 2645 ut
1608 2618 1719 2656 nos,
1751 2605 1919 2656 quibus

287 2674 409 2714 hunc
437 2685 631 2726 gregem
664 2676 936 2726 perusinum
965 2676 1119 2727 aliqua
1153 2688 1211 2716 ex
1240 2683 1372 2728 parte
1399 2677 1584 2716 videtur
1612 2676 1916 2726 commisisse,

286 2744 482 2785 fideliter
501 2757 772 2797 pascamus,
798 2758 994 2797 eumque
1015 2758 1131 2798 quas
1152 2748 1288 2787 unice
1310 2747 1602 2798 amplectitur
1624 2758 1736 2787 oves
1770 2747 1918 2786 solum

341 2931 352 2950 1
393 2930 491 2957 Haud
516 2930 680 2957 exturbat
704 2930 773 2963 hic,
790 2930 847 2957 sed
863 2930 953 2958 aliud
970 2931 1047 2965 quid
1067 2932 1252 2966 scripserat
1273 2931 1462 2966 Augei-ius,
1485 2930 1571 2965 quod
1595 2931 1655 2957 sub
1679 2928 1916 2956 emendatione

288 2975 355 3011 legi
371 2977 496 3011 nequit.
