2080 3392
301 169 372 205 65³.
809 169 1037 207 LITTERAE
1063 181 1421 213 QUADRIMESTRES

297 270 427 303 tanta
463 268 531 303 est
559 264 682 315 apud
710 276 791 304 eos
825 266 1185 307 existimatione.
1224 267 1322 319 Ille,
1362 276 1549 320 praeter
1582 272 1791 314 laborem
1824 287 1927 316 con-

296 334 534 384 cionandi,
559 334 676 374 alios
696 336 852 385 plures
874 337 1089 387 assumit,
1113 338 1252 378 valde
1278 339 1324 378 in
1357 341 1717 383 reconciliandis
1747 344 1824 396 iis,
1860 347 1922 386 in-

295 411 364 444 ter
385 415 501 455 quos
522 405 673 454 iurgia
697 412 741 445 et
763 407 1086 447 contentiones
1105 409 1301 460 reperit,
1326 411 1464 451 Valde
1486 412 1533 451 in
1554 413 1798 454 audiendis
1820 428 1925 457 con-

292 474 570 515 fessionibus
606 476 835 527 elaborat,
873 483 1008 518 nocte
1043 479 1209 531 dieque
1244 481 1523 522 charitatem
1558 494 1691 524 suam
1726 485 1926 537 imperti-

292 552 386 593 tur;
425 546 593 597 quippe
628 547 705 597 qui
735 548 1036 589 vehementer
1065 557 1278 602 exoptat,
1316 552 1354 592 si
1390 552 1478 593 Dei
1498 554 1720 595 beneficio
1751 556 1797 596 id
1830 557 1929 597 fieri

292 616 457 667 possit,
495 617 736 658 civitatem
770 619 892 659 hanc
928 621 1230 672 tranquillam
1264 634 1319 663 ac
1353 635 1471 674 pace
1505 625 1663 665 divina
1699 626 1929 668 fruentem

292 687 568 739 relinquere.
600 688 838 729 Habemus
860 690 953 730 iam
980 692 1177 743 aliquot,
1210 693 1376 744 quibus
1408 695 1455 734 in
1482 696 1637 736 animo
1670 697 1799 738 sedet
1827 711 1929 750 pec-

292 763 397 797 cata
419 758 554 798 fateri
583 759 781 810 singulis
809 762 1066 813 mensibus,
1100 769 1149 803 ut
1180 769 1344 804 contra
1375 766 1651 807 daemonem
1679 769 1828 809 aciem
1859 770 1923 810 in-

291 834 542 879 struamus,
566 837 610 869 et
633 830 947 871 detractiones
968 833 1318 886 labefactemus,
1343 847 1459 886 quas
1480 837 1601 877 idem
1624 838 1670 878 in
1693 840 1825 891 alios,
1850 842 1928 892 qui

290 900 378 939 hoc
399 900 552 951 ipsum
570 901 692 942 intra
715 914 889 943 annum
909 904 1155 955 aliquoties
1181 906 1338 946 facere
1365 916 1727 960 consueuerant,
1756 912 1927 952 machi-

289 976 428 1010 natus
462 978 546 1011 est.
577 972 691 1012 Item
722 979 770 1013 ut
801 974 903 1014 aliis
930 975 1104 1015 timidis
1133 977 1313 1017 animos
1343 990 1674 1031 suggeramus,
1709 993 1799 1032 quo
1831 982 1925 1023 iam

289 1041 447 1081 divina
470 1055 555 1094 ope
578 1044 623 1083 id
643 1044 785 1084 libere
808 1046 1023 1086 audeant.
1056 1047 1274 1088 Mulieres
1295 1049 1388 1088 iam
1417 1061 1512 1090 non
1544 1063 1782 1102 curamus,
1814 1067 1925 1094 nam

289 1118 355 1153 tot
393 1121 498 1153 sunt
537 1114 584 1153 in
623 1115 709 1154 hoc
748 1116 974 1156 exercitio
1010 1118 1230 1158 assiduae
1265 1126 1307 1159 et
1347 1127 1502 1171 erunt,
1540 1121 1640 1162 Deo
1677 1123 1838 1175 dante,
1876 1131 1925 1165 ut

290 1196 451 1224 earum
472 1197 694 1225 numerus
715 1187 970 1236 ignoretur.
995 1187 1091 1228 Nos
1113 1189 1393 1241 hospitalem
1421 1191 1610 1233 domum
1637 1193 1920 1243 habitamus;

288 1255 334 1295 id
355 1256 477 1306 quod
499 1256 642 1308 aliqui
665 1257 893 1298 mirantur
915 1264 958 1298 et
979 1259 1279 1300 sciscitantur
1296 1273 1440 1313 quare
1461 1275 1554 1303 non
1575 1265 1714 1305 aliam
1736 1266 1922 1307 domum

287 1326 554 1367 habitamus
590 1333 668 1367 aut
696 1329 892 1369 alicuius
921 1328 1189 1371 Sacerdotis
1219 1331 1426 1383 hospites
1456 1333 1693 1376 efficimur.
1718 1337 1923 1377 Eleemo-

287 1398 418 1448 synis
439 1405 769 1449 sustentamur,
804 1406 847 1440 et
875 1401 950 1451 qui
978 1401 1093 1441 nihil
1119 1403 1208 1443 nisi
1236 1404 1359 1455 quod
1390 1405 1586 1456 singulis
1614 1406 1776 1448 diebus
1804 1408 1922 1448 suffi-

288 1469 379 1508 ciat
402 1469 681 1520 accipimus,
706 1482 813 1511 cum
843 1472 888 1511 id
917 1472 1162 1523 habemus,
1192 1475 1310 1515 bene
1338 1482 1428 1527 est;
1461 1489 1567 1517 cum
1598 1490 1834 1529 caremuS,
1858 1480 1922 1519 vi-

288 1546 383 1579 tam
406 1546 453 1579 ut
475 1552 724 1591 possumus
755 1543 1025 1583 toleramus.
1055 1544 1418 1597 Eleemosynam
1447 1548 1696 1599 aliquando
1729 1562 1754 1590 a
1781 1551 1922 1591 certis

286 1611 563 1661 quibusdam
596 1613 815 1663 petimus,
846 1626 939 1654 non
967 1627 1049 1666 per
1076 1617 1237 1656 urbem
1274 1618 1501 1670 ostiatim,
1539 1621 1759 1671 quoniam
1787 1622 1834 1661 in
1867 1634 1921 1662 ea

285 1693 334 1720 re
368 1681 720 1722 Misericordiae
753 1683 965 1725 Societas
999 1686 1084 1726 sibi
1122 1687 1340 1728 iniuriam
1376 1689 1473 1729 fieri
1506 1697 1659 1742 putat,
1691 1692 1919 1743 siquidem

283 1751 329 1791 icl
350 1764 407 1791 ne
428 1752 691 1793 faceremus
713 1755 869 1795 multis
890 1757 1106 1806 precibus
1129 1765 1172 1797 et
1195 1758 1282 1798 Dei
1304 1760 1489 1800 nomine
1517 1773 1543 1800 a
1570 1762 1703 1801 nobis
1735 1770 1919 1803 conten-

282 1823 363 1873 dit,
388 1825 550 1864 volens
570 1827 837 1865 necessaria
856 1827 945 1866 oia.
967 1829 1288 1880 suppeditare;
1314 1843 1433 1882 quae
1455 1832 1558 1872 ideo
1576 1834 1916 1885 recusavimus,

281 1906 339 1934 ne
360 1906 618 1945 pauperum
639 1897 760 1936 bona
784 1909 1178 1939 consumeremus.
1203 1900 1448 1952 Reliquum
1470 1909 1539 1942 est
1560 1909 1609 1943 ut
1631 1905 1914 1956 omnipoten-

282 1971 375 2004 tem
397 1965 548 2005 Deum
577 1967 762 2007 assidue
785 1968 1088 2018 deprecemur
1115 1976 1159 2010 et
1185 1982 1334 2022 gram.
1361 1985 1567 2024 oremus,
1598 1986 1689 2025 qua
1716 1976 1919 2025 perfecte

281 2036 403 2076 illius
424 2037 646 2077 mandata
669 2040 849 2090 exequi,
875 2047 918 2079 et
940 2051 1051 2080 suae
1074 2042 1219 2092 ipsius
1240 2044 1468 2099 voluntati
1491 2045 1625 2096 plene
1646 2057 1824 2087 morem
1841 2058 1917 2098 ge—

281 2118 384 2146 rere
405 2108 690 2159 valeamus„

362 2318 614 2371 Postquam
636 2321 756 2362 hanc
780 2324 1167 2374 quadrimestrem
1188 2326 1553 2377 scripseramus,
1579 2328 1719 2368 aliam
1744 2329 1804 2369 ad
1832 2341 1917 2370 nos

282 2390 404 2430 misit
426 2390 547 2431 idem
569 2392 708 2433 Pater
739 2393 904 2434 Petrus
935 2400 1127 2435 sanctae
1149 2397 1324 2445 crucis,
1356 2398 1488 2438 cuius
1515 2399 1624 2438 item
1654 2401 1917 2451 exemplum

281 2461 427 2501 voluit
448 2461 522 2502 Pr.
546 2462 773 2514 Magister
794 2465 946 2505 Miron
967 2471 1016 2505 ut
1037 2471 1081 2505 et
1105 2466 1213 2506 huic
1236 2468 1618 2519 adiungeremus,
1643 2476 1687 2522 et
1708 2470 1767 2510 ad
1787 2477 1915 2511 tuam

279 2531 613 2574 Paternitatem
648 2535 959 2587 mitteremus,
996 2542 1044 2576 ut
1081 2538 1254 2578 certior
1282 2537 1417 2578 fieres
1446 2540 1501 2579 de
1530 2535 1765 2592 omnibus,
1798 2553 1915 2593 quae

280 2603 440 2643 divina
462 2604 645 2644 bonitas
666 2617 747 2656 per
769 2607 909 2646 hosce
930 2606 1094 2647 Patres
1116 2608 1163 2647 in
1185 2620 1239 2648 ea
1262 2609 1376 2648 urbe
1398 2609 1606 2661 perfecit,
1632 2612 1914 2664 quandoqui-

279 2673 384 2713 dem
405 2674 467 2713 illi
489 2675 581 2714 iam
603 2675 708 2715 inde
730 2677 790 2716 ad
811 2688 896 2716 nos
919 2678 1306 2728 commigrarunt.

362 2743 549 2785 “Gratia
578 2753 621 2785 et
656 2758 750 2797 pax
785 2747 877 2787 dni.
908 2748 1058 2787 nostri
1088 2749 1198 2800 Jesu
1225 2749 1300 2789 X.i
1328 2751 1495 2790 animis
1530 2752 1704 2792 nostris
1732 2765 1915 2805 semper

280 2814 403 2854 insit.
430 2815 594 2856 Amen.

361 2884 517 2935 „Nunc
540 2899 608 2938 ea,
639 2887 809 2928 fratres
839 2888 1121 2940 charissimi,
1147 2891 1281 2931 Vobis
1303 2891 1375 2932 his
1403 2892 1548 2933 literis
1571 2894 1908 2946 enarrabimus,

278 2966 396 3005 quae
417 2956 574 2997 divina
596 2958 781 2998 bonitas
802 2966 905 3010 post
927 2960 1024 3010 illa,
1055 2972 1175 3011 quae
1203 2962 1521 3012 superioribus
1547 2963 1707 3004 diebus
1741 2965 1800 3005 ad
1826 2977 1910 3005 Vos
