2080 3392
325 208 395 244 550
836 207 1062 246 LITTERAE
1089 220 1448 253 QUADRIMESTRES

330 304 654 344 drimestribus
676 305 1064 358 bimestribusque
1087 308 1478 363 confessionibus,
1497 321 1613 360 quas
1630 311 1765 351 nobis
1780 311 1960 354 faciunt

331 375 489 414 devoti
512 381 699 415 nostrae
720 374 992 428 Societatis,
1016 378 1071 417 de
1093 378 1241 418 tribus
1262 379 1337 419 hic
1358 386 1540 420 tantum
1568 382 1865 431 generalibus
1892 383 1957 423 fa-

333 446 453 485 ciam
490 447 786 487 mentionem.
824 447 981 488 Prima
1012 448 1097 488 fuit
1123 447 1404 499 juvenculae
1434 450 1700 502 cujusdam,
1732 464 1881 493 annos
1911 453 1959 493 18

329 516 514 556 circiter
534 523 695 569 natae,
720 520 872 559 adhuc
893 520 1135 571 innuptae:
1160 532 1278 572 quae
1300 528 1433 573 turpe
1452 523 1641 573 vitium,
1664 534 1769 562 cum
1786 523 1957 574 juvene

329 588 531 638 quodam
553 600 579 628 a
602 589 908 640 quadriennio
931 591 1246 642 commissum,
1271 593 1373 632 aliis
1391 605 1504 644 prae
1521 593 1700 644 pudore
1719 606 1957 646 nunquam

331 671 445 698 ausa
481 666 550 699 est
578 660 797 712 detegere
828 661 1144 702 confessariis.
1178 662 1293 703 Cum
1324 669 1480 704 autem
1514 664 1569 704 de
1603 665 1811 716 periculo
1845 677 1959 706 suae

331 730 644 771 damnationis
670 737 889 772 aeternae
909 745 993 773 nos
1016 745 1118 773 eam
1139 733 1334 774 fecimus
1362 735 1618 783 consciam,
1648 735 1688 775 si
1713 742 1959 786 peccatum

330 801 518 852 aliquod
550 802 752 842 scienter
780 803 827 843 in
858 803 1151 844 confessione
1186 810 1383 855 taceret,
1422 806 1579 845 statim
1606 807 1748 846 multo
1782 807 1960 858 pudore

331 872 662 924 lachrimisque
683 874 872 925 perfusa
890 876 1090 915 celatum
1122 875 1224 914 aliis
1254 876 1431 916 crimen
1460 888 1565 916 cum
1593 877 1805 917 omnibus
1835 884 1959 918 ante—

331 949 464 983 actae
499 944 626 984 vitae
663 956 775 985 suae
801 946 1009 997 peccatis
1044 947 1166 998 apud
1187 958 1272 986 nos
1299 953 1368 987 est
1396 947 1624 988 confessa.
1655 947 1816 988 Altera
1838 948 1961 989 idem

330 1014 506 1055 fecerat
527 1016 715 1066 mulier,
741 1016 821 1056 sed
844 1015 1018 1057 Christi
1037 1017 1192 1067 gratia
1223 1017 1437 1057 confessa
1470 1025 1540 1058 est
1570 1019 1704 1058 nobis
1734 1019 1959 1070 generali-

332 1093 415 1126 ter.
454 1086 653 1137 Quidam
688 1087 830 1127 etiam
864 1094 1098 1128 mercator
1127 1088 1297 1128 abhinc
1327 1089 1513 1128 circiter
1541 1089 1786 1129 duodecim
1808 1090 1957 1140 annis,

331 1165 427 1198 tum
458 1158 580 1209 quod
614 1170 726 1210 prae
754 1158 931 1210 pudore
953 1160 1243 1200 teterrimum
1265 1160 1499 1211 quoddam
1525 1161 1690 1200 vitium
1715 1161 1762 1200 in
1784 1160 1960 1202 confes-

336 1230 465 1270 sione
499 1241 738 1282 nunquam
773 1230 1034 1281 detexerat,
1074 1243 1178 1271 cum
1213 1231 1354 1271 etiam
1384 1232 1507 1283 quod
1533 1238 1724 1283 propter
1746 1232 1836 1272 alia
1857 1244 1960 1283 pec-

335 1308 442 1342 cata
462 1302 628 1342 merito
652 1308 905 1353 angeretur
927 1302 1106 1351 animo,
1135 1304 1401 1354 generalem
1440 1309 1484 1342 et
1517 1303 1615 1354 ipse
1644 1302 1753 1343 fecit
1785 1303 1962 1343 confes-

330 1374 523 1414 sionem.
542 1374 585 1414 Is
602 1373 914 1424 quadraginta
930 1374 1116 1413 circiter
1141 1374 1418 1414 ducatorum
1441 1374 1723 1414 restitutioni
1745 1386 1851 1414 cum
1882 1374 1958 1414 ob-

331 1445 499 1485 noxius
520 1444 652 1490 foret,
679 1445 899 1496 quoniam
915 1450 958 1485 et
974 1445 1211 1496 praesenti
1229 1451 1271 1485 et
1290 1457 1383 1485 non
1399 1445 1634 1496 praesenti
1650 1445 1848 1496 pecunia
1864 1446 1961 1496 plu-

334 1517 397 1556 ris
420 1527 570 1567 aequo
593 1527 775 1556 merces
797 1515 1024 1567 quasdam
1045 1515 1275 1565 vendidit,
1300 1516 1465 1567 quibus
1487 1522 1556 1556 est
1577 1515 1777 1565 debitor,
1806 1516 1961 1555 omnia

330 1588 564 1638 pollicitus
587 1593 656 1627 est
679 1587 1025 1637 restituturum3
1050 1587 1096 1627 id
1119 1587 1241 1639 quod
1261 1588 1414 1637 brevi,
1437 1599 1494 1627 ne
1521 1588 1566 1627 in
1588 1587 1716 1627 libris
1738 1587 1836 1639 ejus
1857 1599 1962 1627 cum

321 1659 510 1708 ,multis,
535 1659 703 1710 quibus
733 1659 831 1710 ipse
855 1664 923 1698 est
951 1658 1153 1708 debitor,
1178 1665 1437 1710 appareant
1461 1659 1714 1709 debitores,
1745 1659 1965 1710 quicquid

328 1736 515 1781 praeter
539 1742 739 1781 aequum
762 1730 969 1770 ablatum
991 1735 1082 1780 est,
1106 1730 1271 1770 iisdem
1291 1731 1510 1770 remittet.
1534 1729 1670 1770 Alius
1687 1730 1875 1782 quidam
1890 1730 1964 1770 vir

333 1813 415 1852 per
436 1801 717 1841 monachum
739 1802 1008 1853 quemdam,
1035 1802 1143 1842 olim
1165 1813 1299 1841 suum
1322 1801 1680 1851 confessarium,
1702 1813 1757 1841 ac
1775 1813 1858 1853 per
1874 1813 1962 1852 me,

337 1884 455 1923 quos
477 1873 733 1912 abstulerat
756 1873 876 1912 clam
897 1872 1011 1912 hero
1035 1884 1140 1923 suo,
1165 1873 1332 1923 viginti
1363 1873 1559 1913 ducatos
1581 1873 1803 1922 restituit;
1827 1872 1965 1923 idque

330 1943 507 1983 factum
534 1950 625 1994 est,
650 1948 901 1994 postquam
929 1943 1052 1994 apud
1079 1955 1165 1983 nos
1196 1943 1347 1995 coepit
1375 1943 1598 1983 confiteri.
1628 1943 1785 1983 Alium
1811 1954 1964 1994 quem—

330 2015 438 2054 dam
473 2015 519 2054 in
556 2015 654 2054 dies
689 2026 867 2063 moror,
900 2014 978 2065 qui
1000 2014 1305 2054 ducentorum
1326 2014 1603 2054 ducatorum
1627 2020 1670 2054 et
1692 2025 1746 2053 eo
1769 2014 1967 2065 amplius

332 2086 545 2136 promisit
562 2085 722 2125 facere
739 2085 1102 2135 restitutionem,
1123 2097 1178 2125 ac
1198 2085 1313 2125 dixit
1329 2085 1441 2124 mihi
1463 2086 1585 2136 quod
1603 2085 1699 2125 ruri
1716 2085 1967 2136 quamdam

332 2156 607 2205 ecclesiam,
631 2155 727 2196 fere
750 2154 848 2206 jam
869 2156 1072 2195 dirutam
1094 2168 1149 2195 ac
1180 2157 1319 2196 nimis
1354 2156 1597 2207 exiguam,
1635 2167 1694 2195 ex
1719 2155 1968 2195 devotione

335 2234 403 2267 est
424 2227 792 2276 instauraturus,
815 2233 864 2267 ut
888 2227 1151 2267 satisfaciat
1176 2227 1491 2267 conscientiae
1520 2238 1632 2267 suae
1660 2238 1753 2278 pro
1774 2226 1968 2266 sublatis

333 2298 472 2338 rebus
493 2299 713 2348 incertis,
737 2299 783 2338 in
808 2310 900 2349 qua
922 2298 1265 2338 instauratione
1286 2304 1522 2338 trecentos
1542 2297 1639 2338 fere
1668 2297 1863 2337 ducatos
1893 2309 1969 2337 ex-

334 2369 501 2420 pendet
519 2381 527 2419 ;
547 2368 772 2420 juxtaque
794 2380 950 2409 meum
967 2369 1212 2408 consilium
1233 2370 1497 2420 expostulat
1517 2369 1721 2408 animam
1739 2379 1872 2408 suam
1887 2379 1968 2419 gu-

335 2440 546 2479 bernari:
571 2446 809 2480 caeterum
830 2451 888 2479 ne
911 2440 1168 2490 improvisa
1191 2446 1340 2479 morte
1373 2440 1673 2491 corripiatur,
1704 2451 1759 2478 ac
1786 2445 1967 2490 propte-

337 2522 417 2550 rea
438 2522 697 2562 pauperes,
726 2509 826 2560 ejus
848 2510 1125 2560 creditores,
1150 2522 1233 2550 suo
1257 2510 1541 2550 frustrentur
1562 2510 1761 2560 credito,
1790 2510 1969 2549 interea

338 2582 447 2621 dum
470 2594 496 2621 a
516 2580 600 2621 fre.
634 2581 781 2632 exigit
801 2592 1037 2629 nummos,
1063 2581 1333 2621 schedulam
1354 2593 1494 2620 manu
1517 2592 1600 2620 sua
1618 2581 1841 2632 scriptam
1857 2580 1970 2620 mihi

339 2652 660 2702 consignavit,
703 2663 793 2703 qua
827 2664 875 2691 se
905 2651 1090 2691 illorum
1121 2663 1222 2691 esse
1258 2652 1514 2691 debitorem
1555 2651 1884 2691 confitebatur:
1920 2657 1970 2690 ut

338 2724 522 2773 expleto
547 2729 754 2773 tempore
776 2722 865 2762 sibi
889 2734 915 2762 a
938 2733 1009 2762 me
1030 2722 1254 2773 praefixo,
1272 2722 1363 2762 nisi
1378 2723 1528 2773 primo
1545 2722 1670 2762 facta
1686 2721 1823 2761 fuerit
1839 2722 1969 2761 resti-

339 2793 455 2833 tutio
478 2794 525 2832 in
547 2805 714 2833 manus
741 2805 1000 2844 pauperum
1028 2793 1090 2832 ibi
1116 2793 1528 2841 nominandorum,
1553 2792 1664 2832 mihi
1685 2792 1822 2832 liceat
1843 2793 1970 2832 sche—

342 2862 498 2903 dulam
522 2864 672 2914 ipsam
693 2864 759 2903 eis
782 2863 982 2903 tradere.

420 2934 471 2973 In
493 2935 652 2975 ultimo
671 2934 875 2986 jubilaeo
897 2940 994 2974 tam
1015 2934 1234 2986 frequens
1257 2934 1316 2974 ad
1337 2940 1547 2974 nostram
1569 2934 1815 2974 ecclesiam
1834 2933 1968 2974 confi—

341 3005 471 3044 tendi
492 3005 645 3055 gratia
673 3011 938 3045 accesserat
973 3006 1193 3056 populus,
1231 3011 1280 3045 ut
1312 3016 1338 3044 a
1376 3016 1470 3053 me,
1508 3005 1585 3055 qui
1619 3017 1703 3056 pro
1738 3003 1974 3044 Societate
