2080 3392
826 189 909 225 Au.
942 189 1034 227 1553
1692 191 1759 227 177

110 287 317 341 perutile
337 291 437 327 tum
458 290 580 326 certe
601 286 922 326 necessarimm
940 290 990 325 ut
1011 297 1171 326 omnes
1195 285 1328 327 ultra
1349 292 1535 338 semper
1551 293 1757 338 progre-

118 360 327 400 diantur.
351 356 533 409 Reliqui
549 357 735 407 fratres,
757 357 834 409 qui
851 357 959 397 huic
976 357 1173 398 docendi
1192 358 1374 398 muneri
1391 370 1485 398 non
1502 364 1608 398 sunt
1626 370 1756 410 prae-

118 431 242 480 fecti,
267 429 484 481 quamvis
505 428 803 480 implicantur
826 428 1097 468 domesticis
1126 429 1287 481 rebus,
1322 442 1415 470 non
1442 437 1600 470 tamen
1627 442 1760 482 prae-

118 501 376 543 termittunt
396 499 775 540 christianorum
796 499 1161 540 institutionem.
1185 501 1370 541 Etenim
1397 502 1457 552 is,
1483 502 1561 554 qui
1582 513 1658 542 res
1685 514 1760 542 ne-

119 572 349 613 cessarias
389 571 499 611 emit
521 604 528 622 ,
573 572 694 611 inter
737 571 1110 622 comparandum
1153 584 1345 623 operam
1387 573 1466 613 dat
1513 580 1761 625 quaestum

120 644 310 696 spiritus
331 643 503 693 facere,
527 642 786 682 adhortans
804 642 923 692 illos,
944 654 971 681 a
990 643 1157 694 quibus
1175 644 1285 694 quid
1302 646 1427 694 emit,
1446 648 1489 684 et
1506 644 1565 684 ad
1582 645 1761 685 confes-

119 717 298 757 sionem
319 722 363 755 et
385 715 447 754 ad
475 714 690 766 officium
718 717 761 754 et
789 714 1027 755 virtutem:
1060 726 1153 766 qua
1181 715 1367 766 quidem
1395 723 1495 756 arte
1525 717 1572 756 in
1599 717 1763 768 primis

119 790 420 828 extruuntur
441 785 566 826 etad
587 785 636 825 id
668 785 904 837 agendum
932 786 1246 837 impelluntur.
1278 787 1404 827 Idem
1432 788 1597 837 frater,
1627 789 1764 828 simul

118 864 258 910 atque
281 858 327 898 in
349 858 471 897 hanc
493 857 657 898 urbem
684 857 984 906 advenimUS‚
1009 858 1205 909 patienti
1235 865 1279 898 et
1307 860 1455 900 alacri
1482 860 1637 899 animo
1668 861 1764 911 plu-

123 930 241 970 rima
263 929 513 969 maledicta
534 934 579 968 et
611 928 919 968 contumelias
952 929 999 968 in
1026 929 1116 969 viis
1142 930 1352 980 pertulit,
1387 931 1544 981 quoad
1571 943 1654 970 sua
1686 943 1763 983 pa-

122 1001 284 1042 tientia
307 1012 390 1040 ora
412 1000 782 1040 obtrectatorum
803 1001 1014 1040 occlusit.
1039 1000 1181 1040 Alius
1202 1012 1306 1041 cum
1328 1001 1481 1041 tribus
1499 1006 1764 1053 quatuorve

123 1071 413 1112 distineatur
440 1070 712 1111 domesticis
741 1071 944 1122 officiis,
975 1084 1028 1111 ea
1056 1076 1214 1112 tamen
1249 1077 1469 1113 accurate
1502 1077 1546 1113 et
1573 1074 1765 1113 noneste

119 1147 287 1184 tuetur
307 1146 350 1182 et
372 1142 517 1193 gerit.
549 1142 884 1193 Unusquisque
905 1144 1245 1184 consuetudine
1266 1148 1309 1184 et
1331 1144 1628 1185 humanitate
1656 1150 1767 1196 pro-

121 1215 286 1255 ximos
308 1214 552 1254 devinctos
573 1217 616 1253 et
637 1217 890 1254 extructos
910 1218 1067 1254 tenere
1095 1219 1310 1256 conatur.
1337 1216 1434 1256 Iam
1466 1228 1578 1256 vcro
1607 1228 1768 1256 omnes

126 1287 172 1326 in
194 1286 353 1335 literis,
379 1285 595 1337 quamvis
616 1285 664 1325 in
686 1285 789 1325 aliis
812 1286 951 1325 rebus
973 1285 1192 1337 impediti
1213 1287 1313 1327 sint
1328 1320 1339 1338 ,
1357 1288 1583 1338 fructum
1612 1292 1769 1328 tamen

117 1357 327 1408 faciunt.
351 1356 448 1396 Alii
468 1356 626 1396 latinis
648 1362 692 1396 et
709 1357 910 1407 graecis,
932 1358 1010 1397 alii
1026 1359 1184 1398 latinis
1201 1365 1383 1399 tantum
1401 1360 1602 1410 student,
1622 1360 1770 1411 iisque

128 1440 212 1481 pro
225 1428 405 1468 viribus
420 1439 468 1468 se
482 1434 718 1468 exercent.
738 1427 872 1479 Quod
887 1435 1043 1469 autem
1056 1436 1238 1481 spectat
1255 1431 1574 1472 adnumerum
1591 1443 1767 1481 eorum,

131 1499 208 1551 qui
229 1499 303 1539 hic
327 1499 526 1550 agimus
551 1498 693 1539 iidem
714 1511 978 1548 manemus,
1002 1501 1080 1551 qui
1103 1513 1130 1540 a
1151 1508 1216 1552 te,
1248 1501 1407 1553 Pater,
1438 1502 1609 1543 fuimus
1642 1503 1771 1543 missi

131 1574 184 1610 ut
211 1570 296 1610 lzoc
328 1569 592 1621 Collegium
610 1570 955 1620 fundaremus.
985 1571 1240 1623 Speramus
1268 1579 1423 1614 tamen
1452 1575 1585 1614 brevi
1615 1586 1770 1615 nume-

133 1654 235 1682 rum
269 1641 551 1693 augendum.
589 1642 777 1681 Etenim
810 1646 881 1682 est
915 1643 1191 1684 adolescens
1218 1645 1409 1696 quidam
1437 1646 1778 1697 duodeviginti

134 1724 287 1753 annos
308 1716 470 1764 natus,
492 1713 576 1764 qui
592 1725 694 1753 sese
713 1714 762 1753 in
784 1714 871 1754 liac
892 1715 1123 1755 Societate
1159 1717 1345 1757 Christo
1375 1721 1526 1757 totum
1553 1718 1773 1767 tradidit,

135 1784 512 1824 necessariorum
541 1796 768 1835 assensu,
797 1789 936 1837 atque
964 1787 1104 1827 etiam
1126 1792 1269 1839 pater
1295 1789 1397 1828 eius
1425 1790 1488 1829 ad
1516 1801 1602 1829 nos
1631 1790 1772 1829 leomi-

136 1867 238 1896 nem
267 1856 477 1896 adduxit
510 1860 563 1896 ut
593 1856 643 1896 in
680 1856 957 1897 Societatem
994 1859 1359 1900 adscriberetur.
1405 1861 1650 1901 Caeterum
1681 1873 1774 1901 nou

135 1927 425 1978 adiungitur
445 1928 507 1966 ad
528 1939 633 1979 nos,
649 1928 939 1980 priusquam
960 1930 1062 1969 eius
1079 1931 1350 1972 constantia
1362 1938 1452 1983 per
1468 1933 1656 1984 aliquos
1677 1933 1776 1972 dies

136 2002 374 2038 cernatur.
406 1999 588 2038 Paucis
617 2003 776 2039 tamen
810 2001 977 2040 ablu'nc
1005 2002 1167 2042 diebus
1201 2004 1421 2044 adveniet
1451 2008 1503 2044 ut
1536 2004 1775 2044 nobiscum

137 2074 275 2121 agat:
297 2070 635 2121 grammaticis
657 2075 727 2111 est
748 2072 957 2112 imbutus
979 2085 1033 2113 ac
1053 2076 1337 2125 parentibus
1366 2076 1580 2116 honestis
1609 2080 1652 2116 et
1680 2080 1775 2116 stu-

143 2141 292 2181 diosis
313 2145 468 2182 ortus.
1032 2199 1036 2203 ὓ

219 2212 351 2253 Satis
373 2213 525 2253 multa
547 2213 712 2254 videor
731 2215 987 2266 scripsisse
1008 2218 1063 2256 de
1085 2218 1553 2269 nostrisfratribus,·
1571 2232 1693 2260 nunc
1709 2232 1776 2260 re-

141 2284 316 2335 liquum
338 2291 406 2324 est
428 2291 475 2324 ut
497 2285 661 2336 paucis
684 2292 727 2326 te
751 2287 999 2328 certiorem
1029 2288 1203 2330 faciam
1224 2297 1323 2330 tum
1345 2291 1400 2330 de
1422 2292 1665 2331 literarum
1687 2299 1776 2331 stu-

142 2355 230 2395 diis
250 2361 348 2395 tum
370 2356 425 2395 de
448 2356 757 2408 scholasticis,
783 2359 861 2410 qui
877 2361 1423 2412 nostramsrequentant
1440 2363 1664 2403 scholam.
1684 2362 1778 2402 Pri-

144 2437 270 2466 mum
291 2427 434 2478 igitur
456 2427 560 2467 dico
582 2439 830 2469 numerum
850 2431 1169 2473 studiosorum
1190 2434 1237 2473 in
1259 2441 1459 2485 quatuor
1481 2434 1779 2475 distributum

144 2508 246 2537 esse
268 2498 457 2548 classes,
478 2505 522 2538 et
539 2499 586 2539 in
603 2500 799 2551 singulis
816 2513 918 2542 esse
936 2504 1215 2544 constitutos
1230 2513 1577 2557 praeceptores,
1599 2507 1780 2558 quipro

145 2568 481 2620 discipulorum
502 2569 696 2620 iugenio
718 2573 942 2614 lectiones
963 2574 1147 2615 liabent.
1172 2576 1233 2615 In
1249 2577 1411 2627 prima
1433 2577 1585 2617 classe
1600 2589 1665 2617 ex
1683 2577 1781 2618 lite-

147 2639 216 2678 ris
237 2639 365 2679 lzaud
386 2641 637 2681 mediocris
658 2644 927 2695 percipitur
944 2646 1163 2696 fructus.
1194 2648 1500 2688 Exercentur
1524 2649 1574 2688 in
1604 2655 1783 2701 compo-

147 2711 314 2750 nendis
335 2711 658 2763 orationibus,·
688 2727 858 2767 easque
884 2718 1137 2758 memoriae
1162 2720 1507 2771 commendare,
1542 2724 1594 2760 ut
1623 2721 1784 2761 diebus

139 2782 288 2832 festis
322 2784 451 2835 apud
486 2785 829 2827 commilitones
855 2789 1074 2841 habeant,
1109 2791 1356 2842 incipiunt.
1386 2792 1610 2832 Aliarum
1644 2795 1785 2835 etiam

150 2852 375 2894 classium
396 2855 607 2895 studiosi
623 2856 829 2898 ulterius
849 2861 1264 2911 progrediuntur,
1291 2867 1334 2902 et
1360 2864 1532 2915 paucis
1559 2870 1668 2907 ante
1698 2867 1787 2907 die-

151 2923 236 2963 bus
256 2925 521 2966 exemimus
541 2927 694 2967 decem
716 2929 884 2970 tertiae
904 2930 1078 2971 classis
1095 2936 1138 2972 et
1154 2933 1204 2972 in
1221 2935 1476 2975 secundam
1495 2938 1788 2988 redegimus:

149 2995 308 3034 eodem
330 2997 494 3037 ordine
516 2999 748 3049 quosdam
769 3003 1002 3042 secundae
1022 3003 1071 3042 iu
1092 3003 1299 3054 primam
1322 3007 1589 3048 retulimus.
1618 3010 1789 3049 Omnes

347 3072 395 3108 T.
417 3085 458 3108 Π.
1539 3095 1575 3118 12
