2080 3392
297 176 361 215 182
481 220 489 224 ἱ
800 175 1025 211 LITTERAE
1052 185 1412 215 QUADRIMESTRES

972 554 1241 608 GGLXII

357 788 565 825 Nicolaus

407 852 475 889 Ex
494 852 815 889 commissione
835 853 979 890 Patris
999 853 1161 890 Leonis
1182 853 1421 900 Enriquez,

450 918 572 956 Patri
590 917 761 965 Ignatio
781 918 833 955 de
852 918 1036 965 Loyola.

498 983 796 1028 Conimbrica,
816 983 862 1020 29
881 983 1141 1020 Decembris
1165 983 1256 1020 1553
1274 983 1299 1018 ¹.

976 1191 1098 1231 Ihus.
1131 1191 1216 1231 M.a

359 1405 457 1445 Pax
480 1403 553 1444 X.i
582 1405 640 1445 s-it
663 1416 846 1456 semper
870 1405 1128 1445 nobiscum.
1153 1404 1320 1445 Amen.

357 1474 641 1526 Scripturus‚
665 1481 798 1527 pater
820 1476 867 1515 in
888 1475 970 1515 X.0
988 1475 1295 1526 observande,
1320 1487 1439 1527 quae
1460 1475 1674 1526 proximo
1697 1475 1785 1515 hoc
1802 1487 1907 1526 qua-

277 1547 511 1587 drimestri
530 1558 613 1598 per
632 1559 718 1586 nos
738 1546 812 1586 hic
834 1546 1062 1586 Dominus
1083 1547 1193 1597 egit,
1217 1546 1273 1586 de
1293 1546 1349 1586 iis
1369 1546 1590 1598 primum,
1614 1558 1733 1598 quae
1754 1547 1813 1586 ad
1834 1546 1910 1587 do-

278 1618 495 1657 mesticos
516 1618 771 1668 pertinent,
795 1617 949 1657 dicere
971 1617 1240 1668 aggrediar3
1260 1617 1337 1668 qui
1352 1628 1512 1657 omnes
1529 1617 1575 1657 in
1593 1629 1773 1657 summa
1795 1629 1910 1668 pace

277 1688 510 1739 animique
531 1688 683 1739 quiete
703 1689 883 1738 vivunt,
908 1694 1005 1728 tum
1027 1688 1330 1738 orationibuS,
1354 1694 1453 1728 tum
1469 1688 1571 1727 aliis
1592 1688 1909 1739 spiritualibus

276 1759 510 1799 exercitiis
532 1759 711 1809 intenti,
736 1759 982 1810 multisque
1004 1760 1051 1799 in
1073 1759 1171 1799 dies
1191 1759 1441 1799 virtutibus
1469 1764 1715 1810 augentur,
1739 1759 1908 1799 mirum

276 1831 322 1870 in
341 1829 530 1870 modum
560 1830 618 1870 ad
650 1830 695 1870 id
725 1829 1056 1881 adjuvantibus
1083 1831 1257 1881 regulis
1285 1836 1423 1882 atque
1453 1830 1859 1870 constitutionibus
1881 1842 1907 1870 a

275 1901 323 1940 P.
356 1901 644 1952 Hieronymo
679 1901 835 1941 Natali
863 1913 1044 1941 summa
1073 1913 1178 1941 cum
1209 1901 1416 1941 omnium
1448 1908 1491 1941 et
1520 1901 1843 1953 expectatione
1864 1907 1910 1940 et

274 1972 450 2012 laetitia
472 1973 623 2012 editis.
655 1972 817 2012 Itidem
841 1973 980 2012 etiam
1002 1973 1079 2024 qui
1106 1972 1153 2012 in
1175 1972 1311 2012 domo
1331 1972 1621 2024 probationis
1642 1978 1906 2023 versantur,

274 2042 521 2094 proficiunt
543 2055 726 2094 semper
748 2043 794 2082 in
815 2043 1033 2093 Domino3
1058 2055 1253 2094 cumque
1274 2044 1417 2083 multa
1440 2044 1486 2083 in
1504 2044 1592 2083 illis
1609 2043 1712 2095 jure
1734 2043 1907 2095 optimo

276 2113 459 2153 laudem
486 2120 770 2164 mereantur,
806 2114 1069 2153 constantia
1099 2115 1376 2165 praesertim
1407 2114 1788 2166 confirmatioque
1815 2113 1907 2153 ani-

274 2184 336 2223 mi
353 2185 399 2223 in
421 2185 509 2224 hoc
542 2191 702 2224 nostro
731 2185 856 2224 vitae
879 2185 1091 2224 instituto
1122 2184 1357 2224 laudanda
1384 2191 1467 2225 est.
1497 2184 1639 2225 Pares
1666 2185 1712 2224 in
1742 2185 1908 2224 litteris

274 2266 553 2305 progressus
574 2255 752 2295 faciunt
775 2255 1018 2295 domestici
1035 2256 1317 2306 scholastici,
1342 2267 1480 2307 quam
1498 2255 1555 2295 ad
1572 2267 1670 2296 rem
1687 2267 1909 2307 magnum

276 2326 323 2366 P.
353 2325 669 2377 Hieronymus
704 2326 885 2366 Natalis
920 2325 1236 2378 adjumentum
1272 2326 1547 2377 (studiorum
1577 2327 1772 2377 ratione,
1811 2338 1838 2366 a
1864 2332 1908 2366 te

274 2397 542 2446 constituta,
567 2397 702 2436 nobis
724 2396 966 2446 tradenda)
990 2397 1157 2436 attulit.
1180 2397 1252 2437 Ac
1273 2398 1473 2449 primum
1494 2398 1571 2446 illi,
1596 2398 1762 2449 quibus
1783 2397 1908 2437 domi

274 2466 542 2506 dialectices
563 2467 939 2518 praelegebatur,
969 2467 1015 2506 in
1038 2469 1274 2508 communi
1301 2468 1505 2508 civitatis
1531 2469 1781 2520 gymnasio
1803 2480 1905 2508 eam

274 2538 435 2577 audire
467 2536 600 2588 jussi,
639 2544 799 2578 tantos
835 2538 881 2577 in
912 2538 1012 2589 ipsa
1042 2550 1322 2589 progressus
1347 2539 1525 2579 faciunt
1553 2545 1601 2579 ut
1628 2545 1671 2579 et
1702 2539 1907 2579 externis

274 2608 604 2658 condiscipulis
627 2608 928 2648 admirationi
959 2609 1050 2648 sint
1079 2615 1123 2649 et
1149 2615 1507 2661 praeceptorum
1527 2610 1666 2660 longe
1686 2616 1906 2661 superent

274 2678 662 2730 expectationem.

355 2749 673 2800 Condiscipuli
696 2750 882 2801 quidem
904 2750 1135 2791 affirmare
1156 2752 1342 2803 saepius
1363 2763 1455 2791 non
1483 2752 1694 2792 dubitant
1720 2752 1903 2803 peritio-

330 2883 338 2903 1
380 2883 662 2919 Autographum,
679 2885 803 2919 duplici
825 2885 857 2912 in
872 2885 962 2919 folio,
986 2893 1016 2913 n.
1038 2885 1203 2913 ama—Est
1219 2890 1251 2913 et
1266 2887 1500 2921 apographum
1520 2887 1644 2922 duplici
1663 2888 1743 2915 item
1758 2888 1791 2915 in
1812 2889 1903 2923 folio,

274 2939 303 2957 n.
319 2930 381 2963 453,
401 2931 487 2964 quod
503 2931 545 2957 ab
561 2932 776 2965 autographo
792 2932 825 2959 in
840 2932 1058 2967 quibusdam,
1082 2934 1161 2960 licet
1183 2941 1246 2960 non
1262 2934 1375 2968 magni
1391 2935 1549 2962 momenti
1565 2935 1689 2962 differt.
1705 2935 1771 2969 Ea,
1789 2936 1820 2963 in
1836 2937 1904 2970 qui-

274 2979 335 3004 bus
352 2978 477 3010 differt,
493 2979 626 3011 quando
641 2979 770 3013 aliquid
785 2979 944 3007 utilitatis
959 2980 1143 3014 habebunt,
1160 2981 1201 3008 ad
1216 2982 1360 3015 paginae
1376 2983 1505 3009 calcem
1520 2983 1761 3010 describemus.
