2080 3392
318 209 388 247 532
828 208 1056 245 LITTERAE
1084 219 1441 251 QUADRIMESTRES

319 305 689 346 confessionibus
721 304 901 344 fructus
934 303 1027 344 R.di
1049 303 1176 344 Pres.
1206 306 1355 344 nostri
1389 306 1697 357 collegerunt,
1734 308 1848 348 nihil
1882 319 1953 349 est

318 377 441 428 quod
462 382 749 426 repetamus,
774 375 880 414 licet
902 375 1062 414 divina
1083 376 1239 426 gratia
1259 375 1431 416 fuerint
1452 377 1649 428 copiosi;
1670 377 1809 418 iidem
1829 380 1953 420 enim

317 455 450 497 sunt,
475 458 591 497 quos
613 457 753 497 saepe
776 446 1064 497 scripsimus.
1089 446 1165 486 Ad
1187 446 1444 486 audiendas
1464 447 1753 488 infirmorum
1776 449 1949 490 confes-

319 519 474 557 siones
495 522 803 557 accersuntur
825 517 1113 568 saepissime.
1138 517 1240 568 Qua
1262 518 1309 557 in
1329 529 1379 557 re
1400 519 1865 569 praetermittendum
1888 521 1949 571 (li—

316 596 393 629 cet
415 589 618 629 maxime
639 588 869 638 festinem)
890 599 1187 640 nequaquam
1208 589 1415 639 videtur,
1441 589 1562 640 quod
1584 590 1694 640 duo,
1719 591 1792 630 vir
1815 592 1948 641 alter,

317 662 465 701 altera
487 660 711 710 foemina,
735 660 864 699 fluxu
886 660 1151 711 sanguinis,
1177 671 1283 700 cum
1313 672 1367 699 eo
1399 661 1733 711 colloquentes,
1763 662 1839 712 qui
1870 674 1948 702 eos

316 732 580 782 audiuerat,
604 731 787 771 liberati
810 737 931 771 sunt.
955 730 1136 771 Horum
1152 743 1265 770 vero
1282 732 1409 782 prior
1426 743 1480 771 eo
1498 732 1770 782 deuenerat,
1791 739 1839 772 ut
1856 733 1949 773 iam

314 804 492 844 nullum
515 815 541 842 a
563 802 757 842 medicis
778 803 1037 842 remedium
1066 803 1263 854 (experti
1290 802 1412 842 enim
1437 803 1622 843 fuerant
1649 815 1767 854 quae
1793 810 1947 854 potue-

313 875 433 924 rant)
458 874 666 914 adhiberi
688 885 827 925 posse
848 873 1102 914 videretur.

390 945 638 986 Societatis
659 951 848 985 nostrae
863 944 1197 995 ingrediendae
1219 944 1448 984 desiderio
1465 944 1672 996 plerique
1694 951 1792 985 tum
1814 947 1946 986 scho-

311 1017 464 1057 lastici
484 1023 581 1057 tum
604 1016 798 1056 alterius
818 1016 1005 1066 generis
1033 1016 1354 1055 adolescentes
1382 1021 1611 1055 tenentur.
1642 1015 1822 1056 Horum
1850 1018 1945 1068 qui-

311 1089 418 1128 dam
440 1088 625 1139 saepius
646 1088 769 1126 latae
791 1088 1005 1138 repulsae
1033 1087 1301 1138 impatienS,
1326 1092 1490 1126 sancto
1515 1086 1701 1126 fervore
1719 1098 1944 1128 accensus

309 1159 579 1210 collegium,
618 1158 812 1209 decepto
841 1158 1059 1206 ianitore,
1091 1157 1304 1207 intrauit;
1329 1168 1526 1208 cumque
1548 1169 1602 1197 ea
1631 1157 1704 1197 die
1732 1157 1945 1198 detentus

314 1230 389 1270 Pr.
428 1229 705 1281 quibusdam
738 1229 960 1279 negotiis,
998 1236 1042 1268 et
1071 1240 1175 1269 cum
1207 1241 1260 1268 eo
1287 1228 1482 1277 Rector‚
1513 1229 1649 1268 domo
1681 1228 1739 1268 ad
1760 1234 1944 1269 noctem

313 1312 459 1353 usque
496 1300 773 1350 abfuissent,
813 1301 938 1339 nulla
974 1300 1154 1339 ratione
1190 1300 1358 1340 adduci
1392 1300 1539 1351 potuit
1574 1305 1622 1338 ut
1661 1299 1831 1350 exiret,
1869 1300 1944 1339 ubi

312 1372 385 1412 Pr.
410 1371 532 1412 R.d¹1S
556 1371 764 1421 aduenit,
789 1371 899 1422 quid
920 1377 1032 1421 agat
1054 1378 1132 1411 aut
1152 1372 1264 1411 velit
1286 1371 1559 1421 interrogat.
1579 1370 1642 1410 At
1660 1370 1755 1410 ille:
1774 1370 1945 1410 missus

311 1443 491 1494 (inquit)
514 1454 615 1482 sum
638 1454 663 1481 a
686 1441 861 1493 Spiritu
882 1440 1079 1488 Sancto;
1104 1442 1479 1481 constantissime
1507 1441 1692 1481 interim
1723 1452 1940 1481 asserens

314 1526 362 1554 se
392 1515 519 1554 nullo
556 1514 694 1553 modo
722 1513 971 1553 exiturum.
999 1512 1124 1552 Nihil
1150 1513 1293 1563 igitur
1327 1513 1391 1552 illi
1426 1512 1792 1555 admonitiones.
1830 1511 1940 1551 nihil

308 1586 456 1635 iussa,
488 1585 601 1624 nihil
631 1584 885 1623 blanditiae
914 1590 1209 1634 terroresque
1240 1590 1283 1623 et
1317 1583 1551 1623 adhibitae
1578 1583 1731 1622 minae
1757 1582 1937 1633 profue-

307 1662 435 1696 runt:
461 1655 722 1695 aduocatus
744 1660 811 1694 est
833 1655 1022 1694 tandem
1044 1655 1142 1694 eius
1162 1660 1316 1705 pater,
1341 1666 1432 1705 quo
1456 1654 1578 1703 viso,
1612 1653 1833 1693 reluctari
1862 1653 1936 1693 ille

305 1733 584 1777 strenueque
606 1726 853 1775 obsistere,
877 1724 1070 1776 Spiritui
1090 1724 1262 1765 Sancto
1284 1724 1543 1776 parendum
1564 1735 1665 1764 esse
1697 1724 1931 1773 dictitans,

302 1798 468 1849 plenus
489 1797 677 1837 interim
698 1808 753 1836 ac
776 1795 992 1847 perfusus
1013 1796 1294 1847 lachrymis:
1320 1796 1377 1835 ab
1399 1796 1592 1846 angulo,
1617 1795 1691 1834 cui
1714 1794 1933 1834 adhaese-

302 1874 396 1918 rat,
421 1869 503 1908 vix
523 1868 711 1907 tandem
733 1878 759 1906 a
781 1873 914 1918 patre
931 1878 1014 1906 suo
1033 1867 1334 1906 abstrahitur.
1354 1867 1513 1917 Neque
1530 1872 1685 1905 tamen
1702 1865 1827 1905 fores
1845 1867 1930 1905 col—

302 1939 411 1990 legii
451 1945 519 1978 est
559 1949 804 1989 egressus,
853 1938 981 1988 prius
1020 1949 1160 1988 quam
1200 1938 1257 1977 ab
1293 1948 1347 1977 eo
1389 1947 1606 1976 exoraret
1645 1942 1714 1986 ut,
1753 1937 1934 1987 quoties

301 2009 402 2050 R.d0
424 2009 515 2049 Pri.
541 2015 702 2048 nostro
724 2007 1020 2059 recipiendus
1041 2007 1298 2057 videretur,
1322 2019 1456 2047 suum
1481 2008 1577 2058 ipse
1607 2012 1802 2046 assensu
1834 2018 1928 2046 non

303 2087 425 2120 esset
459 2080 792 2130 denegaturus.
828 2079 929 2118 Hoc
958 2090 1050 2118 uno
1078 2078 1305 2128 Vincitur,
1337 2078 1444 2117 licet
1479 2078 1672 2127 invitus,
1706 2088 1760 2116 ac
1794 2078 1932 2128 pluri-

300 2163 426 2191 mum
447 2151 674 2197 renitens,
701 2156 857 2189 tamen
880 2160 985 2189 cum
1015 2155 1149 2200 patre
1179 2149 1304 2189 abiit.
1334 2149 1436 2188 Hoc
1464 2148 1747 2199 exemplum,
1778 2155 1828 2188 ut
1855 2160 1931 2188 au—

300 2223 417 2262 ctori
439 2223 697 2272 gloriosum
717 2221 803 2260 suit
821 2252 828 2270 ,
852 2221 917 2260 ita
934 2220 1069 2259 nobis
1086 2219 1296 2259 nonnihil
1312 2220 1648 2271 periculosum:
1668 2230 1791 2258 nunc
1809 2219 1931 2258 enim

300 2294 382 2333 vix
405 2293 462 2332 ab
485 2292 749 2332 huiusmodi
771 2290 951 2330 insidiis
973 2291 1126 2330 securi
1158 2302 1338 2340 sumus,
1370 2302 1454 2330 nec
1484 2302 1652 2330 cauere
1679 2290 1927 2340 potuimus,

298 2365 408 2416 quin
439 2364 555 2403 alter
594 2363 722 2402 hisce
758 2362 919 2401 diebus
954 2361 1065 2400 illud
1099 2368 1392 2412 sequeretur,
1431 2360 1511 2400 sed
1544 2360 1753 2408 feliciori,
1792 2371 1927 2411 quam

296 2435 445 2486 prior,
484 2434 634 2483 exitu3
669 2433 743 2472 hic
776 2433 899 2472 enim
930 2443 1125 2483 corpore
1153 2432 1339 2482 quidem
1368 2432 1482 2471 satis
1517 2431 1729 2482 pusillus,
1773 2431 1927 2470 animo

294 2517 407 2546 Vero
430 2510 555 2545 certe
576 2504 670 2553 vir,
695 2510 738 2543 et
760 2503 839 2554 qui
860 2503 1068 2542 adultam
1089 2502 1337 2553 pueritiam
1358 2502 1619 2553 senilesque
1638 2513 1791 2541 mores
1808 2513 1926 2552 prae

294 2588 342 2616 se
363 2576 504 2626 ferat,
529 2575 721 2614 absente
742 2573 905 2623 Patre,
929 2573 1105 2624 pariter
1126 2579 1170 2612 et
1192 2573 1390 2612 Rectore
1409 2605 1415 2622 ‚
1454 2572 1713 2622 Collegium
1750 2572 1923 2622 ingres-

293 2659 391 2696 sus,
416 2646 638 2686 redeunte
660 2656 856 2695 vespere
873 2643 1028 2694 Patre,
1053 2655 1107 2683 ac
1130 2651 1328 2694 rogante
1350 2643 1459 2695 quid
1476 2643 1651 2683 faceret
1667 2648 1921 2694 peteretve,

291 2717 364 2757 hic
388 2729 490 2756 sum
512 2716 709 2768 (inquit),
734 2715 810 2755 hic
838 2714 1057 2764 manebo;
1080 2725 1231 2765 neque
1253 2714 1378 2754 aliud
1400 2715 1648 2765 quicquam
1685 2713 1837 2753 audiri
1864 2713 1921 2752 ab

292 2800 345 2828 eo
368 2788 515 2839 potuit
538 2798 677 2839 quam
698 2787 761 2825 ibi
782 2786 900 2825 velle
927 2796 1131 2825 manere.
1157 2785 1517 2836 Obstupefactus
1540 2784 1678 2824 Pater
1699 2796 1753 2824 ac
1775 2795 1920 2835 prope

288 2857 384 2908 jam
402 2858 553 2897 victus
571 2857 763 2897 secessit
780 2857 826 2895 in
844 2856 1121 2895 cubiculum.
1143 2855 1264 2906 Quid
1283 2856 1405 2895 enim
1423 2856 1547 2896 aliud
1562 2855 1764 2895 faceret?
1782 2855 1919 2895 Pater

291 2928 397 2968 huic
427 2940 521 2967 non
552 2934 651 2978 erat
682 2928 769 2966 hac
801 2925 986 2977 quidem
1014 2927 1061 2966 in
1092 2927 1226 2976 urbe;
1257 2933 1324 2966 est
1352 2926 1474 2966 enim
1495 2925 1746 2977 pactensis.
1786 2925 1921 2965 Miles

290 2998 476 3049 quidam
501 2998 747 3048 hispanus,
771 2997 843 3036 vir
860 2997 1033 3048 probus
1049 3003 1092 3036 et
1109 2996 1243 3036 nobis
1261 2997 1498 3046 cognitus,
1519 2996 1641 3048 apud
1657 3007 1795 3047 quem
1811 3006 1923 3045 age-
