2080 3392
306 191 376 227 290
815 190 1040 227 LITTERAE
1068 201 1426 232 QUADRlMEsTREs

306 287 526 327 convenit
553 298 693 337 super
722 286 958 337 privilegii
986 286 1154 337 nostri,
1178 286 1271 326 iam
1294 288 1437 327 semel
1464 288 1610 338 ipsius
1630 290 1890 340 patrocinio
1911 303 1937 331 a

304 357 432 407 Rege
454 357 854 397 Christianissimo
876 357 1078 407 exorati,
1102 368 1234 397 mora
1256 363 1299 397 et
1317 358 1537 398 dilatione
1564 371 1591 398 a
1613 358 1788 400 Senatu
1810 360 1935 401 Pari-

305 428 445 468 siensi
482 428 644 477 (penes
682 438 818 478 quem
854 427 1222 467 confirmationis
1264 429 1506 469 arbitrium
1547 430 1668 480 erat)
1708 430 1936 472 hactenus

303 504 557 550 protracta3
584 510 639 537 ac
659 497 796 538 facile
817 498 1050 549 persuasit
1071 498 1310 538 Cardinali
1336 505 1384 538 ut
1413 500 1610 540 alteram
1632 513 1658 540 a
1679 500 1808 552 Rege
1829 514 1932 542 con-

302 569 562 609 cessionem
597 569 731 608 nobis
765 569 1050 620 impetraret.
1087 568 1217 609 Adiit
1246 570 1387 610 etiam
1416 569 1554 610 Pater
1588 571 1935 612 Reverendissi-

302 651 413 680 mun
442 639 740 679 Cardinalem
768 639 1043 679 Fernezium
1074 638 1100 689 ¹,
1134 639 1211 691 qui
1240 639 1573 681 humanissime
1600 641 1789 682 Patrem
1815 644 1929 683 exci

301 711 448 762 piens,
486 722 580 750 non
612 711 945 761 praetermissa
978 710 1288 750 Reverentiae
1322 717 1430 751 tuae
1464 712 1712 763 mentione,
1746 725 1936 765 operam

301 794 434 821 suam
456 794 504 821 se
525 781 820 831 negotiorum
841 787 1110 821 nostrorum
1131 781 1414 832 promotioni
1435 782 1778 833 impertiturum
1799 783 1936 824 fidem

300 853 439 892 dedit.
472 852 616 903 Atqui
642 851 774 891 R.mus
801 851 1064 892 Cardinalis
1098 852 1448 904 Lotharingiae‚
1482 854 1606 905 quod
1635 855 1775 894 semel
1813 855 1936 906 apud

300 923 477 973 Regem
493 929 756 974 peregerat,
781 923 949 962 iterum
972 923 1146 974 absque
1168 934 1301 962 mora
1323 935 1509 973 curare,
1543 925 1717 975 absque
1745 925 1936 965 alterius

300 993 541 1045 suffragio,
572 1006 666 1033 non
701 1000 770 1033 est
798 999 1041 1044 gravatus.
1078 993 1163 1033 Cui
1197 993 1298 1033 Rex
1329 994 1756 1035 Christianissimus
1783 1008 1935 1047 prom-

298 1065 510 1116 ptissimo
546 1064 711 1105 affectu
747 1076 1027 1104 consensum
1062 1065 1241 1105 arbitrii
1269 1065 1339 1105 sui
1368 1071 1505 1117 atque
1537 1065 1796 1106 Maiestatis
1824 1078 1935 1107 suae

298 1136 633 1176 authoritatem
655 1147 767 1175 mox
788 1136 1079 1186 subscripsit.

378 1207 592 1247 Secundo
614 1207 756 1257 igitur
777 1206 921 1257 Regis
939 1207 1116 1247 indulto
1134 1207 1307 1259 absque
1333 1207 1476 1247 multo
1496 1208 1655 1248 labore
1685 1209 1933 1260 impetrato

305 1290 360 1318 ac
383 1277 531 1328 Regio
553 1278 721 1328 sigillo,
741 1289 833 1317 non
862 1278 960 1317 sine
976 1278 1272 1329 gravissimis
1295 1279 1519 1318 molestiis
1549 1285 1688 1330 atque
1709 1280 1934 1331 temporis

298 1349 542 1400 prolixiori
561 1360 707 1398 mora,
728 1348 918 1388 tandem
934 1349 1129 1399 munito,
1152 1360 1247 1388 non
1264 1349 1540 1389 desideratis
1557 1350 1744 1391 interim
1765 1351 1934 1402 impru-

298 1420 507 1460 dentium
542 1420 782 1460 hominum
818 1418 1041 1460 Societati
1078 1420 1270 1460 obiectis
1306 1422 1572 1471 calumniis,
1612 1423 1670 1461 ad
1710 1421 1933 1462 Senatum

296 1492 447 1541 prima
484 1497 527 1530 et
558 1491 705 1530 altera
740 1490 883 1541 Regis
907 1491 1166 1541 concessio,
1200 1491 1432 1531 adiunctis
1465 1490 1716 1532 Societatis
1746 1498 1935 1532 nostrae

296 1562 565 1612 diplomatis
591 1573 617 1600 a
639 1562 918 1601 Beatissimo
947 1561 1075 1612 Papa
1104 1561 1332 1612 singulari
1358 1562 1522 1602 favore
1544 1563 1802 1614 concessis,
1833 1574 1932 1614 per-

296 1634 387 1672 lata
411 1640 494 1683 est,
518 1640 567 1672 ut
587 1633 766 1672 ferendi
788 1632 998 1683 suffragii
1026 1644 1156 1672 mora
1187 1634 1331 1673 semel
1358 1633 1546 1673 tandem
1574 1635 1928 1686 abrumperetur

295 1706 369 1743 vel
398 1705 454 1743 ab
485 1704 598 1755 ipsis
621 1704 927 1753 adversariis,
959 1703 1134 1754 Regiae
1166 1704 1425 1744 Maiestatis
1453 1705 1737 1745 authoritate
1765 1717 1819 1745 ac
1841 1705 1925 1746 Re-

296 1774 624 1814 verendissimi
646 1774 909 1815 Cardinalis
930 1774 1189 1825 patrocinio
1207 1775 1359 1815 victis.
1386 1774 1633 1815 Caeterum
1654 1775 1797 1826 Regis
1818 1776 1930 1816 Pro-

296 1852 483 1885 curator
500 1845 749 1896 generalis,
767 1846 841 1884 vir
858 1844 963 1884 fidei
981 1845 1269 1885 orthodoxae
1292 1853 1335 1885 et
1357 1846 1543 1896 pietatis
1562 1847 1758 1897 insignis
1781 1847 1823 1897 (a
1843 1859 1931 1899 quo

295 1916 494 1957 Senatus
525 1916 782 1956 sententiae
810 1916 955 1967 ipsius
986 1916 1231 1955 arbitrium
1258 1916 1566 1967 efflagitavit),
1597 1918 1724 1957 nulla
1752 1918 1932 1958 ratione

295 1987 464 2027 adduci
484 1987 632 2038 potuit
655 1993 703 2026 ut
724 1987 873 2026 nostri
900 1987 1135 2037 privilegii
1162 1987 1507 2027 confirmationi
1534 1989 1927 2038 patrocina1·etur;

296 2059 408 2110 quin
428 2058 598 2109 potius,
622 2058 881 2097 rationibus
904 2058 1036 2109 (quas
1058 2069 1142 2109 pro
1164 2058 1402 2109 republica
1424 2057 1580 2098 facere
1603 2059 1837 2109 censebat)
1857 2059 1931 2099 ad-

297 2130 464 2178 ductis,
488 2127 710 2169 Senatum
741 2141 767 2168 a
795 2127 1018 2178 suffragio
1041 2129 1380 2179 remorabatur,
1414 2141 1472 2169 ex
1502 2130 1648 2181 ipsius
1679 2130 1800 2169 enim
1829 2131 1930 2170 sub-

293 2201 548 2251 scriptione
568 2200 745 2250 negotii
766 2200 913 2239 nostri
941 2211 1185 2239 successus
1216 2200 1461 2250 pendebat.
1485 2200 1581 2240 Nec
1612 2207 1768 2240 tamen
1790 2201 1929 2240 ambi-

293 2271 447 2321 gimus
469 2270 578 2322 quin
600 2271 672 2309 vir
694 2271 812 2321 pius,
840 2282 933 2309 non
951 2270 1208 2320 Religionis
1226 2277 1306 2310 aut
1324 2269 1570 2311 Societatis
1592 2271 1713 2322 odio,
1737 2272 1818 2311 sed
1840 2272 1928 2322 pri-

294 2348 433 2381 vatae
455 2341 768 2381 conscientiae
790 2341 984 2391 imperio
1012 2341 1191 2390 ductus,
1223 2342 1355 2381 nobis
1385 2342 1442 2381 sit
1463 2342 1756 2392 adversatus,
1788 2354 1928 2393 quan-

293 2412 562 2463 doquidem,
588 2411 775 2451 Patrem
796 2411 1005 2451 modesto
1028 2423 1082 2450 ac
1113 2411 1315 2462 benigno
1345 2413 1474 2452 vulto
1497 2412 1687 2463 affatus,
1723 2413 1926 2464 aequita-

293 2483 353 2522 tis
373 2483 602 2522 rationem
626 2482 887 2521 habendam
907 2481 1006 2521 fore
1023 2482 1204 2532 placide
1221 2483 1527 2534 responderit,
1553 2484 1760 2523 animum
1777 2484 1927 2534 reipu-

292 2554 441 2592 blicae
463 2553 721 2592 studiosum
744 2564 826 2603 pro
848 2564 932 2592 suo
954 2552 1125 2592 iudicio
1143 2553 1385 2593 dumtaxat
1406 2566 1520 2604 prae
1541 2565 1589 2593 se
1610 2554 1779 2594 ferens.
1806 2553 1926 2604 Quin

293 2623 702 2664 Reverendissimo
737 2623 968 2674 Episcopo
1009 2623 1372 2664 Claramontano
1414 2624 1526 2675 (qui,
1567 2636 1653 2675 pro
1693 2625 1922 2675 singulari

293 2706 407 2744 erga
428 2694 708 2734 Societatem
731 2693 920 2744 affectu,
952 2694 1095 2744 Regis
1124 2701 1478 2745 procuratorem
1507 2706 1645 2746 super
1676 2695 1823 2735 nostri
1850 2707 1925 2734 ne-

292 2765 406 2814 gotii
428 2765 719 2815 promotione
747 2764 1000 2804 convenire
1027 2776 1121 2803 non
1143 2771 1211 2804 est
1231 2766 1474 2815 gravatus)
1498 2771 1767 2806 constanter
1791 2777 1927 2805 suum

348 2898 356 2917 ¹
397 2897 612 2924 Cardinalem
629 2898 839 2930 Farnesium,
852 2898 906 2932 qui
920 2903 997 2925 tunc
1012 2898 1172 2932 temporis
1187 2899 1325 2926 Parisiis
1340 2902 1477 2932 agebat,
1491 2900 1657 2934 quoniam,
1671 2900 1820 2927 nonnihil
1838 2908 1925 2934 erga

294 2954 329 2973 se
346 2946 525 2972 adversum
544 2945 621 2977 Julii
638 2945 685 2972 III
708 2950 739 2972 et
764 2946 983 2979 Imperatoris
1000 2945 1112 2972 Caroli
1129 2947 1276 2973 animum
1292 2952 1467 2980 reputans.
1486 2952 1578 2974 tutus
1600 2948 1632 2974 in
1654 2947 1755 2974 Italia
1772 2948 1843 2974 sore
1868 2948 1923 2974 de-

296 2994 471 3026 sperabat.
