2080 3392
878 120 958 157 AN.
991 119 1084 157 1553
1725 119 1792 155 431

155 223 302 257 stram
323 216 514 256 domum
539 214 564 267 ¹,
588 222 774 257 vetusta
793 217 913 269 pelle
930 206 1142 257 detracta
1168 215 1397 267 novisque
1427 215 1636 255 moribus
1666 215 1795 255 indu-

156 294 231 327 tus
252 286 474 338 (Aeterno
496 287 635 328 Patre
655 288 908 328 multorum
927 287 1051 328 votis
1074 286 1339 337 annuente),
1372 286 1522 327 sacris
1553 286 1798 326 ordinibus

158 358 382 409 initiatus,
407 358 525 399 miro
547 369 661 410 erga
683 358 836 399 Deum
858 358 1030 399 affectu
1053 364 1097 398 et
1120 369 1302 407 amore,
1335 357 1538 409 primum
1558 357 1683 409 apud
1710 369 1798 397 nos

155 429 265 470 fecit
286 441 489 470 sacrum.
514 430 727 481 Hincque
748 442 798 470 se
819 430 919 481 ipso
941 430 1239 481 antiquisque
1261 429 1469 469 moribus
1489 428 1646 469 taedio
1668 428 1795 468 habi—

156 500 231 551 tis,
256 501 497 542 accinctus
519 507 675 541 tamen
697 500 870 541 Christi
891 501 993 541 Iesu
1025 501 1273 552 auspiciis,
1304 500 1364 540 ad
1392 500 1551 540 infima
1584 511 1798 552 quaeque

153 572 362 612 studiose
394 572 744 624 amplectenda,
780 572 1047 623 mundoque
1080 571 1189 611 totis
1216 571 1395 611 viribus
1427 571 1793 621 adversandum,

154 643 213 683 ab
241 655 295 683 eo
326 643 471 683 veluti
504 643 674 683 iniuria
701 643 963 692 lacessitus,
993 648 1271 693 perpetuum
1298 642 1341 682 ei
1368 642 1578 682 indicens
1606 642 1793 693 bellum,

154 714 343 754 domum
386 725 520 754 suam
561 725 782 754 reversus
819 721 903 753 est.
946 713 1037 753 Ubi
1072 719 1204 753 tanta
1237 713 1486 753 honestate
1520 724 1796 764 morumque

156 785 388 837 probitate
410 785 552 837 degit,
577 791 626 825 ut
647 797 809 825 omnes
831 785 930 825 noti
951 791 996 824 et
1017 784 1157 825 amici
1179 785 1226 824 in
1247 785 1503 825 maximam
1530 784 1796 825 admiratio-

151 867 259 896 nem
277 856 585 907 adducantur,
607 856 822 897 videntes
842 867 949 896 cum
971 855 1109 896 unico
1136 855 1310 896 famulo
1332 855 1639 906 incedentem,
1659 867 1798 907 quem

151 934 290 968 antea
325 928 457 967 multi
496 927 851 968 admirabantur
890 933 934 967 et
973 938 1202 979 equorum
1245 926 1441 978 strepitu
1479 933 1523 967 et
1557 927 1798 967 hominum

154 1010 326 1050 magno
348 999 567 1039 satellitio
590 999 830 1051 stipatum.

231 1070 294 1111 At
323 1076 456 1122 pater
478 1071 789 1122 omnipotens,
813 1082 905 1122 qua
927 1070 1045 1110 solet
1066 1069 1370 1120 benignitate,
1395 1069 1521 1109 aliud
1542 1070 1716 1109 bonum
1738 1081 1797 1109 ex

151 1142 242 1182 alio
262 1141 486 1182 hauriens
510 1141 649 1192 bono,
679 1141 914 1182 Abbatem
933 1140 1261 1193 Methymnae,
1286 1141 1365 1193 qui
1392 1146 1531 1180 antea
1558 1140 1668 1180 totis
1688 1140 1796 1180 viri-

150 1212 236 1253 bus
263 1211 487 1253 Societati
515 1212 856 1253 adversabatur
885 1212 1133 1264 (ignorans
1161 1218 1319 1252 tamen
1347 1210 1595 1252 Societatis
1621 1211 1796 1263 placita

152 1296 206 1325 ac
227 1284 477 1335 instituta),
502 1284 650 1324 movit
676 1290 726 1324 ut
754 1291 968 1324 nostram
993 1284 1270 1335 dignaretur
1297 1282 1310 1301 ²
1334 1282 1463 1323 adire
1491 1283 1681 1323 domum
1714 1294 1794 1322 no-

150 1362 339 1407 stroque
361 1355 408 1396 in
429 1356 603 1396 sacello
626 1355 696 1395 bis
718 1367 881 1395 sacros
902 1355 1141 1395 celebrare
1164 1354 1368 1395 ordines.
1394 1354 1572 1405 Quibus
1592 1354 1797 1394 nobilem

149 1427 278 1468 illum
294 1427 496 1467 initiavit
517 1427 682 1467 virum.
698 1426 755 1467 Et
771 1426 984 1478 pristina,
1004 1438 1145 1478 quam
1168 1427 1224 1466 de
1241 1425 1476 1467 Societate
1495 1432 1793 1477 conceperat,

150 1499 368 1551 opinione
409 1499 643 1551 deposita,
681 1498 1092 1550 refragationeque
1128 1499 1175 1538 in
1209 1498 1426 1538 favorem
1461 1509 1708 1549 conversa,
1747 1510 1797 1538 se

149 1571 306 1611 multis
332 1571 490 1611 verbis
511 1576 782 1622 promptum
808 1576 948 1622 atque
964 1576 1184 1622 paratum
1206 1569 1265 1610 ad
1293 1581 1349 1609 ea
1371 1569 1542 1618 omnia,
1575 1581 1694 1621 quae
1715 1581 1793 1609 no-

149 1647 296 1682 stram
319 1642 554 1693 respicere
575 1641 824 1682 utilitatem
844 1641 1132 1692 viderentur,
1156 1641 1387 1692 praebuit.
1417 1641 1468 1681 Id
1489 1641 1624 1681 nobis
1653 1641 1796 1681 admi-

148 1713 360 1753 rantibus
382 1712 575 1765 Deoque
597 1725 681 1765 pro
704 1713 800 1753 suis
821 1713 1042 1764 operibus
1063 1712 1249 1764 gratias
1270 1712 1535 1763 agentibus.

226 1784 385 1825 Tertio
403 1785 625 1825 calendas
640 1784 741 1824 Iulii
758 1796 849 1835 quo
867 1784 940 1824 die
960 1783 1132 1824 festum
1149 1783 1206 1824 D.
1233 1783 1358 1824 Petri
1378 1784 1659 1835 celebratur,
1679 1784 1796 1824 situs

149 1856 336 1908 quidem
356 1855 670 1908 praegrandis
691 1867 748 1895 ac
769 1856 1007 1907 spatiosus
1030 1855 1102 1906 (de
1124 1867 1216 1907 quo
1238 1855 1332 1895 iam
1355 1855 1414 1895 ad
1435 1855 1484 1895 Ρ.
1509 1855 1561 1895 Τ.
1596 1856 1795 1907 scripse-

149 1928 347 1979 ramus),
385 1927 595 1979 Collegio
632 1927 922 1967 aedificando
958 1927 1073 1967 satis
1104 1926 1316 1977 idoneus,
1350 1932 1449 1967 tum
1478 1933 1668 1978 propter
1701 1928 1792 1968 loci

147 1999 456 2051 aptitudinem
477 1999 633 2039 domui
654 1999 922 2050 erigendae,
948 2005 1048 2039 tum
1071 1999 1215 2039 etiam
1236 2004 1431 2050 propter
1453 1999 1793 2050 salubritatem,

144 2077 189 2111 et
224 2071 577 2123 amplitudinem
609 2070 668 2110 ad
694 2069 979 2121 degendum,
1015 2070 1150 2110 nobis
1185 2069 1385 2110 traditus
1416 2070 1523 2120 fuit,
1558 2070 1660 2110 Deo
1683 2071 1797 2110 mul-

149 2148 305 2182 torum
338 2142 556 2194 precibus
597 2148 845 2182 annuente.
874 2140 1188 2193 Sequentique
1220 2141 1314 2191 die,
1354 2141 1467 2181 Divi
1507 2142 1638 2182 Pauli
1673 2153 1797 2182 com-

148 2214 484 2254 memoratione
512 2213 684 2262 dicato,
722 2213 863 2253 situm
893 2225 949 2253 ac
985 2213 1176 2253 domum
1214 2213 1469 2265 quamdam
1504 2213 1616 2253 inibi
1652 2213 1793 2254 sitam

146 2284 403 2324 intromissi
431 2283 459 2335 ⁵,
496 2296 634 2325 sacro
656 2284 828 2325 ibidem
850 2285 1100 2335 celebratO,
1126 2285 1474 2336 possessionem
1505 2284 1790 2336 accepimus.

147 2355 326 2397 Eodem
342 2361 551 2407 tempore
573 2351 947 2408 sapientissimus
969 2355 1177 2396 omnium
1193 2367 1352 2396 rerum
1369 2355 1539 2408 opifex,
1566 2357 1644 2408 qui
1666 2356 1796 2396 illum

150 2428 290 2468 situm
312 2427 399 2468 sibi
420 2428 674 2479 delegerat,
699 2428 890 2479 cupiens
908 2426 1066 2468 domui
1087 2439 1200 2467 suae
1223 2428 1487 2479 providere,
1513 2439 1709 2479 eamque
1725 2439 1797 2468 su·

150 2511 233 2551 per
253 2499 419 2550 solida,
445 2499 612 2551 quibus
632 2499 862 2539 tutissime
883 2498 1083 2549 fulciret,
1108 2498 1418 2539 fundamenta
1442 2498 1712 2549 aedificare,
1737 2499 1797 2540 ad

149 2582 236 2611 nos
256 2571 380 2611 misit
401 2570 450 2610 P.
473 2571 511 2610 F
513 2570 778 2610 ranciscum
797 2570 853 2610 de
874 2570 1065 2621 Borgia,
1090 2570 1328 2622 quondam
1349 2569 1562 2610 Gandiae
1592 2570 1793 2622 Ducem,

149 2653 256 2682 cum
275 2642 325 2682 P.
349 2641 557 2682 Antonio
574 2641 631 2682 de
648 2641 881 2682 Corduba.
906 2641 996 2692 Qui
1011 2641 1209 2693 genibus
1227 2642 1465 2693 provoluti
1482 2642 1797 2694 precibusque

205 2804 216 2824 1
256 2804 400 2831 domum
416 2804 554 2838 scripsit
570 2807 663 2831 recte
680 2803 848 2830 Polancus
862 2803 936 2830 loco
951 2803 1049 2831 verbi
1066 2803 1278 2831 Societatem
1290 2825 1298 2837 ,
1313 2803 1400 2837 quod
1415 2803 1603 2838 scripserat
1619 2803 1794 2831 Ramirez.

206 2852 220 2872 2
258 2852 375 2879 vellet.
392 2851 572 2879 Poiancus.

205 2900 219 2920 5
257 2899 322 2928 Ubi
338 2900 495 2928 Ramirez
510 2901 621 2926 situm
639 2906 678 2926 ac
693 2900 837 2926 domum
854 2899 1048 2933 qnamdam
1065 2899 1156 2927 inibi
1171 2899 1281 2926 sitam
1298 2900 1509 2933 intromissi,
1524 2901 1662 2935 scripsit
1678 2900 1798 2928 Polan-

151 2956 210 2976 cus
227 2948 302 2983 ejus
319 2955 359 2975 ac
371 2948 496 2975 domus
508 2947 545 2974 z'n
559 2954 597 2974 eo
611 2947 716 2974 sitae.
