2080 3392
264 195 335 231 652
773 192 999 228 LITTERAE
1026 201 1383 233 QUADRlMESTREs

261 291 483 330 cubinatu
503 300 814 340 perseverans
832 320 839 338 ‚
873 299 1090 328 asserens
1111 299 1294 339 quoque
1314 287 1434 327 velle
1461 286 1625 326 deinde
1655 299 1823 338 panem
1845 288 1891 327 in

259 361 348 401 Dei
369 360 562 400 servitio
584 359 846 410 comedere,
876 365 920 399 et
941 358 1000 398 ad
1031 358 1379 398 sanctissimum
1401 357 1707 397 confessionis
1737 369 1890 397 sacra-

259 436 466 471 mentum
485 430 752 481 frequenter
774 430 1020 480 accedere3
1044 429 1122 480 qui
1148 429 1247 480 ipse
1276 440 1382 468 cum
1403 428 1541 468 simili
1571 428 1662 467 alio
1689 427 1889 468 Eboram

259 502 389 542 missi
422 507 529 541 sunt
564 502 624 541 ad
658 500 931 541 facultatem
959 499 1337 551 consequendam
1365 499 1564 539 ducendi
1590 510 1761 538 uxores
1790 498 1893 538 illas

260 573 471 617 easdem,
504 573 780 624 quibuscum
801 572 860 612 ad
880 571 926 611 id
947 571 1170 622 temporis
1202 570 1588 611 consuetudinem
1616 569 1891 609 habuerant.

259 644 405 684 Porro
427 655 532 683 cum
560 655 615 682 eo
645 643 718 683 die
747 654 773 682 a
805 642 1032 682 concione
1062 642 1374 692 venissemus,
1403 641 1645 691 ingressus
1672 646 1742 680 est
1772 640 1895 679 idem

259 714 334 755 Pr.
364 714 411 754 in
437 725 697 764 carcerem,
730 713 807 753 ubi
834 724 986 764 pauca
1017 713 1225 764 quidem,
1263 712 1344 752 sed
1373 724 1427 752 ea
1463 712 1564 763 ipsa
1601 710 1895 750 auditoribus

259 785 396 825 valde
419 796 649 835 congrua,
674 785 820 824 verba
841 784 968 832 fecit,
994 784 1113 824 inter
1135 794 1250 834 quos
1271 794 1390 822 unus
1411 782 1601 834 quidam
1632 782 1795 821 aderat
1822 781 1896 820 vir

259 856 448 904 nobilis,
487 856 564 907 qui
594 855 682 895 Dei
708 867 900 905 nomen,
934 854 1221 894 horrendum
1250 854 1298 894 in
1327 853 1537 901 modum,
1569 853 1895 903 blasphemare

260 937 315 966 ac
344 927 443 966 sine
473 927 565 966 ullo
601 927 777 966 honore
806 932 851 966 et
880 926 1147 965 reverentia
1176 931 1380 964 tractare
1412 924 1574 963 solitus
1610 929 1733 973 erat,
1766 923 1896 962 cuius

259 1009 437 1037 morem
459 998 551 1037 iam
572 997 819 1048 aliquoties
840 998 924 1036 als.
947 996 1022 1036 Pr.
1046 996 1370 1045 damnaverat,
1398 1000 1724 1034 verumtamen
1751 994 1825 1033 ille
1848 1005 1896 1033 se

259 1074 594 1119 excusaverat,
619 1075 662 1108 et
684 1080 734 1108 se
756 1080 781 1107 a
805 1068 940 1119 culpa
963 1078 1168 1106 vacuum
1190 1077 1293 1106 esse
1315 1065 1442 1105 credi
1468 1066 1698 1105 voluerat.
1725 1064 1896 1115 Quam-

260 1140 421 1179 obrem
468 1140 561 1179 iam
599 1144 709 1179 tunc
750 1139 872 1178 ferre
911 1138 1137 1189 nequiens
1175 1137 1490 1188 perniciosam
1536 1136 1658 1176 illius
1697 1147 1896 1175 conver-

261 1211 489 1250 sationem
524 1216 568 1250 et
602 1210 856 1262 pessimum
897 1210 1184 1260 exemplum,
1228 1220 1388 1248 coram
1426 1207 1504 1247 illo
1543 1212 1897 1258 praepotentem

260 1281 411 1321 Deum
434 1282 481 1321 in
497 1280 676 1332 justitia
698 1293 835 1321 orare
857 1281 1022 1332 coepit,
1048 1286 1091 1320 et
1113 1280 1172 1320 ad
1192 1279 1336 1329 filium
1356 1278 1498 1329 Regis
1520 1278 1575 1318 de
1598 1278 1716 1318 Fees
1739 1278 1898 1329 (quem

261 1352 430 1392 ibidem
461 1364 562 1392 esse
585 1358 630 1392 et
652 1351 969 1392 Christianum
999 1357 1212 1391 recenter
1241 1350 1418 1389 factum
1446 1348 1760 1398 intellexerat>
1789 1360 1893 1388 con-

261 1435 447 1473 versus,
471 1424 599 1463 illum
620 1423 923 1463 vehementer
954 1421 1221 1461 obsecravit
1250 1427 1293 1460 et
1323 1432 1405 1471 per
1432 1419 1505 1460 X.i
1534 1420 1731 1459 vulnera
1760 1429 1895 1468 roga-

264 1495 332 1533 vit
352 1506 409 1533 ne
433 1506 458 1534 a
479 1501 574 1534 tam
597 1494 812 1545 pessimis
833 1493 1101 1533 christianis
1122 1493 1247 1532 vitae
1274 1492 1539 1542 exemplum
1569 1496 1781 1541 caperet,
1814 1489 1895 1529 sed

262 1548 440 1615 potius,
467 1577 572 1605 cum
604 1576 629 1604 a
658 1564 760 1604 Deo
789 1571 884 1615 opt.
913 1564 1038 1604 Max.
1069 1569 1164 1603 tam
1194 1562 1438 1613 egregium
1468 1572 1636 1601 munus
1668 1566 1711 1600 et
1741 1560 1895 1610 singu-

261 1637 358 1676 lare
379 1636 654 1676 beneficium
677 1642 799 1675 esset
820 1635 1037 1686 adeptus,
1063 1645 1246 1674 morum
1267 1633 1487 1685 probitati
1510 1639 1552 1672 et
1575 1632 1699 1671 vitae
1727 1631 1892 1670 sancti-

262 1708 447 1748 moniae
479 1707 699 1747 studeret.
732 1706 986 1757 Postquam
1016 1705 1141 1744 illinc
1177 1704 1353 1755 egressi
1384 1714 1565 1753 sumus,
1599 1702 1766 1742 nobilis
1803 1701 1893 1751 hic,

262 1790 400 1830 quem
421 1779 486 1818 ita
508 1778 679 1818 acriter
700 1777 774 1817 Pr.
800 1776 1084 1828 increpavit,
1119 1776 1174 1815 de
1206 1782 1392 1815 caetero
1416 1774 1525 1825 (Dei
1545 1773 1718 1825 gloria)
1746 1784 1894 1812 emen-

263 1850 500 1890 dationem
522 1849 778 1901 proposuit.
814 1848 889 1888 Ad
919 1849 1035 1888 haec
1068 1847 1448 1887 animadvertens
1478 1846 1553 1886 Pr.
1587 1845 1801 1885 timorem
1829 1856 1894 1884 re-

262 1921 614 1972 verentiamque
651 1920 960 1971 perexiguam
994 1919 1130 1958 huius
1162 1918 1320 1969 populi
1355 1929 1468 1968 erga
1503 1916 1676 1966 Deum,
1716 1915 1896 1955 cladem

260 1993 450 2043 insuper
490 2004 544 2031 ac
578 2002 801 2042 magnam
838 1991 1102 2030 animarum
1140 1996 1347 2039 stragem
1383 2000 1409 2027 a
1449 1987 1675 2027 daemone
1714 1986 1896 2037 publice

262 2065 309 2104 in
329 2064 417 2103 hac
438 2063 552 2103 urbe
573 2062 770 2113 factam,
794 2061 1077 2119 Societatem
1098 2060 1295 2100 instituit
1318 2062 1438 2099 inter
1454 2058 1694 2109 quosdam,
1719 2057 1778 2096 ad
1798 2068 1895 2108 pes-

263 2135 429 2174 simam
450 2133 635 2174 iurandi
656 2132 1039 2173 consuetudinem
1070 2131 1366 2180 abolendam,
1398 2130 1446 2170 in
1474 2129 1701 2169 honorem
1730 2127 1894 2167 dulcis-

263 2206 368 2245 simi
394 2206 510 2245 nois.
543 2205 674 2257 Jesu,
705 2212 755 2244 ut
782 2216 808 2243 a
837 2204 1003 2255 quibus
1030 2203 1259 2242 hactenus
1287 2208 1383 2241 tam
1410 2201 1601 2251 indigne
1631 2206 1700 2239 est
1727 2205 1894 2239 tracta-

262 2283 359 2327 tus,
385 2277 443 2316 ab
465 2276 639 2316 eisdem
661 2276 726 2315 illi
745 2276 862 2325 laus,
887 2274 1038 2324 gloria
1060 2279 1103 2313 et
1125 2272 1293 2323 dignus
1312 2273 1461 2312 honor
1480 2271 1757 2311 tribuantur.
1782 2270 1895 2310 Effe-

263 2348 323 2387 cit
346 2353 395 2387 ut
417 2347 624 2387 omnium
646 2346 769 2386 noia.
788 2378 795 2397 ,
818 2345 988 2393 mariti,
1014 2344 1191 2395 uxoris,
1216 2344 1559 2394 liberorumque
1580 2342 1627 2382 in
1647 2353 1731 2381 sua
1749 2341 1897 2381 cuius-

264 2430 351 2468 que
372 2418 593 2469 paroecia
615 2417 950 2466 scriberentur,
975 2422 1115 2466 utque
1137 2415 1183 2454 in
1205 2414 1402 2464 singulis
1422 2413 1654 2464 paroeciis
1678 2413 1897 2463 capsulae

265 2489 620 2539 conficerentur,
644 2488 691 2527 in
712 2499 829 2539 quas
859 2487 1082 2536 mulctae,
1116 2485 1377 2525 iurantibus
1405 2483 1707 2533 constitutae,
1738 2494 1896 2522 recon-

265 2561 500 2600 derentur.
531 2559 582 2599 In
607 2571 701 2599 una
729 2559 918 2607 harum,
951 2568 1057 2596 curn
1088 2556 1361 2607 aperiretur.
1395 2555 1592 2594 duorum
1623 2554 1898 2593 ducatorum

266 2642 467 2680 summa,
491 2642 639 2681 parua
660 2629 859 2681 pecunia
881 2628 1052 2677 minus,
1088 2633 1276 2677 reperta
1299 2632 1381 2675 est,
1407 2631 1511 2665 octo
1540 2625 1720 2664 dierum
1746 2624 1896 2675 spatio

266 2702 368 2752 plus
393 2701 546 2740 minus
577 2705 816 2750 congesta.
851 2697 1081 2739 Convenit
1111 2697 1229 2736 inter
1257 2708 1336 2736 eos
1366 2702 1414 2735 ut
1444 2701 1603 2735 mutuo
1630 2706 1734 2735 sese
1764 2706 1896 2734 accu-

267 2777 388 2821 sent,
414 2772 513 2810 sive
534 2771 677 2819 intra,
701 2770 801 2810 sive
822 2775 956 2809 extra
978 2768 1185 2817 domum,
1219 2773 1315 2807 tam
1345 2766 1522 2806 nobiles
1552 2777 1691 2817 quam
1720 2765 1896 2816 ignobi-

267 2843 353 2891 les,
377 2842 560 2881 nemine
582 2847 793 2892 excepto,
818 2840 954 2891 idque
976 2849 1081 2878 cum
1103 2838 1229 2877 omni
1255 2837 1519 2876 urbanitate
1547 2842 1591 2876 et
1620 2836 1773 2876 debita
1802 2837 1894 2887 qui-

267 2914 443 2963 busque
478 2912 758 2951 reverentia.
790 2911 1062 2964 Juramenta
1090 2908 1322 2960 prohibita
1350 2907 1486 2947 simul
1517 2919 1571 2947 ac
1600 2908 1771 2947 mulcta
1805 2907 1894 2946 cui-

269 2994 356 3032 que
377 2983 637 3022 iuramento
660 2982 931 3031 constituta,
955 2981 1002 3020 in
1023 2980 1218 3030 singulis
1239 2979 1472 3030 paroeciis
1493 2979 1663 3018 tabella
1694 2977 1897 3030 quadam
