2080 3392
796 218 878 256 ΑΝ.
909 218 1001 255 15ὃ3
1652 217 1719 254 451

79 318 312 369 oportebit
334 318 458 357 enim
479 328 559 357 eos
580 318 752 357 multos
773 317 927 357 subire
948 316 1151 366 labores,
1176 316 1253 366 qui
1273 315 1472 367 publicis
1492 315 1565 354 his
1588 315 1720 354 mini-

83 389 240 429 steriis
261 388 470 429 adiuncti
490 400 592 429 esse
614 389 779 429 solent.

159 459 322 511 Coepit
343 465 588 511 praeterea
606 459 867 506 SocietatiS,
888 465 936 499 ut
956 459 1020 499 ita
1042 458 1211 508 dicam,
1231 458 1470 510 plenitudo
1495 458 1720 509 paulatim

81 542 183 571 sese
206 531 467 581 ostendere,
486 542 580 570 non
597 531 748 570 solum
768 531 871 570 luce
887 536 933 569 et
950 530 1164 570 claritate
1182 529 1403 580 maxima,
1425 541 1565 580 quam
1586 529 1724 569 nobis

80 602 438 642 constitutiones
461 602 734 650 attulerant,
757 612 923 641 verum
944 601 1086 640 etiam
1108 601 1316 640 omnium
1341 600 1487 651 ipsius
1518 600 1722 651 partium

79 673 383 713 institutione.
422 672 735 724 Olissyponae
770 683 972 723 namque
1008 671 1174 711 domus
1204 671 1366 722 (quam
1400 671 1723 722 professorum

81 745 387 796 appellamus)
406 756 432 783 a
455 743 663 794 Collegio
684 748 904 794 separata
927 748 1010 792 est;
1031 742 1063 782 ii
1083 754 1212 791 vero,
1233 743 1310 793 qui
1332 742 1378 782 in
1399 742 1537 782 domo
1560 742 1724 782 eadem

81 821 234 863 erant,
265 815 312 855 in
339 814 577 866 professos
607 813 1019 864 coadiutoresque,
1053 820 1151 853 tum
1181 814 1227 853 in
1254 813 1595 864 spiritualibus,
1627 819 1726 854 tum

83 886 225 926 etiam
244 886 601 936 temporalibus,
626 885 763 925 divisi
785 891 913 934 sunt;
937 885 968 924 ii
989 884 1130 924 etiam
1153 883 1381 934 adiuncti,
1405 885 1483 936 qui
1510 885 1557 924 in
1588 884 1726 925 domo

16 944 22 950 ’
88 957 382 1008 probationis
402 962 667 1007 versantur,
692 962 740 996 ut
762 955 955 996 inferius
976 955 1320 995 enarrabimus.

162 1029 261 1069 Iam
282 1035 418 1068 antea
440 1028 565 1079 apud
593 1028 753 1068 divum
779 1027 1037 1068 Antonium
1062 1027 1109 1066 in
1136 1027 1285 1066 tribus
1313 1027 1541 1067 classibus
1570 1039 1719 1079 gram

87 1100 284 1140 matices
304 1099 657 1150 rhetoricesque
686 1098 951 1138 rudimenta
977 1098 1184 1138 maxima
1215 1109 1322 1137 cum
1349 1098 1616 1138 auditorum
1642 1098 1727 1138 fre-

86 1171 275 1222 quentia
292 1170 699 1222 praelegebantur.
720 1170 914 1221 Egimus
936 1170 1093 1220 itaque
1110 1181 1218 1209 cum
1240 1179 1366 1219 rege,
1386 1169 1577 1220 eiusque
1598 1170 1728 1210 iussu

86 1254 192 1283 cum
214 1242 421 1292 civitate,
445 1242 646 1281 velletne
668 1240 980 1292 Olissyponae
1002 1240 1258 1291 Collegium
1280 1240 1367 1290 (iis,
1392 1252 1512 1292 quae
1533 1241 1580 1280 in
1597 1241 1730 1281 Italia

88 1312 310 1354 Siciliave
331 1319 458 1356 sunt,
483 1312 646 1362 simile)
669 1313 945 1363 erigeretur.
968 1311 1020 1351 In
1042 1323 1152 1363 quo,
1178 1312 1235 1351 ob
1264 1312 1469 1352 civitatis
1492 1313 1729 1352 celebrita-

84 1391 198 1435 tem,
222 1384 270 1424 in
289 1384 440 1424 tribus
462 1384 692 1424 classibus
719 1383 1081 1434 grammaticae,
1110 1383 1158 1422 in
1188 1382 1370 1423 duabus
1402 1389 1446 1423 et
1472 1383 1732 1424 rhetorices

84 1461 338 1507 praecepta
359 1461 404 1495 et
426 1466 545 1506 quae
565 1454 920 1506 provectiorum
942 1454 1036 1494 iam
1057 1454 1215 1493 stilum
1241 1454 1442 1505 polirent
1470 1456 1729 1506 praelectu-

86 1538 165 1567 ros
185 1538 271 1566 nos
292 1526 516 1575 diximus,
540 1537 723 1565 necnon
751 1536 955 1577 graecae
983 1531 1028 1564 et
1060 1524 1343 1565 haebraic'ae
1372 1526 1561 1577 linguae
1592 1532 1733 1578 atque

87 1609 250 1638 earum
285 1597 631 1649 quaestionum,
671 1608 788 1649 quas
822 1597 967 1648 vulgo
1000 1608 1139 1636 casus
1174 1597 1493 1637 conscientiae
1524 1598 1733 1638 nomina-

88 1681 211 1718 mus,
242 1670 492 1710 lectionem
522 1669 779 1709 habituros.
808 1668 989 1709 Placuit
1024 1669 1194 1709 mirum
1223 1669 1270 1709 in
1298 1669 1489 1709 modum
1516 1670 1734 1710 omnibus

90 1742 207 1781 haec
229 1740 425 1792 Collegii
446 1741 612 1780 forma.
642 1740 860 1780 Protinus
889 1740 949 1780 ad
977 1751 1138 1791 regem
1168 1740 1452 1791 detulerunt,
1478 1741 1577 1781 sine
1599 1742 1734 1782 cuius

90 1813 226 1864 copia
248 1813 313 1852 nil
333 1813 583 1864 quicquam
604 1824 663 1852 ex
691 1812 827 1852 bonis
856 1812 1064 1852 civitatis
1097 1812 1298 1863 expendi
1329 1818 1533 1863 poterat,
1567 1814 1645 1864 qui
1675 1814 1731 1862 ei,

91 1885 169 1936 qui
190 1884 392 1936 primum
412 1884 533 1923 inter
559 1884 775 1924 consules
796 1884 951 1923 locum
973 1883 1231 1934 obtinebat,
1258 1884 1393 1924 nobis
1415 1883 1602 1935 quidem
1624 1886 1736 1925 ami—

92 1956 295 2006 cissimo,
315 1955 512 2006 Collegii
533 1966 696 1995 curam
719 1955 972 2005 delegavit,
996 1961 1045 1995 ut
1065 1961 1110 1995 et
1132 1966 1216 1995 suo
1239 1962 1283 1995 et
1311 1955 1519 1996 civitatis
1547 1957 1736 1996 nomine

93 2034 280 2068 curaret
300 2032 350 2067 ut
371 2027 717 2078 quamprimum
747 2027 971 2066 lectiones
1002 2026 1359 2077 inchoarentur;
1392 2028 1565 2079 nequid
1595 2028 1737 2067 etiam

93 2111 150 2139 ex
166 2099 244 2147 115,
264 2110 383 2150 quae
400 2097 609 2148 Collegio
626 2098 896 2138 necessaria
915 2103 1068 2147 erant,
1089 2098 1293 2148 deesset,
1319 2099 1733 2139 animadverteret.

92 2170 244 2210 Tanta
266 2176 421 2210 autem
444 2169 709 2209 animorum
736 2170 1038 2220 exultatione,
1062 2176 1131 2210 tot
1164 2170 1400 2221 tantisque
1423 2170 1738 2211 oblationibus

94 2241 304 2292 Collegio
325 2240 719 2292 praestandorum
740 2240 1010 2281 inchoatum
1032 2247 1124 2291 est,
1150 2246 1199 2281 ut
1220 2253 1305 2292 pro
1327 2248 1457 2282 certo
1480 2242 1739 2282 habeamus

94 2313 229 2353 brevi
267 2312 417 2352 maius
457 2311 822 2352 Conimbricano
856 2311 1078 2352 futurum.
1110 2312 1160 2352 Id
1191 2319 1348 2353 autem
1375 2313 1512 2352 huius
1543 2312 1739 2363 Collegii

95 2384 300 2425 certiora
321 2383 434 2423 facit
455 2394 610 2423 annua
629 2383 906 2434 vectigalia,
931 2382 1075 2435 quod,
1108 2389 1207 2423 tum
1238 2384 1476 2435 piissimus
1503 2396 1608 2434 rex,
1640 2390 1739 2424 tum

96 2455 237 2495 etiam
258 2461 354 2494 tam
375 2454 621 2505 praeclara
643 2453 833 2503 civitas,
863 2454 1001 2494 huius
1029 2455 1099 2494 rei
1130 2466 1292 2494 curam
1324 2456 1597 2506 susceperit.
1630 2454 1741 2495 Pro-

96 2527 268 2566 missae
290 2532 448 2565 autem
468 2525 692 2564 lectiones
715 2537 742 2564 a
770 2524 882 2564 Divi
908 2525 1066 2565 Lucae
1094 2525 1214 2566 festo
1246 2526 1551 2577 incoeperunt
1581 2527 1739 2578 expla-

96 2599 223 2646 nari,
248 2597 308 2638 ad
329 2608 446 2648 quas
477 2602 636 2636 tantus
659 2596 881 2636 confluxit
912 2596 1179 2637 auditorum
1207 2608 1449 2646 numerus,
1481 2603 1530 2637 ut
1560 2598 1683 2637 hanc
1714 2610 1742 2638 a

99 2667 334 2710 Societate
356 2668 690 2719 obligationem
712 2667 957 2718 exegerint
979 2668 1129 2708 cives:
1152 2675 1201 2708 ut
1222 2670 1352 2720 prius
1374 2669 1743 2721 ulissiponenses

101 2751 241 2791 quam
262 2745 514 2780 extraneos
536 2738 583 2778 in
605 2737 865 2788 Collegium
887 2738 1169 2779 admitteret.

178 2810 401 2862 Largitus
422 2817 666 2861 praeterea
688 2815 757 2848 est
779 2808 934 2849 Ilmus.
959 2809 1060 2850 Rex
1081 2810 1284 2861 domum,
1304 2823 1397 2851 una
1419 2823 1525 2851 cum
1547 2812 1741 2862 egregio

102 2883 293 2934 templo,
331 2881 377 2921 in
408 2893 499 2932 qua
534 2880 799 2920 habitarent
829 2880 1042 2931 professi,
1074 2881 1300 2932 optimam
1328 2882 1455 2922 illam
1481 2882 1670 2934 quidem
1697 2890 1743 2923 et

102 2953 344 3005 aptissimo
373 2952 513 2992 sitam
540 2952 658 3000 lon,
697 2963 788 3003 qua
820 2952 995 3003 habita,
1033 2953 1240 2993 maxima
1273 2954 1488 2994 omnibus
1522 2954 1569 2994 in
1603 2954 1742 2994 domo

101 3025 278 3065 laetitia
296 3030 340 3064 et
360 3024 441 3063 lux
463 3023 682 3073 accessit;
708 3023 914 3063 delectus
936 3023 1058 3063 enim
1079 3030 1189 3064 tunc
1212 3024 1332 3065 inter
1353 3037 1447 3076 eos,
1473 3025 1551 3077 qui
1572 3025 1618 3065 in
1641 3025 1741 3066 Col-
