2080 3392
906 127 990 164 AN.
1022 127 1113 165 1553
1754 127 1827 164 367

181 222 266 261 bus
287 222 433 262 literis
456 222 515 262 ad
537 222 680 262 Rssiaffl
701 229 829 263 tuam
850 223 1124 275 scripsimus
1148 222 1173 274 ¹,
1198 235 1336 275 quem
1358 223 1556 263 daemon
1573 235 1599 262 a
1616 223 1693 274 pio
1716 235 1819 275 pro-

180 293 332 344 posito
351 293 695 334 detractionum
716 295 880 334 naevis
897 293 1146 335 Societatis
1162 294 1351 345 inustis,
1371 299 1656 334 commotum
1673 295 1818 334 semel

179 370 510 414 revocaverat,
536 370 585 404 ut
606 376 768 405 coram
789 364 950 416 Patre,
975 365 1175 405 candido
1198 377 1254 405 ac
1275 376 1475 417 syncero
1492 365 1670 416 animo,
1695 377 1821 405 men-

178 434 236 474 tis
258 435 564 475 mutationem
584 436 825 487 professus
855 448 883 476 a
912 436 1046 476 nobis
1077 448 1216 487 quam
1248 436 1563 476 alienissimus
1590 436 1720 476 visus
1742 437 1818 476 sit.

180 504 323 556 Atqui
344 505 554 546 divinam
578 507 872 547 vocationem
894 506 1099 546 humano
1123 506 1317 546 consilio
1347 518 1441 546 non
1470 506 1570 547 fore
1592 507 1818 547 frustran-

176 575 285 616 dam
306 583 433 617 recte
455 577 734 628 arbitratus,
758 577 975 617 humanis
997 577 1295 617 suasionibus
1316 577 1599 628 suffragium
1615 578 1817 629 repetiit,

175 653 219 687 et
238 648 551 699 palinodiam,
575 660 761 688 omnem
782 659 965 688 moram
986 654 1030 688 et
1053 648 1267 688 inducias
1290 648 1573 699 abrumpens
1592 681 1600 699 ,
1632 649 1817 689 cecinit.

175 718 336 771 Itaque
369 725 539 759 octavo
569 719 697 772 Junii
727 719 773 759 in
800 726 992 759 nostrae
1026 719 1233 759 familiae
1268 720 1626 760 contubernium
1662 732 1765 760 sese
1795 733 1819 760 e

176 789 472 830 xenodochio
494 790 556 841 (in
578 802 668 842 quo
690 790 975 842 pauperibus
995 802 1089 830 non
1110 790 1210 830 sine
1236 790 1382 841 pestis
1408 791 1619 841 periculo
1642 792 1816 831 servie-

176 866 263 912 rat,
298 872 418 912 puro
449 860 624 901 Christi
654 873 814 901 amore
842 868 887 901 et
915 861 1180 901 animarum
1213 861 1313 901 zelo
1349 861 1593 913 impulsus>
1624 864 1816 914 recepit3

176 943 313 983 quem
334 943 496 972 omnes
517 944 609 973 una
631 944 738 973 cum
757 933 860 985 ipso
882 932 1022 973 Patre
1044 932 1333 973 admiramur
1354 938 1399 972 et
1420 933 1745 984 amplectimur
1763 934 1821 974 ob

176 1002 408 1054 insignem
443 1003 735 1043 obedientiae
770 1015 1007 1056 veraeque
1040 1003 1283 1055 religionis
1318 1003 1366 1043 in
1400 1003 1502 1055 ipso
1542 1010 1822 1055 regnantem

176 1072 352 1113 Christi
384 1074 614 1125 spiritum.
647 1075 689 1115 Is
723 1074 975 1127 aliquando
1006 1074 1443 1126 Hypodidascalum
1473 1075 1570 1125 egit
1603 1075 1651 1114 in
1684 1075 1820 1115 Flan—

177 1144 299 1195 dria;
326 1157 502 1185 annum
522 1146 661 1186 modo
683 1145 782 1197 agit
812 1146 1302 1197 vigesimumsextum;
1335 1145 1481 1197 probe
1508 1145 1747 1186 institutus
1772 1147 1820 1187 in

177 1215 325 1256 literis
346 1217 722 1268 humanioribus,
747 1216 1071 1269 philosophiae
1100 1217 1254 1257 studio
1281 1216 1559 1267 designatus
1581 1222 1650 1257 est
1678 1230 1707 1257 a
1736 1217 1821 1257 Pa-

174 1293 268 1338 tre;
292 1294 472 1328 tantam
493 1288 771 1329 modestiam
792 1294 836 1328 et
862 1300 1046 1329 morum
1076 1288 1396 1328 maturitatem
1424 1300 1539 1339 prae
1567 1300 1616 1328 se
1642 1288 1816 1340 ferens,

174 1365 222 1398 ut
243 1370 270 1398 a
291 1359 426 1399 nobis
448 1360 741 1411 trigesimum
757 1360 895 1400 facile
913 1360 1127 1411 attigisse
1144 1371 1318 1400 annum
1336 1359 1569 1400 iudicatus
1585 1360 1658 1400 sit.
1678 1360 1816 1400 Hunc

177 1429 455 1470 Paternitati
475 1436 583 1471 tuae
605 1431 986 1483 acceptissimum
1006 1430 1106 1471 fore
1128 1431 1244 1470 certi
1266 1441 1527 1482 speramus.

250 1501 382 1541 Alter
406 1501 681 1542 adolescens
703 1508 772 1542 est
794 1513 1027 1542 annorum
1047 1501 1394 1552 novemdecim,
1420 1501 1631 1541 honestis
1652 1513 1817 1553 paren—

171 1572 315 1622 tibus,
340 1573 438 1613 vita
460 1573 713 1625 defunctis,
746 1574 794 1614 in
822 1573 1124 1625 Burgundiae
1153 1572 1329 1613 ducatu
1356 1578 1517 1623 natus,
1552 1584 1690 1624 quem
1712 1573 1820 1612 hae-

170 1644 329 1684 redem
346 1645 713 1696 primogenitum
743 1645 1054 1697 reliquerunt,
1080 1655 1217 1684 rarae
1243 1643 1502 1684 modestiae
1532 1655 1588 1684 ac
1611 1644 1815 1695 singula-

171 1715 234 1755 ris
254 1716 443 1767 pietatis
465 1716 598 1756 donis
619 1717 883 1768 praeditus,
906 1716 953 1756 in
974 1716 1123 1756 literis
1150 1715 1331 1766 latinis,
1361 1715 1547 1766 graecis
1568 1721 1613 1755 et
1636 1715 1800 1755 hebrai

170 1786 237 1826 cis
259 1787 554 1828 mediocriter
582 1794 814 1828 versatus.
839 1788 882 1828 Is
904 1788 951 1828 in
971 1787 1146 1828 nostris
1176 1787 1369 1827 aedibus
1397 1792 1617 1838 suscepta
1639 1787 1816 1827 exerci-

169 1857 342 1898 tiorum
371 1864 641 1899 nostrorum
670 1859 833 1900 militia
867 1859 1096 1909 eruditus,
1131 1864 1321 1898 nostrae
1352 1857 1578 1898 Societati
1609 1858 1819 1898 animum

171 1930 347 1981 appulit
369 1936 413 1970 et
434 1931 528 1971 iam
555 1931 800 1971 nobiscum
828 1930 1086 1982 permansit
1114 1930 1364 1980 hactenus,
1398 1935 1557 1980 spreta
1585 1929 1820 1970 honorum

164 1999 399 2052 civilium,
425 2002 485 2042 ad
506 2013 622 2053 quos
643 2015 670 2043 a
692 2003 789 2042 suis
805 2003 1157 2054 provocabatur
1174 2012 1276 2052 spe,
1297 2001 1407 2052 quin
1424 2001 1568 2041 etiam
1582 2001 1817 2041 Abbatiae

170 2078 298 2113 certa
327 2073 659 2125 promissione,
684 2086 710 2114 a
732 2073 936 2126 quodam
962 2072 1147 2113 Abbate
1177 2072 1406 2124 sanguine
1438 2073 1524 2112 sibi
1555 2073 1714 2113 iuncto
1742 2073 1819 2113 ob—

169 2143 314 2194 latae,
351 2144 622 2196 posthabita
656 2145 904 2196 dignitate,
942 2144 1145 2193 ieiuniis,
1185 2144 1336 2184 cilicio
1378 2156 1434 2184 ac
1469 2144 1820 2184 mortificationi

170 2214 242 2254 sui
262 2226 318 2255 ac
339 2216 632 2267 potissimum
653 2215 945 2256 obedientiae
966 2215 1168 2266 legibus,
1193 2214 1361 2266 quibus
1379 2222 1588 2265 caetera,
1613 2215 1672 2255 ad
1693 2226 1814 2266 quae

169 2285 243 2337 pie
263 2298 525 2338 propensus
546 2293 636 2338 est,
660 2287 869 2338 metitur,
894 2286 1262 2336 addictissimuS,
1294 2298 1432 2338 quem
1460 2285 1601 2326 Pater
1620 2298 1706 2338 pro
1729 2298 1816 2326 sua

170 2358 418 2409 prudentia
452 2358 624 2410 optime
657 2358 899 2399 moderari
924 2359 1056 2399 novit
1086 2370 1144 2398 ne
1173 2358 1284 2409 quid
1313 2358 1451 2398 nimis
1482 2358 1690 2398 humeris
1721 2358 1820 2398 suis

173 2429 398 2480 imponat.
441 2429 523 2469 Est
562 2429 685 2470 enim
719 2441 916 2482 corpore
950 2441 1177 2482 procerus
1212 2429 1420 2481 quidem,
1458 2441 1625 2481 parum
1660 2435 1819 2469 tamen

170 2500 411 2551 robustus,
436 2512 721 2553 quamquam
742 2502 966 2542 incolumi
981 2501 1250 2541 valetudine
1272 2501 1494 2552 potiatur.
1512 2500 1555 2540 Is
1573 2501 1620 2540 in
1637 2501 1816 2552 lingua-

169 2583 275 2613 rum
306 2572 459 2612 studio
490 2578 785 2624 perseverat,
820 2584 879 2613 ex
908 2572 1062 2613 Patris
1094 2572 1247 2612 nostri
1277 2572 1494 2623 arbitrio,
1520 2572 1818 2623 potissimum

169 2644 348 2684 latinae
370 2644 559 2695 linguae
581 2643 767 2684 deditus
788 2642 816 2684 ².

230 2804 239 2824 ¹
280 2804 370 2831 Vide
390 2811 503 2838 supra,
520 2811 598 2838 pag.
614 2803 675 2830 286.

226 2851 240 2871 2
275 2851 395 2879 Eritne
412 2852 465 2878 hi'c
482 2852 539 2878 ille
550 2850 699 2884 Jacobus
714 2850 874 2878 Morellus
889 2851 1042 2886 (Morell),
1058 2851 1098 2879 de
1114 2858 1178 2885 quo
1193 2850 1329 2884 saepius
1344 2851 1470 2878 mentio
1485 2853 1635 2880 occurrit
1650 2853 1683 2880 in
1698 2852 1816 2881 Sancti

171 2898 297 2933 Ignatii
314 2899 440 2926 litteris
456 2899 602 2926 nondum
618 2898 728 2933 editis,
746 2906 910 2933 quemque
927 2899 1114 2932 Potaxcus,
1132 2898 1336 2930 chronicon,
1351 2903 1373 2925 t.
1390 2905 1439 2933 111,
1456 2907 1534 2934 pag.
1550 2900 1612 2935 296,
1629 2909 1657 2928 n.
1675 2901 1737 2935 661,
1750 2900 1817 2928 Mo·

170 2947 293 2974 relium
309 2947 478 2982 appellat?
