2080 3392
334 218 403 255 198
844 217 1069 253 LITTERAE
1096 227 1452 259 QUADR1MEsTREs

410 313 596 354 Semina
631 313 758 352 verbi
788 312 877 352 Dei
897 319 1028 352 tanta
1051 324 1156 352 cum
1176 312 1416 363 facundia,
1440 313 1641 363 fervore,
1666 314 1844 364 gratia,
1868 313 1958 354 fra-

331 392 401 424 ter
428 390 585 424 noster
615 383 918 423 charissimus
951 383 1156 436 Joannes
1191 383 1400 434 Baptista
1427 383 1656 433 diffundit,
1689 389 1738 423 ut
1769 385 1959 435 quamli-

331 456 406 494 bet
434 455 606 494 inculta
634 460 760 493 terra
787 454 866 504 sit,
896 466 989 495 non
1018 454 1164 505 possit
1190 466 1283 493 non
1311 455 1506 494 multum
1533 454 1710 494 fructus
1731 454 1905 494 referre
1930 454 1955 495 ¹.

330 525 409 564 Bis
444 525 489 564 in
521 525 778 564 cathedrali
810 526 980 576 templo
1009 537 1034 564 a
1067 525 1273 565 secunda
1295 525 1528 565 dominica
1563 525 1807 565 Adventus
1843 525 1959 577 (quo

330 595 632 646 praedicandi
648 607 815 635 munus
836 607 1031 635 exorsus
1051 596 1140 646 est)
1163 596 1325 635 eadem
1347 596 1500 646 gratia
1521 595 1825 647 praedicavit.
1852 595 1957 636 Offi—

329 666 509 706 ciorum
548 677 660 706 vero
699 665 1101 706 decantandorum
1139 667 1384 717 prolixitas
1420 666 1569 706 effecit
1609 674 1657 706 ut
1691 667 1817 706 aliud
1849 672 1957 706 tem-

329 738 454 788 plum
482 748 594 777 sane
615 737 924 788 commodius,
949 737 1073 789 quod
1102 738 1296 787 fratres,
1321 737 1445 777 servi
1472 738 1614 788 vulgo
1645 737 1777 787 dicti,
1803 737 1959 777 offere-

329 808 461 858 bant,
485 808 788 859 praedicandi
809 808 963 858 gratia
985 809 1316 863 acceperimusr
1341 808 1391 848 In
1411 809 1499 847 hoc
1518 808 1762 847 dominicis
1779 808 1959 859 quibus-

329 890 417 929 que
439 879 599 918 diebus
620 885 750 918 tanto
774 879 1034 935 confluente
1062 879 1302 918 hominum
1332 890 1525 918 numero
1556 879 1751 918 verbum
1772 878 1961 918 Domini

328 949 675 998 disseminavit,
712 956 761 989 ut
794 950 1119 1001 processiones
1146 950 1221 989 vel
1247 961 1445 1001 pompas
1471 949 1518 989 in
1545 949 1772 989 honorem
1807 960 1959 989 sacro-

329 1021 480 1060 sancti
502 1021 785 1075 sacramenti
807 1021 1035 1060 celebrari
1056 1021 1217 1060 solitas
1235 1019 1333 1071 jam
1354 1020 1574 1070 secundo,
1597 1032 1691 1060 non
1711 1021 1800 1060 loci
1819 1031 1960 1070 angu-

327 1091 416 1131 stia
439 1091 521 1140 (est
545 1092 666 1131 enim
689 1093 909 1142 templum
932 1092 1020 1131 hoc
1047 1091 1301 1141 magnum),
1326 1090 1407 1130 sed
1429 1103 1540 1142 prae
1562 1091 1696 1130 turba
1719 1091 1957 1130 consertis-

332 1161 448 1201 sima
473 1174 659 1202 cessare
680 1173 872 1202 necesse
893 1162 1045 1201 fuerit.

407 1233 509 1273 Hac
539 1233 898 1284 quadragesima
927 1233 1039 1284 pagi
1068 1239 1112 1272 et
1143 1234 1355 1283 castella,
1387 1232 1444 1272 D.
1476 1232 1595 1272 Rmi.
1626 1233 1828 1272 dioecesi
1858 1232 1959 1272 sub-

327 1303 438 1353 dita,
464 1304 645 1343 visitari
668 1310 831 1354 coepta
855 1310 974 1343 sunt.
999 1303 1049 1343 In
1075 1304 1226 1354 primo
1255 1315 1378 1355 pago
1408 1310 1587 1343 tantam
1615 1303 1843 1343 Dominus
1870 1303 1958 1343 fra-

324 1375 385 1414 tri
407 1375 531 1414 dedit
552 1375 754 1425 gratiam
776 1380 823 1414 ut
846 1374 1163 1414 confessiones
1193 1376 1349 1426 plures
1377 1375 1591 1425 triginta,
1621 1380 1806 1426 praeter
1834 1374 1958 1414 inve-

325 1451 524 1484 teratam
545 1446 633 1484 loci
656 1445 1059 1496 consuetudinem,
1096 1445 1248 1496 prima
1270 1445 1519 1485 Dominica
1539 1445 1673 1484 nobis
1704 1445 1960 1485 audiendas

324 1515 558 1566 detulerit,
583 1517 830 1567 pluresque
852 1517 995 1555 multo
1019 1516 1382 1566 audivissemus,
1407 1516 1445 1556 si
1466 1528 1558 1556 nox
1586 1516 1958 1567 intempestivior

323 1586 517 1627 infestas
538 1587 754 1627 tenebras
776 1599 867 1627 non
889 1587 1140 1627 offudisset.
1165 1587 1215 1627 In
1237 1587 1442 1627 secundo
1465 1593 1559 1626 tres
1576 1587 1952 1638 praedicationes

323 1658 441 1698 mira
481 1659 714 1698 suavitate
753 1658 875 1698 idem
911 1658 1218 1709 deprompsit,
1258 1658 1424 1709 quibus
1459 1658 1709 1697 multorum
1745 1663 1959 1709 peccato-

323 1741 427 1769 rum
449 1730 643 1778 animas,
664 1741 813 1780 prava
832 1729 973 1769 etiam
991 1729 1341 1769 contaminatas
1363 1729 1590 1780 peccandi
1608 1728 1957 1778 consuetudine,

324 1800 384 1839 ad
406 1799 713 1839 confessionis
736 1800 992 1839 antidotum
1018 1800 1190 1850 coegit,
1226 1800 1344 1839 adeo
1372 1805 1421 1839 ut
1456 1806 1554 1839 toto
1584 1798 1656 1839 die
1690 1799 1748 1839 ad
1775 1799 1959 1851 profun-

323 1871 432 1910 dam
452 1877 659 1921 noctem,
684 1882 740 1910 ne
761 1871 863 1910 loco
886 1871 1071 1922 quidem
1094 1870 1313 1910 movendi
1342 1870 1476 1910 nobis
1504 1870 1796 1910 audientibus
1830 1870 1958 1910 dare-

323 1947 397 1981 tur
419 1941 633 1981 facultas.
658 1941 815 1980 Tertio
834 1941 906 1980 die
928 1941 1049 1980 idem
1068 1940 1245 1981 factum
1264 1941 1321 1980 iri
1350 1941 1649 1991 sperabatur,
1679 1927 1775 1980 nisi
1797 1941 1960 1980 schola

320 2019 533 2052 nostram
568 2023 759 2063 operam
787 2012 1069 2062 repetiisset,
1100 2012 1278 2063 iterque
1306 2012 1511 2062 longius,
1545 2016 1704 2062 utpote
1738 2022 1959 2061 passuum

320 2083 567 2123 duodecim
602 2083 814 2132 millium,
853 2083 1122 2122 maturioris
1150 2083 1327 2122 reditus
1356 2082 1687 2122 admonuisset.
1723 2081 1959 2133 Quantum

320 2153 512 2194 Castelli
535 2153 753 2204 oppidive
784 2154 1044 2193 rectoribus
1072 2165 1127 2192 ac
1157 2153 1404 2204 oppidanis
1434 2160 1596 2192 noster
1622 2153 1851 2204 placuerit
1883 2153 1956 2192 ad-

323 2232 510 2274 ventus,
535 2225 749 2275 ingratus
771 2224 908 2263 fuerit
930 2235 1164 2275 recessus,
1188 2236 1282 2263 non
1310 2224 1446 2263 modo
1474 2224 1630 2263 verbis
1662 2224 1960 2263 declararunt

321 2302 366 2335 et
386 2295 675 2344 muneribus,
710 2295 816 2334 licet
844 2306 937 2334 non
965 2295 1194 2345 acceptis,
1229 2295 1310 2334 sed
1338 2295 1510 2334 nuncio
1541 2295 1599 2334 ad
1627 2293 1683 2334 D.
1717 2293 1960 2334 Vicarium

320 2366 478 2415 misso,
503 2378 594 2417 quo
615 2372 825 2405 nostram
847 2376 1041 2416 operam
1062 2377 1146 2416 pro
1168 2371 1265 2405 tota
1289 2365 1650 2416 quadragesima
1682 2365 1956 2404 obtinerent.

402 2436 493 2477 Sed
514 2436 738 2476 memoria
767 2435 864 2476 fere
895 2436 1168 2475 exciderant
1197 2436 1269 2475 die
1300 2436 1590 2488 Epiphaniae
1625 2443 1825 2487 quatuor
1856 2447 1959 2475 con-

323 2507 482 2547 ciones
510 2507 725 2547 discretis
753 2507 799 2546 in
826 2507 941 2546 locis
968 2507 1174 2557 habitae,
1215 2519 1412 2558 quarum
1447 2518 1539 2547 una
1571 2512 1678 2546 ante
1709 2507 1959 2557 communi-

323 2579 555 2618 cationem
590 2578 882 2618 sacrosancti
917 2577 1130 2627 corporis
1168 2577 1405 2617 Dominici
1444 2584 1599 2618 tantos
1637 2577 1957 2628 plangentium

322 2649 786 2700 misericordiamque
826 2648 913 2688 Dei
952 2648 1300 2699 implorantium
1336 2649 1556 2699 strepitus
1595 2648 1872 2698 suscitavit,
1910 2655 1959 2688 ut

320 2726 479 2759 tantae
509 2719 772 2759 devotionis
800 2726 1059 2768 auctorem,
1085 2718 1256 2769 Deum,
1282 2719 1503 2759 laudandi
1526 2730 1699 2770 magna
1726 2719 1785 2758 sit
1815 2718 1958 2758 omni-

322 2791 408 2830 bus
448 2791 658 2840 praebita
698 2789 908 2829 materia.
953 2789 1136 2829 Civium
1177 2789 1495 2829 confitentium
1540 2801 1759 2829 numerus
1805 2789 1957 2829 adhuc

379 2973 388 2992 ¹
428 2973 514 3001 Vide
539 2978 669 3007 tamen,
693 2974 799 3007 infra,
819 2974 955 3000 litteras
979 2972 1082 3007 ipsius
1100 2972 1239 3000 Oliverii
1264 2973 1295 2999 31
1313 2973 1391 3000 Maii
1407 2973 1507 3000 datas
1523 2979 1554 3000 et
1570 2980 1654 3007 quac
1677 2973 1720 3000 ibi
1746 2972 1961 3000 animadver-

322 3022 438 3048 timus.
