2080 3392
328 200 398 236 694
835 204 1061 242 LITTERAE
1088 217 1447 249 QUADRIMESTRES

327 302 421 335 tam
443 302 486 335 et
507 299 804 349 tranquillam
823 300 970 341 vitam
991 301 1181 353 degere,
1215 316 1269 344 ac
1303 305 1342 344 si
1372 306 1417 345 in
1448 307 1684 347 coenobiis
1705 321 1945 351 versaren-

328 373 420 416 tur,
446 367 710 419 videamus;
736 369 866 421 cujus
888 372 955 411 rei
976 372 1124 424 fama,
1148 386 1229 425 per
1249 375 1406 416 vicina
1433 377 1525 416 iam
1553 378 1720 429 oppida
1743 379 1946 421 dissemi-

325 443 458 488 nata,
482 444 531 477 ut
552 440 683 479 multi
705 452 763 480 ex
784 441 873 481 illis
893 442 953 482 ad
974 455 1060 483 nos
1080 451 1278 495 peccata
1299 446 1471 487 fassuri
1492 449 1685 489 veniant
1706 450 1859 490 efficit.

404 507 535 548 Multi
558 509 621 549 ita
642 511 767 551 vitae
790 518 834 552 et
855 514 1086 555 rationem
1109 522 1152 555 et
1174 517 1488 558 conditionem
1518 526 1773 572 mutarunt,
1802 527 1851 561 ut
1873 523 1950 565 alii

323 580 547 619 coenobia
568 583 790 622 nonnulla
821 584 1023 634 ingressi
1045 587 1158 638 sint;
1183 588 1260 627 alii
1282 600 1388 628 cum
1419 590 1484 640 id,
1515 591 1799 632 matrimonii
1826 593 1948 633 colli-

320 650 417 699 gati
454 651 658 703 vinculo,
695 653 852 694 facere
887 667 980 696 non
1017 664 1222 708 possent,
1253 659 1317 699 ita
1347 666 1505 700 tamen
1538 662 1716 713 seipsos
1747 664 1948 703 ommino

320 721 521 771 egressi,
558 721 709 763 Deum
751 726 822 772 (ut
857 726 921 766 ita
960 726 1134 778 dicam)
1175 729 1357 780 ingredi
1392 743 1673 784 carnemque
1707 745 1947 774 macerare

319 800 452 830 suam
488 799 731 845 conantur,
762 801 812 835 ut
839 797 928 837 nisi
962 804 1148 849 patrum
1182 801 1369 841 monitis
1403 801 1764 855 refrenarentur,
1802 806 1946 845 multa

320 868 495 911 essent,
537 874 656 914 quae
697 866 1034 908 mediocritatis
1069 870 1349 911 excederent
1387 872 1591 924 modum,
1630 875 1793 914 acturi.
1830 875 1946 916 Nolo

320 944 443 972 nunc
463 933 563 982 (nec
581 935 704 975 enim
720 936 767 976 id
783 938 1007 989 epistolae
1026 941 1140 979 satis
1155 940 1354 982 fortasse
1372 948 1530 994 aptum
1548 944 1630 994 est)
1648 945 1807 995 multa,
1828 957 1946 997 quae

317 1003 474 1043 multis
508 1004 637 1045 Deus
676 1008 877 1058 optimus
919 1011 1152 1051 maximus
1189 1013 1561 1054 confessionibus
1589 1022 1946 1068 nostrorumque

317 1074 620 1116 concionibus
643 1080 888 1123 concessit.
923 1082 1139 1132 quamvis
1167 1083 1259 1123 sint
1285 1083 1363 1123 illa
1391 1095 1564 1135 magna
1594 1085 1793 1137 quidem,
1824 1099 1944 1127 com-

315 1155 591 1187 memorare.

393 1214 642 1267 Superiore
673 1206 1035 1272 quadragesima
1066 1223 1156 1263 duo
1184 1236 1242 1264 ex
1269 1226 1441 1266 nostris
1470 1227 1517 1266 in
1544 1226 1723 1267 duabus
1749 1227 1942 1280 Collegii

313 1285 529 1327 Abbatiis
550 1289 658 1329 hinc
679 1291 810 1330 missi
831 1302 936 1332 cum
964 1293 1227 1334 animarum
1247 1296 1475 1347 profectu,
1498 1298 1622 1349 apud
1643 1297 1701 1338 D.
1733 1311 1940 1350 praeser-

314 1357 397 1396 tim
419 1358 614 1399 Antonii
643 1360 698 1400 de
727 1361 1008 1414 Bene—spera,
1039 1365 1096 1404 ob
1125 1364 1350 1416 majorem
1381 1368 1642 1408 incolarum
1667 1368 1831 1419 judicii
1861 1371 1940 1410 ali-

311 1440 451 1479 quam
479 1431 811 1483 capacitatem,
843 1435 1109 1475 concionati
1144 1442 1265 1476 sunt.
1301 1437 1510 1490 Cumque
1544 1441 1676 1480 multi
1712 1441 1941 1491 spiritalia

310 1501 534 1541 exercitia
555 1501 712 1542 facere
733 1515 828 1543 non
849 1516 1014 1555 parum
1036 1512 1267 1559 optarent,
1292 1520 1384 1548 non
1413 1509 1492 1560 eis,
1518 1511 1730 1560 patribus
1758 1512 1941 1563 piarum

311 1571 509 1611 aliarum
530 1584 687 1613 rerum
708 1576 1097 1626 occupationibus
1120 1578 1368 1630 impeditis,
1392 1580 1664 1621 satisfacere
1684 1583 1828 1623 licuit.
1851 1583 1937 1624 No-

306 1642 386 1681 bili
408 1643 595 1683 cuidam
616 1650 812 1696 tantum,
845 1658 902 1686 ex
931 1659 1021 1698 quo
1051 1648 1251 1699 majores
1279 1650 1325 1690 in
1353 1651 1492 1691 rebus
1520 1653 1806 1703 spiritalibus
1835 1666 1938 1705 pro—

308 1719 475 1753 ventus
497 1721 627 1754 certo
657 1717 983 1769 sperabantur,
1008 1719 1054 1758 id
1083 1731 1360 1761 concessum
1388 1728 1470 1762 est.
1507 1723 1590 1763 Cui
1620 1729 1687 1764 tot
1713 1730 1937 1777 tantaque

306 1782 537 1824 Dominus
560 1786 784 1837 elargitus
807 1794 876 1827 est
897 1795 945 1828 ut
967 1801 1079 1830 suae
1101 1802 1224 1830 nunc
1257 1792 1382 1832 vitae
1412 1794 1724 1834 sanctimonia
1752 1807 1806 1836 ac
1834 1797 1934 1836 reli-

304 1854 446 1904 gione
497 1857 709 1897 omnibus
756 1858 1129 1900 aedificationem
1187 1863 1443 1904 maximam
1490 1866 1727 1915 praebeat.
1775 1866 1932 1907 Matri-

304 1926 511 1965 monium
546 1934 791 1977 praeterea
822 1930 1056 1980 quoddam
1092 1933 1384 1974 eleemosinis
1406 1935 1465 1974 ad
1492 1935 1536 1974 id
1559 1937 1844 1987 comparatis
1866 1945 1934 1978 est

305 1996 592 2048 confectum,
635 2010 694 2038 ex
733 2011 823 2050 quo
866 2001 1030 2051 ingens
1065 2002 1165 2043 Deo
1206 2005 1363 2044 multis
1402 2006 1660 2046 rationibus
1697 2010 1932 2049 emanavit

304 2067 419 2106 laus.

386 2137 473 2178 Hic
497 2151 595 2189 sex,
621 2139 698 2191 qui
715 2140 811 2191 jam
832 2143 1073 2183 literarum
1097 2145 1261 2185 studiis
1284 2154 1592 2197 vacaverunt,
1625 2155 1785 2189 nostro
1806 2150 1929 2190 insti-

306 2215 405 2248 tuto
429 2211 543 2250 satis
567 2212 663 2262 apti
685 2211 876 2252 admissi
903 2220 1032 2265 sunt,
1058 2227 1115 2254 ex
1137 2217 1302 2267 quibus
1331 2218 1473 2269 aliqui
1501 2219 1548 2259 in
1569 2221 1801 2260 secundae
1828 2233 1928 2272 pro-

301 2279 502 2320 bationis
529 2281 687 2333 domo,
720 2284 797 2323 alii
825 2296 937 2324 vero
966 2286 1013 2325 in
1043 2286 1221 2337 primae
1250 2290 1579 2341 exercitiisque
1611 2291 1930 2342 spiritualibus

303 2358 566 2391 versantur.
605 2352 782 2403 Quibus
817 2356 1030 2396 omnibus
1065 2363 1110 2396 et
1143 2359 1361 2398 examina
1397 2367 1440 2400 et
1477 2361 1595 2401 aliae
1630 2363 1929 2413 probationes

301 2422 748 2476 constitutionesque
786 2437 959 2476 magna
996 2438 1101 2467 cum
1140 2429 1461 2470 satisfactione
1499 2433 1767 2483 propositae
1804 2440 1923 2473 sunt.

301 2492 439 2532 Faxit
467 2494 596 2534 Deus
627 2502 675 2535 ut
710 2497 833 2547 quod
870 2497 981 2537 talia
1017 2499 1293 2549 pollicentur
1326 2501 1470 2552 initia,
1510 2502 1844 2544 incrementum
1881 2505 1926 2545 in

300 2562 502 2603 Domino
525 2566 851 2617 subsequatur.

380 2635 473 2674 Alii
490 2637 631 2675 etiam
654 2637 699 2676 in
721 2644 933 2678 nostram
954 2638 1235 2680 Societatem
1257 2643 1402 2693 recipi
1423 2644 1724 2684 Vehementer
1746 2652 1921 2696 optant.

299 2704 507 2754 Quorum
530 2707 616 2746 etsi
638 2714 733 2747 tam
755 2720 781 2747 a
810 2715 978 2748 natura
1007 2721 1235 2751 concessa
1263 2724 1472 2763 munera,
1502 2721 1551 2754 ut
1578 2715 1623 2754 in
1651 2716 1796 2756 literis
1823 2728 1923 2767 pro-

298 2786 504 2824 gressus,
529 2789 667 2827 quam
685 2779 905 2829 spiritalis
926 2780 1175 2831 profectus,
1196 2783 1473 2824 confitentur
1492 2786 1613 2825 enim
1627 2785 1804 2836 jamdiu
1820 2800 1920 2839 pec-

298 2852 403 2884 cata
444 2848 631 2897 saepius
671 2855 714 2888 et
750 2849 872 2900 apud
907 2861 992 2889 nos
1026 2850 1295 2902 frequentes
1329 2861 1456 2905 sunt,
1492 2855 1620 2895 Patri
1650 2857 1918 2908 probentur,

299 2916 452 2955 adhuc
474 2925 630 2957 tamen
652 2918 695 2957 id
719 2920 784 2959 eis
807 2920 1195 2971 denegatum-est.
1218 2923 1433 2964 Christus
1455 2926 1656 2976 optimus
1673 2928 1918 2978 maximus,

298 2986 337 3024 si
359 2986 403 3024 id
426 2987 471 3025 in
493 3000 623 3028 suam
646 2990 780 3030 cedat
802 2992 999 3043 laudem,
1019 2998 1067 3032 ut
1085 2993 1131 3032 in
1153 3005 1285 3034 suam
1305 2996 1443 3035 etiam
1460 2995 1740 3038 Societatem
1757 2999 1918 3038 admit-
