2080 3392
862 200 947 237 AN.
978 200 1068 239 1553
1722 202 1786 238 141

146 297 245 338 vini
279 296 416 337 officii
447 303 746 348 ornamenta,
785 304 943 350 utpote
975 299 1168 350 calices,
1200 299 1430 351 ampullas
1461 305 1714 350 argenteas
1745 306 1790 339 et

144 368 334 418 similia,
360 379 478 419 quae
499 367 723 408 Societati
745 369 958 419 donavit,
984 381 1146 410 omnes
1168 371 1309 411 etiam
1329 381 1564 422 expensas
1592 376 1635 410 et
1668 382 1790 410 sum-

146 446 272 491 ptus,
298 450 415 490 quae
436 439 576 479 Pater
607 439 653 479 in
681 451 765 480 sua
794 440 1062 480 infirmitate
1092 442 1274 492 habuit,
1306 448 1544 493 totamque
1574 442 1788 493 pecunia-

144 522 248 551 rum
268 521 500 550 summam
521 510 714 551 medicis
735 511 1077 552 numerandam
1094 514 1316 561 exsolvit;
1342 514 1475 565 plura
1493 524 1676 564 quoque
1698 525 1791 553 non

145 582 245 633 ipsa
277 581 543 632 dumtaxat,
581 582 663 622 sed
698 588 742 622 et
778 594 940 623 omnes
976 583 1076 623 eius
1114 584 1273 634 amici,
1311 583 1536 625 Societati
1570 585 1791 625 exhibere

145 653 453 703 contendunt,
480 665 621 705 quam
643 654 909 706 specialiter
930 655 1026 694 suis
1049 655 1343 695 testamentis
1368 655 1650 706 inscribunt,
1685 655 1791 696 licet

144 735 209 764 ex
241 726 521 765 testamento
559 726 755 776 Patris,
784 729 981 777 praeter
1016 726 1250 778 depictam
1283 727 1538 777 qnamdam
1569 727 1790 767 tabellam

146 799 352 846 quatuor
379 796 778 848 novissimorum,
813 797 1076 849 acceperint
1104 796 1247 848 m‘lzz'l,
1283 808 1424 848 qnam
1461 798 1508 837 in
1537 798 1792 849 primariis

145 877 347 906 suarum
379 867 566 908 aedium
602 868 744 919 locis,
780 868 923 920 quasi
953 872 1174 908 sanctum
1209 868 1345 920 qued,
1379 869 1428 907 in
1465 868 1709 920 specztlmn
1749 874 1792 909 et

146 937 439 978 devotionem
461 940 671 980 omnium
696 939 1073 991 ingredientitmz
1096 939 1344 980 collocant.

226 1009 289 1050 At
326 1010 443 1050 haec
478 1010 639 1051 forsan
666 1018 853 1052 terrena
883 1011 1084 1052 dixeris:
1114 1023 1280 1051 verum
1311 1017 1356 1052 et
1383 1012 1645 1063 spiritualia
1673 1024 1791 1063 quae

145 1081 375 1122 Dominus
399 1083 593 1123 contulit
615 1095 701 1123 nec
722 1095 916 1135 prorsus
937 1083 1074 1123 flocci
1093 1083 1341 1135 pendenda
1363 1095 1466 1123 esse
1488 1096 1546 1124 ex
1567 1084 1656 1124 hoc
1679 1084 1792 1124 satis

148 1158 364 1193 constare
386 1161 518 1205 puto,
549 1155 673 1206 quod
702 1155 747 1194 in
777 1154 985 1194 cubiculo
1008 1165 1095 1195 suo
1118 1166 1201 1194 seu
1220 1155 1341 1205 aula,
1362 1155 1440 1195 ubi
1456 1154 1723 1195 celebrabat
1743 1155 1792 1194 in

146 1222 299 1263 altari
319 1225 562 1276 portatile)
591 1226 705 1265 adeo
743 1225 867 1278 (quia
889 1226 935 1266 in
966 1226 1202 1278 publicum
1232 1227 1361 1266 exire
1393 1238 1669 1266 concessum
1700 1238 1793 1266 non

149 1295 264 1345 erat)
288 1296 689 1337 communicantes
711 1297 906 1337 haberet
926 1299 1114 1348 multos,
1133 1298 1255 1338 inter
1277 1309 1395 1349 quos
1416 1303 1567 1338 mater
1589 1298 1795 1338 carnalis

148 1367 451 1418 nonnullique
474 1369 735 1409 amicorum
757 1369 826 1409 bis
847 1369 894 1409 in
916 1369 1209 1410 hebdomada
1227 1380 1234 1419 ;
1258 1380 1446 1409 sorores
1468 1381 1582 1410 vero
1600 1369 1796 1420 singulis

148 1438 330 1489 diebus,
355 1451 528 1491 magno
555 1440 743 1481 fervore
772 1447 816 1481 et
844 1440 1074 1481 desiderio
1104 1447 1319 1481 sanctam
1350 1440 1649 1493 frequentant
1672 1452 1794 1481 com-

148 1510 429 1551 munionem.
462 1511 592 1551 Unde
622 1516 809 1553 constat
839 1524 933 1553 non
961 1513 1064 1553 sine
1087 1513 1286 1563 foenore
1317 1513 1518 1552 Patrem
1548 1525 1576 1552 a
1607 1513 1716 1553 suis
1746 1512 1794 1552 in

153 1582 359 1622 adversa
380 1582 468 1622 hac
487 1583 760 1623 valetudine
782 1588 1055 1636 susceptum
1081 1585 1233 1624 fnisse
1249 1617 1261 1634 ,
1284 1595 1388 1623 cum
1410 1596 1503 1624 non
1524 1590 1707 1624 tantum
1738 1585 1795 1625 ab

146 1653 259 1704 ipsis
280 1653 326 1693 in
349 1666 546 1705 corpore
566 1655 817 1696 roboratus
838 1655 1054 1696 discessit
1075 1661 1302 1708 quantum
1326 1655 1415 1707 ipsi
1436 1655 1483 1695 in
1500 1656 1666 1707 spiritu
1690 1668 1794 1696 con-

150 1723 310 1764 fortati
333 1732 621 1766 manserunt.

225 1795 532 1837 Venerabiles
552 1796 744 1838 Domini
761 1797 1016 1849 Doctores,
1043 1811 1069 1838 a
1091 1810 1184 1851 quo
1202 1811 1260 1839 ex
1280 1799 1490 1839 Concilio
1508 1798 1703 1839 reduces
1721 1798 1795 1838 hic

140 1868 330 1919 excepti
363 1876 491 1918 sunt,
525 1880 748 1920 magnam
781 1869 1006 1910 Societati
1038 1882 1226 1922 semper
1260 1870 1564 1911 ostenderunt
1595 1870 1795 1910 charita-

145 1943 250 1978 tem.
285 1938 406 1978 Rdus
437 1939 666 1980 Dominus
697 1941 1019 1981 Cancellarius
1056 1940 1063 1959 ¹
1100 1942 1258 1982 statim
1289 1948 1396 1993 post
1426 1942 1629 1982 reditum
1659 1953 1794 1981 suum

143 2021 228 2049 nos
267 2011 562 2061 colloquendi
596 2012 752 2063 gratia
792 2013 850 2052 ad
888 2013 1138 2064 prandium
1174 2013 1390 2062 vocavit,
1429 2024 1520 2064 quo
1561 2013 1792 2062 absolutO,

146 2081 352 2122 animum
388 2094 503 2134 erga
530 2095 617 2123 nos
646 2096 782 2124 suum
811 2085 996 2136 aperire
1025 2085 1179 2136 coepit
1208 2085 1447 2136 inquiens:
1483 2084 1621 2124 “nihil
1650 2090 1719 2124 est
1750 2084 1796 2123 in

146 2164 235 2203 quo
277 2165 380 2193 mea
421 2166 564 2206 opera
599 2155 734 2195 vobis
768 2156 993 2207 prodesse
1028 2163 1216 2208 potero,
1255 2157 1366 2207 quin
1401 2155 1525 2196 facto
1571 2167 1793 2207 exequar,

145 2224 449 2276 eamdemque
485 2227 543 2266 ad
579 2227 735 2267 omnia
770 2239 858 2267 vos
892 2228 1016 2279 apud
1051 2240 1124 2268 me
1159 2228 1425 2271 libertatem
1457 2227 1629 2267 habere
1666 2228 1791 2276 volo,

147 2306 236 2346 qua
259 2296 358 2347 ipse
380 2308 490 2336 usus
512 2309 615 2338 sum
636 2298 682 2338 in
705 2298 914 2339 Concilio
932 2311 1038 2339 cum
1055 2298 1346 2339 Reverendis
1364 2298 1582 2338 Patribus
1600 2298 1792 2345 nostris,

147 2366 207 2406 M.
231 2366 286 2406 N.
317 2367 485 2408 Iacobo
507 2369 698 2421 Laynez
720 2376 765 2410 et
791 2370 1037 2421 Alphonso
1070 2369 1336 2418 Salmeron,
1368 2381 1473 2410 cum
1505 2370 1673 2421 quibus
1695 2369 1795 2409 vixi

147 2448 288 2488 quarn
308 2437 696 2490 familiarissime„
715 2473 722 2491 ,
745 2452 944 2492 quorum
964 2442 1101 2481 simul
1122 2448 1167 2481 et
1187 2441 1247 2481 V.
1272 2441 1321 2481 P.
1353 2441 1576 2481 charitati
1603 2452 1652 2480 se
1682 2442 1794 2479 mul-

148 2514 245 2549 tum
266 2511 576 2551 commendat.
600 2511 830 2552 Eumdem
850 2513 993 2553 animi
1024 2513 1249 2553 affectum
1279 2511 1479 2552 ostendit
1508 2511 1794 2551 venerabilis

148 2579 376 2621 Dominus
398 2581 457 2622 M.
480 2581 535 2622 N.
560 2582 838 2634 Tilletanus,
868 2584 966 2636 qui,
998 2585 1046 2624 in
1075 2584 1227 2635 primo
1258 2583 1316 2623 ad
1346 2594 1451 2623 eum
1474 2593 1691 2633 accessu,
1717 2594 1794 2622 ex-

149 2651 294 2691 tensis
313 2664 386 2692 me
408 2653 695 2704 amplectens
716 2655 837 2694 ulnis
859 2655 1245 2705 exosculabatur,
1277 2654 1473 2694 sollicite
1501 2665 1643 2693 orans
1664 2665 1722 2693 ne
1744 2665 1793 2694 se

149 2722 208 2761 V.
244 2723 292 2763 P.
331 2724 677 2776 praedictisque
712 2725 929 2766 Patribus
964 2726 1011 2766 in
1045 2726 1219 2766 nostris
1255 2725 1423 2765 litteris
1463 2725 1793 2765 commendare

149 2793 431 2844 omitterem,
466 2807 524 2835 ex
552 2796 720 2847 quibus
750 2803 975 2849 quantum
1004 2798 1051 2837 in
1083 2797 1293 2838 Concilio
1324 2796 1416 2836 sint
1447 2795 1683 2836 aedificati
1713 2796 1793 2836 vix

148 2865 305 2905 verbis
344 2866 586 2907 declarare
627 2869 827 2908 valeam.
866 2868 916 2909 In
955 2868 1075 2909 festo
1112 2868 1319 2908 omnium
1357 2866 1638 2908 Sanctorum
1674 2879 1793 2907 unus

206 3028 215 3047 Ι
257 3027 417 3056 Ruardus
435 3029 578 3064 Tapper.
