2080 3392
857 152 941 189 Ax.
973 151 1065 189 1553
1717 152 1792 189 379

142 247 188 286 in
211 253 423 287 nostram
452 246 737 289 Societatem
763 249 960 290 admitti.
990 249 1170 290 Verum
1202 260 1308 289 cum
1337 249 1412 288 hic
1447 255 1491 288 et
1520 249 1613 289 loci
1642 260 1786 300 angu-

142 319 232 359 stia
254 325 299 359 et
321 320 686 372 occupationum
712 321 976 373 frequentia
1005 321 1160 361 obsint
1190 321 1249 361 ad
1279 320 1504 361 exercitia
1526 320 1785 372 spiritualia

144 390 478 443 impartienda,
504 391 563 432 ad
584 392 702 432 alias
723 393 888 433 domos
909 393 1289 433 transmittimus.

223 461 294 502 Ex
315 469 476 503 nostro
499 462 708 515 Collegio
729 463 1089 504 Salmanticensi
1110 476 1283 504 venere
1312 470 1512 516 quatuor
1533 463 1703 504 fratres
1726 464 1786 504 ad

143 544 306 573 sacros
328 533 515 574 ordines
531 535 862 586 promovendi,
888 536 1014 587 quod
1045 547 1150 575 cum
1182 535 1384 587 primum
1411 535 1674 575 nuntiatum
1703 534 1786 575 fuit

141 604 372 656 aliquibus
394 605 720 656 hospitalibus,
751 606 912 646 statim
938 606 1166 658 praefecti
1195 607 1421 647 miserunt
1450 607 1681 646 instanter
1710 617 1784 657 pe-

142 681 292 716 tentes
323 688 485 716 eorum
514 677 789 728 conciones;
823 683 954 717 tanto
985 677 1109 718 enim
1140 689 1300 718 amore
1332 685 1677 730 prosequuntur
1707 690 1784 718 nO=

140 754 288 787 stram
309 747 592 788 Societatem
614 747 752 800 hujus
780 749 939 801 oppidi
971 750 1199 800 cultores,
1234 755 1283 789 ut
1315 762 1408 790 non
1441 750 1651 790 dubitent
1680 762 1784 790 con-

141 818 300 858 ciones
334 818 553 870 fratrum,
587 820 626 860 si
663 832 782 872 quae
814 826 993 871 essent,
1025 821 1362 872 praeferendas
1399 821 1622 872 caeteris3
1662 822 1787 873 quod

140 890 353 931 videntes
374 892 523 931 nostri
544 892 736 938 fratres,
761 892 1018 933 Dominum
1038 892 1376 933 benedicebant
1394 904 1479 944 pro
1498 899 1629 933 tanta
1651 893 1786 933 bene-

141 962 345 1002 volentia
368 969 412 1003 et
433 963 746 1014 humanitate,
772 975 914 1016 quam
934 964 1104 1016 ubique
1126 953 1505 1016 experiebantur.

219 1033 327 1074 Alia
349 1035 577 1075 exercitia
598 1035 832 1076 invisendi
863 1035 1139 1088 hospitalia,
1171 1036 1355 1076 vinctos
1389 1042 1433 1076 et
1464 1035 1699 1088 infirmos,
1730 1036 1789 1076 de

143 1105 309 1157 quibus
339 1106 386 1145 in
419 1105 522 1146 aliis
554 1106 613 1146 ad
641 1112 771 1147 tuam
801 1107 855 1148 R.
893 1107 944 1148 Ρ.
980 1108 1278 1160 scripsimuS,
1312 1107 1503 1147 Domini
1535 1109 1784 1148 clementia

142 1188 325 1228 semper
347 1183 599 1228 augentur,
625 1190 678 1218 eo
695 1189 842 1230 usque
859 1184 909 1219 ut
926 1177 1205 1219 Sacerdotes
1232 1178 1343 1230 ipsi,
1368 1178 1534 1230 quibus
1555 1190 1670 1219 cura
1692 1179 1786 1219 ani-

145 1259 327 1288 marum
347 1248 594 1299 incumbit,
618 1255 668 1289 ut
690 1249 870 1300 plenius
891 1261 975 1290 suo
1004 1249 1154 1290 officio
1183 1249 1359 1289 faciant
1385 1249 1520 1298 satis,
1554 1261 1665 1289 suos
1685 1262 1787 1301 par—

145 1319 396 1360 rochianos
425 1319 558 1360 nobis
587 1321 905 1371 committunt,
936 1321 1142 1373 ipsisque
1169 1332 1255 1361 nos
1283 1321 1612 1361 commendant
1633 1327 1681 1361 ut
1704 1333 1791 1361 nos

144 1390 373 1442 recipiant
408 1397 452 1431 et
486 1391 680 1432 audiant
706 1392 917 1433 libenter.
948 1392 1088 1432 Faxit
1119 1392 1248 1432 Deus
1280 1392 1575 1443 omnipotens
1607 1400 1656 1433 ut
1686 1391 1787 1443 ejus

145 1462 445 1503 sanctissima
466 1469 511 1503 et
533 1463 806 1514 gratissima
828 1465 1047 1504 voluntas
1069 1464 1116 1504 in
1143 1465 1278 1504 nobis
1307 1475 1492 1515 semper
1520 1465 1783 1516 impleatur.

148 1533 315 1574 Amen.

221 1604 445 1657 Cupimus
475 1612 519 1646 et
546 1606 781 1647 humiliter
808 1601 1009 1658 petimus
1036 1612 1265 1660 quotquot
1294 1608 1341 1648 in
1371 1608 1461 1648 hac
1491 1607 1627 1648 domo
1660 1608 1786 1659 degi-

142 1688 267 1727 mus,
292 1677 536 1718 sacrificiis
557 1679 733 1719 sanctis
754 1685 799 1719 et
820 1679 1112 1719 orationibus
1134 1684 1242 1719 tuae
1262 1679 1391 1719 thae
1414 1679 1496 1719 Ρ.ἰ5
1519 1686 1564 1720 et
1587 1679 1787 1720 aliorum

141 1748 535 1789 charissimorum
557 1749 750 1790 Patrum
773 1761 829 1790 ac
849 1749 1073 1790 Fratrum
1093 1750 1452 1791 commendatos
1473 1762 1591 1791 esse.

227 1819 514 1871 Vallisoleti,
539 1820 759 1861 Calendis
783 1820 1072 1873 Septembris
1100 1822 1217 1862 1553.

225 1891 357 1932 Tuae
378 1891 502 1932 Rflae
526 1892 607 1933 Ris
633 1892 854 1944 indignus
875 1892 1017 1944 filius,

1291 1964 1572 2006 DOMENECH.

224 2175 585 2218 Commorantur
606 2178 683 2218 hic
704 2184 800 2218 tres
829 2177 1112 2219 Sacerdotes
1143 2178 1402 2230 Gonzalez,
1428 2179 1790 2219 Valderrabano

142 2253 187 2288 et
223 2247 496 2289 Domenech
534 2248 559 2300 ¹,
602 2249 797 2290 totidem
836 2250 1031 2301 fratres,
1073 2249 1358 2301 Rodericus,
1403 2250 1594 2291 Gabriel
1629 2257 1671 2291 et
1708 2250 1788 2290 Mi-

142 2319 323 2371 ehae123
342 2327 581 2362 extremus
600 2322 835 2362 Sacerdos
851 2320 865 2340 ⁵
882 2322 1045 2374 incipit
1062 2322 1224 2363 diebus
1239 2322 1469 2374 proximis
1485 2321 1787 2373 theologiam.

225 2462 580 2515 Superscm'ptio
602 2464 651 2503 z'n
681 2469 856 2516 quarta
880 2465 1098 2517 pagina:
1124 2428 1245 2519 JIJ-FIS.
1277 2466 1337 2506 Al
1364 2477 1475 2516 muy
1502 2464 1604 2504 R.d0
1632 2463 1704 2505 Re
1731 2477 1790 2505 en

142 2536 235 2576 ihu.
261 2535 436 2576 christo
458 2546 559 2574 nro.
584 2539 725 2575 senor
746 2537 787 2576 el
807 2536 953 2588 padre
975 2536 1036 2576 M.
1061 2537 1239 2587 ignatio
1263 2536 1502 2588 preposito
1518 2537 1713 2587 general
1730 2536 1789 2576 de

143 2608 186 2648 la
209 2608 457 2658 compania
479 2606 535 2646 de
556 2606 655 2659 jhs.
679 2607 737 2647 X.
760 2606 926 2648 Roma.

222 2677 333 2718 Alsa
354 2689 523 2718 manu:
545 2677 600 2730 Q.
625 2678 913 2730 Valladolid‚
939 2678 1037 2720 Cal.
1062 2678 1350 2731 Septembris
1376 2679 1491 2718 1553.

198 2839 206 2858 ¹
246 2838 282 2865 P.
298 2838 445 2872 Joannes
461 2839 646 2873 Gonzalez,
663 2839 801 2873 Rector,
823 2844 856 2867 et
876 2839 930 2867 PP
954 2840 1102 2873 Joannes
1118 2840 1156 2867 de
1173 2840 1438 2868 Valderrabano
1461 2845 1494 2867 et
1516 2840 1639 2867 Petrus
1664 2839 1787 2867 Dome-

140 2887 238 2914 nech.
255 2886 342 2914 Vide
358 2886 525 2918 PoLANco,
538 2886 670 2920 (Ζήνωνι,
684 2891 706 2914 t.
722 2894 777 2920 11¹,
794 2895 872 2922 pag.
887 2886 940 2914 316
955 2892 988 2915 et
1003 2895 1085 2922 seq„
1102 2896 1133 2915 n.
1149 2888 1211 2915 709.

195 2934 209 2952 Ξ
247 2933 376 2961 Horum
391 2934 538 2962 fratrum
553 2934 755 2968 cognomina
771 2934 933 2962 omittunt
948 2935 1134 2969 scriptores
1150 2936 1337 2970 etantiqua
1353 2936 1568 2963 documenta.

195 2981 209 2998 ”·
247 2980 386 3008 Scilicet
402 3003 407 3016 ,
423 2982 494 3016 ipse
511 2981 633 3010 Petrus
648 2981 853 3009 Domenech.
