2080 3392
880 194 960 230 AN.
993 193 1085 231 1553
1731 192 1803 228 457

163 302 326 331 eorum
363 290 557 330 audiens
592 289 925 337 confessiones,
956 296 1054 330 turn
1083 290 1223 330 etiam
1250 296 1473 341 urgentes
1495 290 1709 329 stimulos
1743 288 1803 329 ad

163 361 339 402 Christi
367 361 502 401 fidem
539 361 831 401 retinendam
861 367 999 413 atque
1022 361 1400 401 conservandam
1435 360 1630 409 addens3
1665 366 1804 412 parat

165 439 437 484 praeterea,
471 444 589 483 quae
618 438 787 483 potest,
822 432 978 471 omnia
1010 432 1366 483 aegrotantibus
1401 432 1622 483 captivis,
1655 432 1734 484 qui
1754 432 1803 471 in

163 504 365 556 quodam
382 503 696 553 xenodochio,
717 503 849 543 cuius
865 503 963 554 ipse
981 515 1143 543 curam
1160 503 1313 554 habet,
1338 511 1542 552 manent3
1566 503 1621 543 iis
1643 503 1799 553 etiam,

163 575 241 627 qui
269 574 326 614 ab
348 575 475 614 heris
504 576 624 614 male
653 579 941 625 tractantur3
972 575 1094 625 quod
1130 575 1177 614 in
1198 575 1347 614 literis
1375 575 1472 614 suis
1501 575 1599 625 ipse
1621 581 1800 624 narrat,

163 657 363 697 quarum
384 657 506 685 unae
528 645 743 684 cumbae
765 645 901 684 simul
931 645 1197 695 mittuntur;
1236 646 1356 685 aliae
1386 645 1586 685 diversis
1620 646 1804 685 vicibus

163 723 272 756 sunt
290 716 611 756 transmissae.
642 714 751 755 Plus
772 715 895 755 mille
918 727 1170 755 aureorum
1190 727 1313 756 nune
1344 717 1390 756 in
1418 717 1714 767 captivorum
1735 728 1804 756 re-

163 787 479 838 demptionem
502 786 561 826 ad
578 798 683 826 eum
704 786 944 836 mittimus,
965 798 1084 838 quos
1104 787 1367 838 Episcopus
1388 788 1591 839 quidam,
1616 788 1806 828 Evorae

162 869 285 898 nunc
303 857 569 908 defunctus,
595 868 652 897 ac
671 857 882 897 nonnulli
899 858 978 897 alii
994 858 1183 908 privati,
1207 858 1354 909 ipsius
1371 859 1578 910 epistolis
1601 872 1656 899 ac
1673 865 1806 899 tanta

162 940 321 969 rerum
355 928 636 968 necessitate
671 928 914 975 commoti,
951 929 1110 979 largiti
1145 935 1252 969 sunt
1271 940 1279 979 3
1317 936 1457 981 atque
1495 931 1584 969 hoc
1620 930 1807 981 quidem

165 1006 352 1052 praeter
393 1000 459 1050 id,
502 1000 625 1051 quod
664 999 773 1040 hinc
812 1011 998 1052 semper
1037 999 1096 1040 ad
1136 1000 1414 1040 constitutos
1450 1001 1664 1041 homines
1698 1002 1808 1041 illuc

161 1071 509 1111 transmittitur.
533 1071 701 1111 Incitat
722 1070 933 1122 profecto
962 1082 1055 1111 non
1080 1082 1249 1122 parum
1277 1071 1335 1111 ad
1368 1071 1457 1111 Dei
1484 1072 1645 1112 laudes
1675 1079 1808 1113 tanta

166 1141 501 1182 Lusitanorum
522 1141 581 1182 ad
602 1142 718 1182 haec
739 1142 1091 1182 misericordiae
1112 1154 1255 1194 opera
1275 1144 1541 1194 propensio.

242 1213 369 1254 Velit
385 1213 513 1253 Deus
532 1212 637 1264 Opt.
657 1212 784 1253 Max.
803 1213 892 1253 hoc
908 1213 1044 1254 nobis
1063 1219 1309 1265 praestare
1331 1214 1503 1254 donum
1524 1220 1573 1254 ut
1594 1215 1641 1254 in
1663 1216 1810 1255 omni-

161 1284 247 1324 bus
278 1284 424 1336 ipsius
453 1285 746 1325 voluntatem
771 1285 1088 1336 intelligamus
1119 1285 1417 1337 perfecteque
1446 1286 1805 1337 adimpleamus.

166 1355 341 1396 Omnes
358 1362 516 1396 autem
537 1356 630 1396 tuis
645 1368 732 1396 nos
752 1356 972 1408 precibus
990 1368 1045 1397 ac
1067 1357 1379 1397 sanctissimis
1400 1357 1664 1407 sacrificiis,
1689 1370 1809 1397 Voce

163 1427 341 1478 pariter
370 1439 425 1467 ac
456 1427 613 1467 animo
635 1427 835 1479 supplici
854 1459 861 1478 ,
882 1427 1265 1468 commendamus
1288 1435 1353 1477 ut,
1373 1440 1490 1480 quas
1508 1429 1559 1469 T.
1583 1429 1636 1469 R.
1656 1429 1705 1469 Ρ.
1726 1430 1809 1469 mi-

161 1498 355 1538 nisterio
373 1498 734 1538 constitutiones
752 1499 1041 1550 accepimus,
1067 1511 1147 1539 eas
1168 1499 1380 1540 absolute
1402 1512 1458 1540 ac
1475 1500 1680 1540 maxima
1703 1511 1812 1540 cum

163 1569 310 1609 animi
331 1570 511 1610 laetitia
532 1570 672 1610 liceat
693 1570 964 1622 adimplere.

243 1640 557 1693 Ulissiponae.
577 1641 788 1693 Epistola
804 1641 922 1682 haec
939 1642 1113 1682 mensis
1129 1641 1419 1694 Septembris
1437 1643 1568 1683 initio
1587 1644 1810 1684 inchoata

161 1718 245 1763 est,
271 1712 347 1752 cui
376 1712 598 1752 adiuncta
620 1724 943 1765 quaecumque
965 1725 1111 1765 usque
1134 1714 1194 1754 ad
1214 1715 1453 1766 sequentis
1474 1715 1647 1755 mensis
1676 1727 1808 1756 exor-

164 1784 292 1824 dium
320 1790 455 1835 gesta
490 1791 612 1824 sunt.
657 1784 777 1824 Tum
815 1785 939 1825 enim
982 1785 1185 1836 primum
1222 1785 1323 1825 fieri
1362 1786 1649 1838 incipiebant
1691 1786 1807 1826 haec

163 1855 334 1895 omnia.

243 1925 382 1966 Anno
404 1925 596 1966 Domini
619 1926 735 1967 1553.

241 2070 394 2109 Manu
429 2069 603 2110 Patris
639 2069 878 2110 Polanco:
905 2070 994 2111 Del
1027 2070 1076 2111 Ρ.
1114 2071 1269 2112 Miron
1297 2084 1354 2112 en
1382 2073 1519 2123 lugar
1547 2073 1602 2112 de
1632 2073 1701 2112 los
1723 2071 1809 2113 Co—

162 2141 329 2192 legios.

244 2211 354 2252 Alia
375 2224 548 2253 manu:
572 2213 694 2264 1553,
718 2213 1026 2266 Ulyssipona,
1057 2214 1122 2254 Ρ.ί
1151 2215 1446 2266 septembris.

245 2283 430 2323 Iterum
451 2284 672 2327 Polanczt·
693 2291 738 2325 et
760 2284 997 2326 Octobris.
