2080 3392
261 180 331 218 544
770 174 997 211 LITTERAE
1023 179 1381 215 QUADRIMESTRES

265 278 373 317 dum
394 274 617 327 populum
644 271 886 322 suscipiet,
918 268 996 320 qui
1025 267 1084 307 ad
1110 268 1234 306 hunc
1263 265 1386 305 diem
1416 262 1785 304 confessionibus
1812 274 1889 302 au-

265 347 444 387 diendis
466 345 658 394 aliisque
679 341 958 382 necessariis
980 337 1365 390 occupationibus
1381 334 1593 384 vacavit,
1613 333 1889 384 praesertim

267 418 443 468 Regem
477 415 822 465 Reginamque,
858 424 885 450 a
917 410 1082 461 quibus
1114 409 1382 460 frequenter
1414 404 1687 452 accersitur,
1725 414 1891 442 conve-

266 486 436 528 niendi.
467 485 620 526 Ambo
650 484 714 523 illi
741 489 785 522 et
815 482 984 522 mirum
1014 481 1062 520 in
1091 478 1280 519 modum
1307 477 1485 517 faciunt
1514 481 1557 515 et
1577 473 1770 525 negotia
1790 472 1892 512 Deo

267 557 536 610 gratissima
559 555 867 595 committunt.

347 628 592 679 Reliquum
619 631 688 665 est
718 630 767 664 ut
796 636 869 664 me
899 624 990 664 tuis
1024 621 1242 674 precibus
1277 625 1661 668 caeterorumque
1693 615 1894 655 fratrum

269 698 591 740 commendem
612 708 666 736 ac
683 694 882 735 tradam.

349 769 421 809 Ex
442 768 595 808 Patris
617 766 850 816 Goncalvi
871 763 1080 815 imperio.

350 839 649 890 Olyssipone‚
678 837 738 875 17.
762 837 848 876 cal.
872 833 1157 882 februarias,
1182 843 1304 871 anno
1327 842 1354 869 a
1376 830 1523 869 salute
1544 828 1748 868 humana
1766 825 1894 877 quin·

275 910 535 961 gentesimo
557 906 944 960 quinquagesimo
967 909 1132 956 quarto
1155 913 1297 953 supra
1319 888 1629 941 millesimum.

353 981 413 1022 V.
437 981 486 1020 P.

354 1052 499 1092 Filius
524 1050 699 1090 inutilis
721 1050 768 1089 in
788 1048 991 1089 Domino

1328 1184 1539 1224 FRAN.CUS
1571 1182 1741 1222 VIERA.

360 1403 711 1456 superscriptio
733 1402 781 1441 in
803 1405 976 1453 quarta
991 1399 1206 1451 pagina:
1228 1396 1495 1437 Admodum
1515 1391 1788 1434 Reverendo
1810 1390 1903 1430 Ma-

282 1478 430 1529 gistro
452 1475 633 1527 Ignatio
651 1507 657 1523 ,

360 1546 634 1598 Praeposito
656 1544 867 1596 generali
888 1541 1135 1583 Societatis
1155 1540 1286 1593 Jesu,

365 1618 556 1658 Romae.

366 1688 477 1729 Alia
499 1697 665 1727 manu:
690 1685 803 1724 1554.
829 1684 977 1734 Quad.
1002 1682 1218 1723 Lisbona.
1243 1679 1330 1720 Del
1352 1677 1550 1718 Febraio
1577 1676 1600 1716 ¹.

345 1851 353 1869 ¹
396 1849 493 1876 Haud
509 1851 602 1874 recte
619 1846 769 1880 quidem,
787 1845 844 1871 sed
860 1844 915 1871 del
933 1843 1105 1870 Genuam.
