2080 3392
321 185 393 221 454
834 184 1058 221 LITTERAE
1086 196 1443 227 QUADRIMESTRES

322 281 370 320 P.
400 281 686 332 Hieronymo
720 280 875 321 Natali
913 272 1247 322 convenerunt]
1283 283 1332 323 Ρ.
1364 295 1565 335 namque
1599 285 1769 325 Torres
1802 286 1951 337 primo

322 352 540 402 Augusti,
565 351 614 391 P.
639 363 752 391 vero
773 352 1055 392 Franciscus
1077 353 1236 392 ultimo
1259 353 1387 394 affuit
1408 355 1502 403 die,
1527 355 1605 406 qui
1626 367 1788 396 omnes
1808 357 1949 396 maxi-

322 434 449 462 mum
469 422 576 462 huic
597 434 753 462 rerum
780 423 1071 462 innovationi
1100 424 1323 463 auxilium
1349 425 1628 476 praebuere,
1659 427 1950 477 praesertim-

323 505 410 544 que
444 493 493 534 P.
532 493 834 544 Franciscus,
864 494 942 544 qui
972 502 1146 544 quanta
1173 507 1265 534 non
1292 496 1442 535 solum
1475 495 1593 547 Regi
1619 509 1783 536 verum
1811 498 1951 538 etiam

321 564 513 614 plebeiis
535 564 890 604 admirationem
911 565 1132 615 attulerit,
1153 572 1469 618 quantumque
1485 567 1952 608 misericordissimus

321 635 448 674 Deus
466 636 565 674 eius
586 635 791 675 adventu
812 634 1096 676 Societatem
1117 636 1388 677 Lusitaniae
1411 638 1543 689 quasi
1558 639 1729 678 lumine
1750 639 1951 690 quodam

322 706 643 753 illustraverit,
666 706 823 745 verbis
850 706 1078 757 explicari
1106 706 1293 746 minime
1319 713 1470 758 queat.
1502 708 1706 748 Contulit
1733 709 1774 748 ei
1801 709 1950 760 profe-

319 782 393 816 cto
416 776 544 816 Deus
558 777 725 816 miram
742 777 1015 816 humilitatis
1032 777 1267 827 virtutem,
1288 777 1334 817 in
1351 778 1667 828 spiritualibus
1686 780 1951 819 collocutio-

319 847 455 887 nibus
493 846 777 886 affluentiam
798 847 1051 887 maximam
1084 853 1128 886 et
1162 848 1399 898 peculiare
1429 849 1664 900 quoddam
1690 849 1878 899 donum,
1903 856 1952 890 ut

321 919 515 957 multum
537 929 698 957 omnes
719 917 953 968 aedificet,
974 925 1113 969 atque
1130 918 1177 957 in
1194 918 1367 959 virtute
1386 930 1470 959 suo
1488 920 1784 960 sanctissimo
1801 932 1952 960 exem-

320 990 395 1039 plo
417 988 705 1028 corroboret.
728 988 892 1028 Invisit
918 988 1116 1039 Regem,
1142 989 1219 1040 qui
1247 996 1429 1030 tantum
1450 990 1491 1029 ei
1518 990 1742 1030 honorem
1769 991 1944 1041 habuit,

320 1066 369 1098 ut
390 1070 483 1098 non
498 1071 663 1110 parum
686 1059 818 1098 multi
841 1058 1059 1098 admirati
1079 1059 1271 1110 fuerint,
1301 1059 1426 1111 quod
1447 1061 1743 1101 sanctissimo
1773 1062 1876 1101 Viro
1908 1068 1952 1101 et

319 1130 653 1179 gravissimum
675 1135 719 1169 et
746 1130 1035 1169 intolerabile
1065 1136 1179 1169 erat.
1204 1128 1442 1171 Satisfecit
1468 1137 1712 1183 tantopere
1738 1133 1860 1182 regi,
1883 1144 1949 1171 re-

320 1201 458 1250 ginae
480 1212 534 1240 ac
556 1200 841 1251 principibus
859 1207 902 1240 et
924 1201 969 1240 in
991 1206 1170 1240 tantam
1187 1213 1267 1241 eos
1288 1202 1543 1242 commovit
1564 1203 1753 1254 spiritus
1775 1202 1952 1242 inflam-

319 1271 588 1319 mationem,
613 1277 662 1310 ut
684 1277 849 1321 postea
871 1282 929 1310 ex
950 1272 1200 1321 nonnullis,
1234 1284 1350 1322 quas
1378 1272 1560 1322 habuit,
1589 1273 1786 1324 privatis
1813 1274 1946 1313 collo-

321 1342 584 1382 cutionibus
604 1342 836 1381 maximus
852 1342 898 1381 in
916 1343 1047 1393 regia
1069 1343 1174 1382 aula
1196 1342 1374 1382 fructus
1390 1343 1528 1383 fuerit
1549 1345 1839 1384 subsecutus.
1865 1343 1948 1384 Re-

320 1414 431 1463 gina
465 1424 681 1463 namque,
719 1412 942 1463 principis
978 1425 1096 1452 uxor
1131 1425 1186 1452 ac
1219 1413 1420 1453 infantes
1451 1426 1535 1454 sua
1564 1421 1759 1465 peccata
1794 1414 1950 1455 fassae

320 1490 442 1523 sunt.
465 1483 574 1523 Illae
591 1494 718 1531 vero,
739 1495 857 1534 quae
872 1484 1084 1534 reginam
1097 1484 1392 1534 comitantur,
1411 1485 1638 1525 foeminae
1655 1491 1703 1525 ut
1720 1486 1806 1525 sibi
1823 1485 1949 1526 Chri-

321 1554 379 1592 sti
411 1553 624 1593 doctrina
664 1553 825 1593 diebus
859 1554 1054 1604 singulis
1089 1556 1437 1605 praelegeretur
1471 1557 1786 1606 postularunt,
1827 1557 1950 1607 quod

321 1630 562 1674 praestare
584 1624 736 1675 coepit
763 1624 812 1663 P.
836 1624 1138 1675 Franciscus3
1168 1637 1291 1665 nunc
1321 1626 1443 1665 idem
1470 1638 1496 1665 a
1518 1626 1697 1666 duobus
1718 1626 1948 1677 Patribus,

322 1704 420 1734 tum
450 1696 497 1734 in
524 1696 736 1745 reginae,
767 1701 863 1734 tum
893 1695 939 1734 in
966 1696 1190 1747 principis
1220 1697 1357 1736 domo
1379 1696 1449 1746 fit;
1473 1697 1705 1737 nonnullis
1727 1697 1950 1737 exercitia

321 1766 581 1817 spiritualia
600 1766 858 1814 traduntur3
874 1773 1169 1806 sacramenta
1185 1779 1298 1807 vero
1317 1768 1480 1807 crebro
1498 1767 1807 1818 frequentant.
1833 1768 1950 1808 Cum

322 1844 477 1876 autem
512 1838 654 1876 semel
688 1836 736 1875 P.
773 1837 1054 1876 Franciscus
1089 1837 1339 1888 quamdam
1373 1850 1432 1878 ex
1473 1839 1703 1878 nobilibus
1736 1839 1950 1878 foeminis

320 1908 428 1947 ludo
459 1908 729 1947 chartarum
757 1908 961 1947 animum
992 1916 1283 1948 recreantem
1314 1909 1602 1959 offendisset,
1627 1921 1676 1949 se
1708 1910 1754 1949 in
1775 1910 1949 1949 eisdem

321 1979 497 2018 chartis
537 1978 757 2017 vitiorum
793 1978 1109 2030 virtutumque
1139 1980 1297 2019 ludum
1325 1979 1646 2020 confecturum
1680 1992 1782 2020 esse
1816 1966 1948 2029 dixit,

320 2049 443 2099 quod
470 2050 596 2088 nullo
623 2049 811 2099 negotio
842 2048 965 2089 fecit.
995 2049 1045 2089 In
1073 2050 1269 2100 singulis
1298 2051 1453 2101 itaque
1486 2051 1661 2090 chartis
1683 2052 1758 2090 vel
1784 2051 1950 2091 Vitium

319 2119 505 2171 scripsit
535 2121 610 2159 Vel
636 2120 877 2171 Virtutem,
912 2121 1139 2172 simulque
1168 2121 1368 2161 virtutes
1397 2122 1461 2161 ita
1489 2122 1537 2161 vi
1564 2122 1773 2162 distinxit
1800 2128 1844 2162 et
1871 2133 1949 2161 nu-

320 2203 463 2241 mero,
497 2197 545 2230 ut
573 2191 690 2230 aliae
719 2191 822 2230 aliis
853 2191 1117 2242 superiores
1145 2198 1319 2243 essent,
1350 2192 1555 2244 vitiaque
1590 2193 1699 2232 item
1726 2193 1816 2232 alia
1847 2193 1950 2232 aliis

319 2261 681 2301 detestabiliora.
706 2262 792 2301 Cui
815 2273 926 2301 vero
955 2262 1180 2301 abiectius
1212 2263 1454 2312 obtigisset
1482 2264 1667 2314 vitium,
1697 2275 1800 2303 eam
1822 2275 1948 2303 exer-

319 2333 453 2371 cebat
474 2332 894 2382 mortificationem,
914 2343 1031 2382 quae
1053 2332 1318 2373 huiusmodi
1339 2334 1453 2373 vitio
1476 2334 1521 2373 in
1539 2334 1701 2373 charta
1719 2334 1949 2373 destinata

318 2409 434 2442 erat.
458 2403 536 2442 Bis
558 2403 603 2442 in
626 2403 739 2442 aede
762 2414 899 2442 sacra
921 2402 1139 2454 Collegii,
1164 2405 1305 2443 semel
1337 2403 1459 2455 apud
1480 2404 1575 2443 divi
1597 2404 1764 2454 Rochi,
1789 2415 1949 2444 coram

319 2472 447 2523 Rege
469 2473 533 2522 (ut
554 2473 767 2523 superius
789 2473 1005 2523 diximus)
1035 2474 1341 2514 concionatus
1368 2480 1458 2525 est;
1488 2474 1534 2514 in
1556 2476 1662 2514 aula
1683 2486 1796 2514 vero
1818 2475 1949 2525 regia

319 2543 443 2594 apud
469 2544 700 2594 reginam,
725 2544 983 2602 principem
1012 2555 1066 2583 ac
1098 2544 1298 2584 infantes
1333 2545 1558 2595 plurimas
1588 2545 1747 2584 habuit
1769 2545 1949 2585 concio-

318 2625 415 2653 nes.
439 2613 646 2653 Invisere
668 2626 773 2654 eum
794 2626 888 2654 non
907 2615 1056 2654 solum
1084 2626 1326 2665 proceres,
1351 2627 1514 2655 verum
1543 2616 1684 2655 etiam
1710 2616 1949 2666 praesules

321 2696 497 2734 omnes,
522 2684 716 2735 quitum
738 2685 1049 2724 versabantur
1080 2686 1125 2724 in
1153 2686 1298 2725 curia.
1332 2685 1627 2726 Domesticos
1653 2698 1767 2726 vero
1796 2686 1946 2726 aedifi-

320 2755 446 2794 cavit
468 2756 669 2795 maxime
692 2756 1016 2806 omnibusque,
1042 2767 1148 2795 cum
1169 2768 1252 2795 suo
1273 2756 1568 2796 sanctissimo
1590 2758 1818 2808 exemplo,
1850 2764 1948 2796 tum

319 2826 462 2864 etiam
494 2826 614 2865 vivis
636 2826 913 2877 quibusdam
941 2827 1325 2867 collocutionibus
1347 2827 1405 2867 ad
1435 2827 1655 2867 virtutem
1683 2827 1948 2867 vehementi

321 2897 406 2937 fuit
427 2897 746 2948 incitament03
770 2897 891 2948 quod
912 2897 1033 2936 idem
1055 2897 1379 2937 Conimbricae
1399 2897 1534 2949 fecit,
1558 2898 1619 2938 ibi
1639 2898 1779 2938 etiam
1802 2899 1849 2938 in
1870 2910 1945 2938 no-

320 2974 418 3007 stro
441 2968 610 3018 templo
632 2969 773 3007 semel
805 2974 874 3008 est
904 2968 1221 3008 concionatus.
1256 2968 1535 3008 Benedictus
1565 2969 1623 3008 sit
1654 2969 1948 3020 omnipotens
