2080 3392
830 193 914 230 AN.
946 192 1038 231 1553
1680 194 1749 231 497

103 290 246 331 fuisse
267 290 533 331 videantur.
557 290 827 331 Bernardus
849 291 938 331 hac
966 291 1067 343 ipsa
1096 297 1274 331 aestate
1302 291 1520 343 proxima
1541 292 1670 332 venit
1690 304 1749 332 ex

104 361 234 402 India
257 374 364 403 cum
386 362 564 402 duobus
585 361 808 402 fratribus
829 362 853 413 ¹,
876 374 991 414 quos
1013 374 1120 403 cum
1140 374 1314 414 magno
1335 363 1510 413 gaudio
1530 362 1748 403 Vidimus.

105 432 179 475 Ex
199 434 266 474 eis
295 434 418 474 enim
439 434 750 485 cognovimus
777 445 917 486 quam
946 435 1069 474 serio
1099 434 1250 474 nostri
1276 434 1447 475 fratres
1473 435 1521 474 in
1550 434 1751 475 diversis

105 506 394 557 multumque
428 505 549 545 inter
581 517 630 545 se
665 505 946 545 distantibus
976 505 1251 556 regionibus
1288 504 1389 546 Deo
1423 505 1655 558 serviant,
1692 506 1753 547 ad

106 589 223 629 quas
251 588 358 617 cum
377 576 611 616 Dominus
637 575 805 616 Petrus
833 575 1161 627 Mascarenas,
1198 588 1397 628 prorex,
1420 589 1546 617 nunc
1572 577 1753 629 profici-

105 655 280 699 scatur,
304 648 351 688 in
371 659 594 699 magnam
615 659 747 699 spem
767 647 983 687 venimus
1005 647 1372 688 christianorum
1392 660 1639 689 numerum
1659 660 1753 689 ma-

103 720 254 773 jorem
286 720 333 759 in
367 718 558 759 modum
591 725 782 759 auctum
815 719 887 758 iri.
932 718 1047 758 Erat
1083 718 1207 758 enim
1243 719 1288 758 in
1318 719 1563 760 Lusitania
1598 720 1754 760 animo

109 803 164 832 ac
194 791 437 831 voluntate
467 796 592 830 totus
623 795 798 838 noster,
832 801 970 841 quem
1005 789 1119 829 satis
1152 790 1418 842 intelligunt
1452 781 1666 831 'nomines
1697 791 1754 831 ab

108 862 282 914 optimo
305 867 444 912 atque
467 861 859 901 christianissimo
885 871 998 911 rege
1019 860 1076 900 ob
1099 861 1322 900 eximiam
1342 861 1565 912 pietatem
1585 863 1632 902 in
1652 874 1755 914 pro-

107 944 270 984 regem
291 944 393 973 esse
419 933 604 972 lectum.
629 932 757 972 Velit
778 931 907 972 Deus
929 931 1132 983 optimus
1155 944 1210 972 ac
1236 932 1471 973 maximus
1500 939 1550 973 ut
1575 932 1756 974 Indiam

109 1010 302 1045 sanctus
323 1003 398 1044 hic
420 1003 494 1043 Vir
516 1003 763 1043 incolumis
784 1003 1001 1054 attingat.

192 1075 293 1127 Quo
332 1080 617 1126 procurante
658 1074 787 1125 (cum
821 1074 936 1114 nihil
969 1080 1068 1114 tum
1102 1073 1158 1114 de
1193 1085 1279 1114 sua
1313 1075 1360 1114 in
1394 1074 1573 1116 Indiam
1608 1077 1757 1128 profe-

111 1147 264 1188 ctione
295 1146 456 1197 sciret)
485 1146 728 1197 negotium
755 1146 887 1196 illud,
918 1145 1096 1186 tamdiu
1127 1157 1153 1185 a
1181 1144 1416 1186 Societate
1443 1153 1670 1198 optatum,
1702 1148 1758 1188 de

112 1218 337 1259 mittendo
358 1217 640 1258 Patriarcha
658 1217 718 1257 ad
737 1217 900 1258 Preste
920 1217 1166 1271 Joannem,
1188 1217 1455 1258 confectum
1472 1218 1569 1270 jam
1588 1219 1755 1260 fuerat.

192 1289 323 1330 Haec
354 1295 478 1340 sunt,
512 1288 566 1329 R.
597 1288 751 1340 Pater,
776 1300 896 1341 quae
924 1288 1004 1329 filii
1030 1289 1096 1329 tui
1116 1301 1200 1341 per
1228 1289 1315 1329 hos
1343 1295 1545 1341 quatuor
1573 1302 1759 1331 menses

111 1367 324 1412 egerunt3
343 1366 450 1401 tuae
466 1366 627 1412 partes
643 1366 750 1400 sunt
766 1360 953 1412 precari
970 1360 1147 1400 fontem
1162 1360 1290 1400 illum
1307 1360 1537 1402 bonorum
1554 1362 1761 1402 omniurn

114 1444 200 1473 nos
221 1438 272 1473 ut
292 1432 486 1473 idoneos
508 1431 749 1472 ministros
771 1437 963 1472 sanctae
985 1431 1151 1472 reddat
1175 1431 1484 1473 obedientiae.

195 1503 521 1556 Olyssiponae‚
546 1503 696 1554 pridie
719 1503 817 1544 Cal.
841 1503 1066 1556 januarii,
1092 1515 1215 1543 anno
1241 1503 1355 1543 1553.

193 1575 388 1627 Recepti
427 1581 534 1616 sunt
573 1575 803 1626 proximis
843 1574 1006 1615 diebus
1046 1574 1136 1615 duo
1176 1574 1373 1624 fratres,
1416 1576 1496 1628 qui
1535 1576 1757 1617 videntur

116 1647 341 1699 optimam
363 1647 422 1687 ad
443 1647 721 1698 religionem
741 1646 945 1687 indolem
965 1645 1154 1686 habere.

195 1718 336 1772 Jussu
357 1717 410 1759 R.
434 1718 483 1758 P.
509 1718 719 1769 Mironis,

1207 1860 1493 1903 CYPRIANUS.

202 2147 555 2199 Superscrzptzo
576 2146 627 2186 in
655 2151 830 2198 quarta
855 2146 1063 2198 pagina.
1094 2120 1207 2188 HTIS.
1240 2146 1348 2187 Rd0.
1378 2147 1426 2187 in
1452 2147 1536 2188 X.⁰
1563 2147 1691 2188 Patri
1717 2159 1762 2199 p.

123 2218 183 2259 M.
207 2218 390 2270 Ignatio
412 2218 688 2269 Praeposito
711 2218 934 2259 Generali
954 2218 1202 2259 Societatis
1223 2218 1348 2272 Jesu,

202 2289 397 2330 Romae.
687 2290 712 2330 2
733 2289 959 2339 (secunda
980 2290 1098 2340 via).

203 2361 315 2401 Alia
336 2372 499 2401 manu:
524 2360 638 2412 1553,
663 2360 814 2412 Quad.
837 2361 1057 2412 Lisbona‚
1082 2361 1155 2401 del
1177 2361 1405 2402 Gennaio.

206 2432 260 2484 Q.
285 2438 329 2473 et
351 2432 408 2473 A.
434 2431 493 2472 V.

180 2618 191 2638 ¹
232 2618 350 2645 “Alter
362 2617 520 2644 Andreas
535 2615 729 2650 Carvanus,
745 2617 799 2644 vir
810 2617 931 2644 nobilis
942 2617 976 2644 in
987 2616 1084 2644 India
1096 2617 1275 2651 admissus,
1288 2618 1379 2645 alter
1389 2617 1547 2646 Andreas
1557 2617 1766 2652 Fernam1ez,

128 2666 182 2700 qun*
198 2665 342 2693 Romam
356 2666 451 2693 venit
467 2669 500 2692 et
515 2665 548 2692 in
563 2664 693 2692 Indiam
704 2669 825 2699 postea
840 2664 970 2699 rediit...
986 2665 1153 2699 Pommco,
1169 2665 1378 2699 Cltronz‘con,
1394 2669 1416 2694 t.
1428 2673 1483 2700 111,
1498 2673 1578 2700 pag.
1589 2666 1694 2700 398,n.
1705 2666 1768 2694 978.

281 3079 330 3115 Τ.
354 3091 392 3114 11.
1541 3091 1584 3128 32
