2080 3392
793 186 877 223 AN.
909 185 1003 222 1553
1647 181 1713 217 129

75 289 256 330 rivulus
295 284 550 326 dulcissimi
590 283 762 335 eloquii
795 282 943 334 patris
981 280 1235 330 Leonardi,
1277 279 1465 319 divinae
1504 278 1714 317 consola-

78 360 219 401 tionis
256 357 400 410 pleni,
437 368 519 396 cor
554 367 637 407 per
668 353 994 395 amaritudinis
1027 351 1399 403 magnitudinem
1430 349 1718 389 exsiccatum

81 430 318 482 irrigavit,
342 428 556 480 protinus
583 426 803 466 exsiliunt
824 424 1068 465 scatebrae
1090 434 1240 474 aquae
1262 421 1410 463 dulcis
1431 421 1651 460 salientes
1674 421 1720 459 in

82 503 230 543 vitam
250 506 512 546 aeternam3
535 504 579 538 et
599 503 730 538 tanto
759 507 865 536 cum
891 494 1065 546 gaudio
1097 506 1199 534 sese
1232 494 1279 534 in
1308 493 1497 534 domum
1526 492 1718 543 recepit,

80 572 216 625 quasi
237 570 295 612 ad
316 571 457 623 pedes
478 565 667 610 Domini
687 569 937 620 provoluta
959 566 1213 606 salutarem
1240 565 1367 604 illam
1393 575 1562 604 vocem
1594 563 1721 602 audi-

84 644 251 684 visset:
275 641 477 691 Mulier,
500 640 812 680 remittuntur
832 637 919 678 tibi
929 640 1123 689 peccata
1143 639 1251 686 tna,
1273 636 1392 675 vade
1414 635 1461 674 in
1476 640 1595 686 pace
1620 633 1645 674 ¹.
1666 633 1723 673 Et

83 728 142 756 ex
161 715 239 754 illa
267 714 398 763 hora,
428 712 642 763 exemplo
670 710 848 751 Mariae
875 708 1186 759 Magdalenae
1214 714 1258 747 et
1280 706 1459 746 Mariae
1480 705 1723 757 Aegiptia-

82 798 184 836 -cae,
208 796 383 825 novam
412 783 556 823 vitam
583 783 749 822 duram
778 787 822 821 et
853 785 1090 820 austeram
1110 789 1284 828 magna
1315 777 1459 818 animi
1481 776 1725 817 alacritate

88 867 330 909 aggressa,
355 856 402 895 in
423 866 514 907 qua
536 854 689 894 adhuc
709 852 892 893 fortiter
911 855 1206 903 perseverat,
1232 855 1276 889 et
1297 849 1344 888 in
1365 848 1464 888 dies
1486 848 1638 898 magis
1671 859 1727 887 ac

85 928 241 979 magis
262 932 528 979 promovet,
553 924 683 964 Patri
708 923 904 963 subinde
926 921 1187 971 confitetur,
1213 920 1287 960 cui
1308 920 1488 971 gratias
1518 931 1612 958 non
1633 930 1728 958 ces-

90 1006 162 1039 sat
189 1010 330 1050 agere
358 998 560 1048 ingenue
594 994 822 1036 confitens
856 993 1139 1044 colloquium
1172 991 1328 1031 Patris
1358 991 1550 1030 ianuam
1585 989 1727 1029 fuisse

92 1076 311 1111 aeternae
332 1069 510 1108 salutis.
534 1067 733 1108 Miratur
750 1072 848 1106 tota
871 1064 1081 1114 Colonia,
1105 1069 1294 1114 stupent
1314 1062 1545 1102 malorum
1566 1072 1728 1100 conso-

89 1142 173 1192 cii,
198 1152 315 1193 quos
338 1139 575 1191 quondam
595 1136 955 1190 pulchritudinis
986 1146 1099 1175 suae
1121 1134 1262 1174 hamo
1290 1133 1350 1173 ad
1378 1132 1552 1173 inferos
1579 1132 1730 1172 trahe-

92 1214 187 1263 bat,
211 1212 305 1252 iam
327 1210 652 1252 conversionis
674 1220 787 1248 suae
809 1207 1020 1248 novitate
1041 1206 1101 1246 ad
1122 1206 1361 1247 Christum
1381 1211 1590 1245 revocat.

175 1284 327 1324 Huius
347 1282 535 1333 generis
556 1288 626 1321 est
649 1280 762 1320 illud
781 1278 905 1331 quod
926 1279 1021 1319 iam
1041 1278 1264 1318 referam:
1284 1278 1365 1316 lux
1382 1276 1460 1316 illa
1481 1287 1656 1327 magna
1679 1275 1734 1315 de

95 1367 188 1408 qua
204 1354 450 1407 psalmista
466 1352 593 1393 canit
613 1352 722 1392 Non
742 1354 813 1391 est
835 1350 984 1401 quise
1003 1349 1262 1389 abscondat
1283 1360 1312 1388 a
1328 1347 1484 1388 calore
1500 1347 1618 1397 eius,
1640 1347 1736 1387 suis

98 1424 449 1467 misericordiae
470 1423 614 1464 radiis
635 1422 889 1463 illustravit
909 1433 990 1462 cor
1010 1421 1271 1461 involutum
1481 1419 1563 1459 riis
1583 1420 1596 1436 ²
1614 1425 1736 1458 tene-

97 1498 192 1538 bris
214 1497 458 1538 cuiusdam
479 1494 814 1543 adolescentiS,
838 1493 916 1545 qui
937 1492 1100 1532 florem
1121 1491 1467 1532 adolescentiae
1497 1502 1610 1530 suae
1632 1501 1736 1531 con-

99 1570 295 1610 triverat
312 1579 394 1619 per
415 1568 616 1618 abrupta
637 1565 842 1606 libidinis
862 1570 906 1604 et
923 1564 1148 1604 vitiorum
1163 1562 1362 1613 ruendo,
1382 1574 1465 1614 per
1482 1574 1602 1614 quae
1623 1563 1737 1602 solet

100 1640 211 1681 ferri
230 1640 411 1680 lubrica
432 1639 510 1678 illa
532 1644 663 1678 aetas
684 1637 773 1677 nisi
789 1636 932 1676 frenis
954 1635 1134 1675 timoris
1151 1633 1240 1674 Dei
1262 1641 1306 1675 et
1324 1634 1529 1686 capistro
1551 1633 1738 1673 virtutis

96 1712 388 1753 cohibeatur.
413 1709 496 1750 Est
522 1709 598 1749 hic
631 1714 875 1748 stemmate
903 1707 1058 1747 clarus
1086 1713 1133 1746 at
1154 1718 1269 1746 vera
1296 1706 1344 1746 in
1364 1705 1607 1745 nobilitate
1627 1704 1739 1744 nihii

106 1795 161 1824 eo
192 1782 441 1834 ignobilius
463 1780 490 1821 ⁵.
512 1780 677 1821 Incidit
707 1780 781 1819 hic
806 1779 995 1819 tandem
1016 1779 1063 1818 in
1083 1779 1240 1818 lumen
1260 1777 1514 1817 verborum
1545 1776 1593 1816 P.
1626 1776 1738 1816 Leo-

100 1854 237 1895 nardi
258 1861 302 1894 et
324 1853 482 1894 statim
504 1852 791 1892 illuminatus
813 1857 896 1891 est.
916 1849 1112 1902 Saepius
1130 1849 1392 1890 confitetur.
1412 1848 1583 1888 Mirum
1600 1859 1739 1899 quan-

101 1932 202 1966 tum
235 1925 513 1966 brevissimo
540 1930 751 1974 tempore
778 1927 984 1962 mutatus
1011 1921 1214 1961 Hectore
1237 1921 1295 1960 ab
1322 1921 1399 1960 illo
1425 1918 1454 1970 ¹²,
1483 1926 1533 1959 ut
1556 1919 1744 1970 Virgilii

104 1997 397 2038 hemistichio
419 2003 539 2036 utar.

185 2069 348 2109 Plures
369 2067 654 2116 sacerdotes,
680 2065 909 2116 canonici,
934 2064 1281 2111 bacchalaurei‚
1304 2063 1506 2115 promoti
1523 2069 1566 2102 et
1587 2069 1744 2113 patres

105 2140 369 2181 Vestalium
397 2138 410 2157 ⁵
440 2144 633 2178 utuntur
660 2136 799 2177 Patre
830 2135 1133 2176 confessario.
1171 2134 1330 2186 Nuper
1356 2134 1598 2185 utriusque
1632 2133 1745 2173 iuris

162 2301 173 2320 ¹
212 2300 327 2334 Neque
343 2300 395 2326 his
409 2299 562 2334 pepercit
582 2303 699 2326 noster
714 2297 854 2329 flander,
871 2297 929 2324 sed
946 2305 965 2324 a
981 2296 1123 2324 vocibus
1146 2296 1213 2323 Ah!
1229 2296 1314 2330 quid
1336 2296 1414 2322 dixi
1434 2296 1562 2322 delevit
1584 2298 1693 2322 totum
1714 2300 1746 2322 et

106 2348 248 2376 brevius
264 2348 327 2375 hoc
342 2348 376 2375 in
393 2355 452 2374 ora
468 2347 614 2381 paginae
629 2346 752 2381 posuit:
769 2346 922 2373 Famosa
943 2345 1119 2379 quaedam
1138 2352 1236 2377 mer„
1252 2351 1358 2378 quam
1378 2351 1508 2377 magna
1521 2345 1746 2378 peccatorum

112 2396 221 2423 moles
242 2396 445 2422 innumeris
468 2394 751 2421 adversitatibus
772 2393 917 2420 tandem
940 2393 1079 2426 cognita
1103 2393 1138 2419 in
1161 2392 1425 2427 desperationis
1446 2391 1658 2418 barathrum
1674 2391 1746 2417 iam

111 2443 348 2478 deprimebat,
364 2443 423 2470 nbi
438 2443 567 2469 intima
583 2442 699 2469 cordis
714 2449 849 2469 arcana
863 2448 988 2468 amare
999 2440 1231 2475 lachrymans
1246 2440 1376 2474 P(atri)
1392 2439 1604 2472 Lavonaraos
1619 2439 1748 2473 pandit

112 2493 146 2518 et
160 2491 394 2518 consolatoria
411 2490 488 2525 ejus
503 2490 610 2517 verba
627 2490 781 2523 audivit,
798 2490 966 2524 protinus
988 2490 1087 2515 tanto
1108 2488 1239 2522 gaudio
1256 2487 1410 2522 perfusa
1434 2488 1470 2514 in
1487 2487 1632 2514 domum
1647 2494 1684 2514 se
1701 2495 1750 2514 re-

112 2539 217 2573 cepit,
237 2540 275 2565 ut
296 2539 342 2565 ad
360 2538 472 2573 pedes
495 2538 632 2564 domini
649 2537 840 2572 provoluta
861 2537 1060 2564 salutarem
1085 2536 1184 2563 illam
1206 2543 1325 2563 vocem
1348 2535 1532 2562 audivisse
1554 2535 1751 2562 videretur:

114 2587 256 2619 mulier,
273 2588 508 2613 remittuntur
523 2585 589 2612 tzbi
600 2587 748 2620 peccata
765 2587 839 2617 tua,
854 2585 945 2611 vade
961 2585 997 2611 in
1010 2589 1110 2619 pace.

168 2635 182 2654 2
219 2635 425 2662 Atramento
440 2640 542 2668 super
557 2633 630 2660 fuso
645 2634 800 2660 velatum
815 2633 899 2659 adeo
916 2637 966 2659 est
984 2633 1046 2660 hoc
1063 2633 1268 2660 vocabulum
1290 2636 1325 2659 ut
1345 2632 1411 2666 legi
1435 2639 1500 2658 non
1514 2622 1632 2666 possit.
1652 2630 1753 2658 Vide-

116 2686 172 2709 tur
186 2686 300 2709 tamen
316 2682 482 2716 scriptum
498 2681 715 2714 cymmc'riz's.

169 2730 183 2750 5
219 2729 336 2756 Etiam
356 2730 453 2761 haec,
475 2736 495 2756 a
518 2727 657 2755 vocibus
677 2728 740 2754 lux
763 2728 826 2755 illa
849 2736 980 2762 magna
1002 2728 1115 2755 deleta
1140 2732 1217 2755 sunt
1241 2732 1274 2754 et
1298 2735 1414 2754 eorum
1435 2728 1507 2754 loco
1528 2728 1706 2762 sequentia
1720 2728 1753 2755 in

116 2777 270 2811 margine
285 2778 327 2804 ab
343 2777 457 2804 eodem
473 2776 603 2803 flandro
619 2776 789 2810 apposita:
804 2775 959 2809 ,Quidam
976 2775 1182 2803 adolescens
1196 2777 1388 2802 stemmate
1403 2775 1535 2807 clarus,
1549 2775 1752 2810 quiflorem

117 2825 378 2852 adolescentiae
397 2828 463 2859 per
477 2824 631 2858 abrupta
646 2824 838 2851 libidinum
861 2825 894 2850 et
909 2831 1011 2850 omne
1031 2830 1145 2857 genus
1165 2823 1335 2850 vitiorum
1353 2823 1509 2857 turpiter
1524 2824 1749 2851 contriverat.

170 2871 186 2891 ⁴
283 2874 456 2906 quantum
474 2873 635 2898 mutatus
651 2872 693 2898 ab
711 2871 771 2898 illo

189 2919 385 2947 Hectora...
400 2919 555 2952 Aeneid..
572 2926 607 2952 11,
631 2919 683 2946 274
700 2923 734 2946 et
746 2919 808 2946 275.

172 2967 186 2987 5
221 2967 377 3001 promoti
391 2968 424 2994 et
435 2968 561 3001 patres
577 2967 771 2993 vestalium
782 2989 791 3000 ,
804 2968 951 3001 promoti
968 2968 1011 2995 ad
1026 2967 1154 3002 gradus
1174 2967 1207 2995 in
1227 2966 1466 2995 Universitate
1490 2967 1692 3003 Coloniensi,
1709 2976 1754 2996 sc.

120 3015 288 3049 magistri,
306 3015 474 3051 doctores,
490 3018 567 3047 etc„
581 3018 615 3041 et
630 3015 848 3042 monasteriis
863 3015 1059 3043 monialium
1075 3015 1254 3050 praefecti.

314 3074 365 3111 T.
393 3085 436 3110 Η.
1547 3087 1568 3120 9
