2080 3392
262 203 332 239 (180
777 201 1004 238 LITTERAE
1032 211 1389 244 QUADRIMESTRES

924 650 1224 705 GGXGIII

330 859 377 896 Ρ.
397 858 659 897 Leonardus
678 858 858 905 Kessel,

380 924 501 961 Patri
519 924 688 970 Ignatio
707 924 759 961 de
779 924 963 971 Loyola.

426 988 620 1034 Colonia,
645 989 688 1025 15
708 989 811 1036 Maji
833 990 923 1026 1554
942 990 967 1026 ¹.

1057 1195 1078 1229 ,ξ-

1030 1231 1128 1272 IHS

342 1425 507 1466 Gratia
529 1433 573 1466 et
595 1439 690 1478 pax
710 1427 785 1467 X.i
811 1427 919 1467 Dni.
944 1427 1001 1467 sit
1023 1439 1131 1467 cum
1153 1427 1367 1467 omnibus
1389 1428 1539 1467 nobis.
1564 1427 1730 1468 Amen.

340 1495 440 1536 R.de
466 1497 513 1536 in
529 1497 610 1537 X.⁰
632 1497 707 1542 P.¹'
724 1497 1009 1538 Conabimur
1029 1497 1110 1537 ΡΜ
1134 1497 1238 1537 V.ae
1254 1499 1459 1538 scribere
1476 1510 1595 1550 quae
1614 1498 1764 1539 Dnus.
1789 1498 1892 1551 Opt.

261 1566 387 1607 Max.
416 1567 505 1608 hoc
532 1568 864 1619 quadrimestri
891 1568 1113 1608 Coloniae
1149 1569 1334 1619 operari
1361 1569 1579 1620 dignatus
1614 1575 1684 1609 est
1714 1582 1796 1622 per
1813 1582 1896 1610 sua

262 1638 586 1689 instrumenta,
610 1640 718 1679 licet
739 1640 851 1680 vilia
874 1640 1139 1690 admodum,
1174 1640 1232 1679 ad
1259 1640 1445 1680 laudem
1472 1646 1517 1680 et
1548 1641 1749 1691 gloriam
1775 1642 1894 1681 nois.

263 1709 346 1748 X.i
366 1741 374 1759 ‚
393 1716 443 1749 ut
465 1709 695 1750 desiderio
723 1722 777 1750 ac
799 1710 1018 1750 charitati
1038 1710 1138 1750 Pstis
1164 1711 1269 1751 V.ae
1291 1711 1601 1762 Fratrumque
1626 1712 1764 1751 oium.
1791 1712 1894 1752 cha-

262 1780 554 1821 rissimorum
567 1782 721 1832 aliqua
738 1787 940 1833 exparte
952 1782 1114 1821 saltem
1129 1782 1402 1822 satisfacere
1420 1782 1703 1830 studeamuS,
1718 1794 1893 1822 eorum-

265 1863 352 1902 que
379 1852 596 1902 precibus
627 1852 772 1892 adiuti
800 1864 856 1892 ac
883 1852 971 1904 piis
1001 1853 1246 1893 desideriis
1274 1854 1356 1893 Χ.ο
1386 1853 1507 1893 Dno.
1535 1854 1768 1903 gratiores
1794 1865 1896 1893 esse

262 1923 496 1973 possimus
523 1923 718 1974 plusque
751 1923 931 1963 fructus
959 1923 1004 1962 in
1040 1923 1137 1964 dies
1168 1924 1214 1963 in
1247 1924 1467 1964 horreum
1501 1923 1577 1965 X.¹'
1608 1924 1791 1964 adferre
1817 1937 1894 1964 va-

267 1995 458 2034 leamus.

342 2064 393 2104 In
422 2065 586 2116 primis
621 2065 779 2116 itaque
809 2065 978 2106 dicturi
1009 2077 1169 2105 sumus
1200 2066 1256 2106 de
1291 2066 1627 2106 coloniensium
1661 2078 1774 2117 erga
1809 2078 1894 2106 nos

267 2135 607 2175 benevolentia.
633 2134 863 2185 Secundo,
899 2136 955 2176 de
975 2136 1131 2176 fructu
1152 2143 1196 2176 et
1216 2148 1410 2177 numero
1432 2149 1606 2187 eorum,
1639 2138 1717 2188 qui
1744 2149 1794 2177 se
1815 2136 1895 2177 So-

263 2206 420 2245 cietati
440 2205 680 2256 dederunt,
713 2218 911 2257 quorum
931 2213 1042 2246 vota
1069 2207 1129 2247 ad
1156 2206 1279 2247 Ρ.ῖθῐῖι
1301 2207 1421 2247 Vssm
1443 2208 1683 2248 mittimus.
1715 2208 1889 2258 Tertio,

263 2276 430 2317 dicturi
450 2288 609 2317 sumus
630 2277 687 2317 de
707 2277 840 2317 nobis
861 2278 987 2329 ipsis.

340 2347 402 2388 Ut
426 2348 485 2387 ad
506 2348 709 2399 primum
730 2359 844 2399 ergo
865 2349 1126 2398 veniamus,
1159 2350 1498 2390 coloniensium
1526 2355 1654 2390 tanta
1682 2355 1751 2389 est
1778 2361 1890 2400 erga

261 2429 348 2458 nos
369 2418 590 2469 charitas,
621 2418 683 2459 ita
712 2425 761 2459 ut
795 2420 993 2459 antehac
1021 2431 1264 2471 nunquam
1295 2421 1521 2461 maiorem
1550 2421 1731 2472 experti
1757 2419 1890 2460 fueri-

260 2500 384 2539 mus;
409 2500 552 2541 quare
574 2490 715 2529 etiam
737 2490 888 2530 maior
910 2490 1098 2541 effulget
1118 2491 1253 2531 nobis
1279 2503 1386 2542 spes
1416 2491 1599 2542 collegii
1628 2491 1889 2532 Societatis.

262 2560 454 2600 Plurimi
474 2561 717 2612 utriusque
739 2573 881 2601 sexus
902 2567 946 2601 et
967 2574 1026 2601 ex
1047 2562 1364 2613 superioribus
1386 2569 1506 2613 sunt,
1530 2563 1607 2614 qui
1628 2562 1753 2602 aliud
1779 2562 1893 2602 nihil

262 2630 541 2680 desiderant,
565 2643 706 2682 quam
722 2631 797 2671 hic
813 2632 972 2672 videre
990 2631 1238 2673 Societatis
1255 2633 1514 2683 collegium,
1535 2639 1584 2672 ut
1605 2632 1715 2672 illud
1735 2643 1888 2672 neces—

262 2702 398 2741 sariis
420 2713 588 2742 ornare
609 2702 805 2753 possint.
829 2702 926 2743 Nec
947 2702 1036 2743 hoc
1058 2704 1207 2743 solum
1228 2703 1449 2744 Coloniae
1479 2703 1784 2753 desideratur,
1809 2702 1890 2742 sed

262 2773 307 2810 in
329 2772 432 2811 aliis
455 2773 635 2812 duabus
656 2773 923 2813 civitatibus
944 2773 958 2791 ²
980 2774 1116 2813 huius
1146 2774 1374 2814 dioecesis
1402 2774 1495 2813 iam
1522 2773 1713 2814 offertur
1742 2774 1887 2822 locus3

318 2908 324 2925 ¹
366 2908 629 2943 Autographae,
651 2913 743 2936 totae
758 2917 859 2936 manu
874 2910 989 2937 Patris
1003 2909 1173 2937 Leonardi
1190 2910 1323 2943 Kessel,
1341 2911 1373 2937 in
1389 2911 1467 2937 folio
1483 2910 1624 2944 duplici,
1640 2917 1692 2936 nn.
1709 2909 1761 2936 ‘232
1775 2912 1807 2936 et
1823 2909 1886 2935 233.

317 2955 330 2973 2'
367 2955 614 2989 Noviomagum
637 2961 769 2983 tantum
792 2958 974 2984 meminere
996 2957 1172 2985 PoLANcus
1193 2958 1225 2984 in
1248 2957 1431 2989 Chronico,
1456 2961 1479 2984 t.
1502 2965 1554 2991 ιν,
1579 2961 1611 2984 et
1636 2956 1886 2987 REIFFENBERG.

269 3001 424 3028 Historia
443 3002 628 3030 Soce'etatz's
643 3004 688 3030 ad
705 3003 867 3030 Rhenum
886 3004 1106 3038 inferiorem,
1122 3005 1178 3032 lib.
1195 3012 1238 3037 11,
1255 3012 1328 3038 cap.
1346 3012 1418 3032 vm.
