2080 3392
334 199 406 236 530
849 197 1077 234 LITTERAE
1103 208 1460 240 QUADmMEsTREs

337 297 510 347 prium,
534 307 590 334 ac
612 306 668 333 ne
690 306 781 344 qua
802 294 894 334 ullo
915 294 1053 333 modo
1075 293 1373 344 proprietatis
1398 294 1504 333 illuc
1527 294 1721 346 obrepat
1742 296 1961 348 suspicio,

340 367 414 405 vel
444 365 573 404 labes
599 364 849 412 inferatur,
878 370 1061 404 mutant
1095 364 1215 404 inter
1248 375 1298 403 se
1331 376 1579 416 persaepe,
1617 376 1736 416 quae
1770 366 1963 407 honeste

336 441 543 487 possunt.
564 435 889 475 Eucharistiae
905 434 1231 475 Sacrametum
1249 435 1444 485 singulis
1460 435 1656 486 Dnicis.,
1673 447 1813 487 saepe
1828 437 1967 478 etiam

338 506 646 558 frequentius,
670 506 924 557 recipiunt3
949 511 1197 557 parentum
1219 511 1262 545 et
1283 511 1594 556 cognatorum
1616 507 1870 558 colloquia,
1892 520 1966 559 pe-

340 584 436 617 stes
459 588 512 617 ac
532 577 765 628 pernicies
787 576 1152 626 monacharum,
1177 576 1339 616 diebus
1360 576 1541 616 Dnicis.
1563 588 1620 617 ac
1648 577 1778 617 festis
1806 589 1864 617 ne
1893 579 1968 618 ad-

338 649 527 688 mittunt
556 647 764 699 quidem;
790 647 980 699 reliquis
1008 647 1171 687 diebus
1201 647 1264 687 ita
1292 647 1516 698 breuiter,
1547 654 1597 687 ut
1625 648 1778 699 magis
1809 660 1968 689 eorum

335 719 591 759 infirmitati
624 718 670 758 id
702 718 959 758 concedere
993 729 1134 770 quam
1160 717 1297 757 ullius
1324 717 1395 757 sui
1428 718 1581 757 solatii
1601 729 1703 769 gra.
1727 719 1882 759 facere
1903 720 1967 759 vi-

334 790 552 839 deantur;
576 790 786 841 adeoque
807 801 864 828 ne
886 789 932 828 id
953 789 1139 840 quidem
1161 788 1259 828 sine
1282 788 1463 828 comite.
1488 788 1648 840 Neque
1670 789 1729 829 ad
1760 790 1850 829 hoc
1879 790 1969 830 illis

334 868 461 911 sunt,
485 868 533 901 ut
556 860 756 900 caeteris
776 860 992 910 cancelli,
1018 859 1099 899 sed
1116 859 1288 899 lamina
1304 865 1484 899 tantum
1504 861 1718 910 angustis
1734 860 1969 900 foramini-

336 933 420 972 bus
442 937 647 982 pertusa.
673 931 775 981 Qua
798 943 855 970 ex
876 943 925 970 re
945 930 1122 970 factum
1143 936 1212 970 est
1234 936 1283 969 ut
1303 930 1563 981 quarumda
1586 937 1760 970 matres
1788 931 1968 971 obmur-

334 1015 521 1044 murare
543 1002 781 1053 coeperint
802 1002 982 1053 privari
1002 1013 1051 1041 se
1072 1001 1272 1041 filiarum
1293 1008 1568 1053 conspectu:
1593 1013 1641 1041 se
1663 1013 1777 1042 vero
1797 1014 1891 1042 non
1919 1002 1967 1042 in

334 1075 378 1115 id
400 1074 618 1125 genuisse
639 1080 689 1113 ut
710 1073 766 1112 iis
788 1073 976 1113 omnino
999 1079 1229 1113 carerent.
1255 1072 1341 1112 Cui
1361 1073 1450 1123 rei,
1475 1072 1573 1112 siue
1594 1073 1639 1112 id
1669 1073 1734 1112 ita
1760 1073 1964 1124 volebat,

333 1146 432 1186 siue
453 1151 502 1185 ut
523 1156 685 1184 earum
707 1144 913 1184 animum
934 1144 1178 1195 probaret,
1203 1143 1477 1194 simulabat,
1502 1148 1559 1183 cu
1581 1155 1630 1183 se
1649 1144 1835 1183 obstare
1850 1145 1969 1184 velle

332 1217 455 1257 R du³
480 1216 555 1256 Pr.
580 1228 674 1256 non
696 1215 892 1265 diceret,
916 1220 1291 1266 proponeretque
1321 1214 1556 1254 vellentne
1584 1214 1824 1254 fenestella
1852 1215 1966 1266 fieri,

332 1300 423 1340 qua
445 1295 489 1328 et
511 1287 671 1327 videre
692 1298 1030 1337 nonnunquam
1058 1292 1233 1326 matres
1260 1292 1303 1325 et
1331 1284 1480 1325 videri
1500 1285 1629 1336 ipsae
1662 1286 1719 1325 ab
1746 1285 1837 1325 illis
1866 1297 1967 1337 pos-

331 1366 458 1409 sent,
490 1358 601 1398 vicit
626 1357 799 1398 Christi
822 1369 954 1396 amor
976 1368 1166 1396 carnem
1187 1362 1230 1396 et
1252 1356 1550 1407 sanguinem,
1573 1355 1815 1407 effecitque
1843 1362 1892 1396 ut
1920 1369 1969 1397 se

332 1431 378 1470 id
414 1431 535 1470 nolle
571 1429 922 1481 responderent.
954 1428 1088 1480 Ipsae
1123 1434 1278 1468 autern
1305 1433 1350 1467 et
1386 1428 1765 1467 communionum
1791 1427 1967 1478 freque-

332 1502 395 1541 tia
418 1507 462 1541 et
483 1501 749 1540 diuinorum
771 1499 1029 1539 officiorum
1051 1499 1221 1538 deuota
1242 1498 1577 1548 celebratione,
1601 1504 1734 1538 tanta
1751 1499 1810 1538 ad
1829 1505 1969 1539 sacra

333 1574 411 1612 illa
446 1572 610 1612 aedem
641 1571 831 1611 hominu
859 1569 1204 1610 multitudinem
1226 1575 1555 1619 attraxerunt,
1589 1575 1637 1609 ut
1666 1581 1810 1620 prope
1836 1570 1969 1621 paria

333 1644 487 1684 omnia
508 1644 639 1682 locus
660 1642 734 1681 ille
757 1653 863 1681 cum
884 1641 995 1681 Diui
1016 1641 1196 1681 Nicolai
1217 1641 1390 1691 templo
1412 1640 1596 1679 habeat.

411 1714 725 1754 Concionatur
746 1713 807 1752 ibi
828 1712 958 1751 festis
979 1723 1033 1751 ac
1065 1711 1242 1751 Dnicis.
1273 1710 1435 1751 diebus
1462 1722 1581 1750 unus
1609 1723 1632 1750 e
1660 1710 1839 1751 Pribus.
1868 1710 1968 1751 Col-

331 1786 440 1836 legii
461 1785 597 1824 huius
619 1784 873 1834 iisdemque
896 1783 1037 1822 etiam
1059 1782 1171 1833 legit
1193 1782 1527 1833 pomeridianis
1563 1782 1690 1821 horis
1720 1794 1775 1821 ac
1807 1782 1969 1822 diebus

334 1857 537 1906 veneris3
563 1862 631 1895 cst
653 1862 808 1894 autem
831 1854 1095 1894 auditorum
1116 1864 1338 1893 numerus
1367 1864 1463 1892 non
1495 1853 1714 1903 exiguus:
1745 1854 1967 1905 templum

333 1928 449 1968 satis
471 1939 625 1978 capax
647 1926 816 1976 (minus
845 1931 1002 1965 tamen
1031 1926 1173 1974 nro.);
1204 1924 1463 1963 confessuri
1498 1930 1541 1963 et
1577 1924 1966 1964 communicaturi

332 1999 550 2049 permulti
571 2009 624 2037 eo
647 1996 900 2037 accedunt:
924 1995 1151 2045 breviter,
1172 1995 1336 2034 eadem
1353 1995 1415 2034 ibi
1432 1994 1566 2044 fiunt,
1587 2006 1706 2045 quae
1723 1994 1846 2046 apud
1863 2007 1963 2045 nos,

332 2076 380 2109 ut
402 2077 563 2109 natum
584 2069 631 2108 in
652 2068 741 2107 hoc
764 2069 862 2107 solo
884 2066 1226 2117 deductumque
1248 2066 1354 2105 illuc
1376 2077 1560 2105 ramum
1582 2066 1709 2105 illum
1730 2065 1867 2105 facile
1889 2078 1964 2117 ap-

333 2147 513 2191 pareat.

411 2211 677 2262 Compressi
699 2216 747 2249 ut
768 2209 896 2260 potui
918 2209 1199 2258 orationem,
1225 2207 1307 2247 sed
1333 2219 1419 2248 nec
1450 2208 1517 2247 sic
1547 2207 1676 2247 effeci
1711 2214 1760 2247 ut
1789 2207 1965 2247 breuis-

335 2282 479 2321 simus
501 2293 666 2321 essem.
691 2280 812 2331 Quid
833 2280 871 2319 si
894 2279 1048 2318 onmia
1072 2290 1223 2318 essem
1243 2284 1574 2330 persequutus,
1598 2290 1716 2329 quae
1738 2279 1785 2318 in
1806 2278 1895 2318 hac
1918 2290 1969 2319 re

334 2365 427 2392 non
445 2352 675 2392 immerito
694 2350 943 2391 scribenda
958 2350 1250 2389 viderentur?
1267 2349 1411 2388 Multo
1429 2360 1541 2389 sane
1557 2348 1749 2389 fuissem
1766 2349 1966 2399 longior.

334 2424 396 2463 At
419 2435 531 2463 vero
555 2423 657 2474 quis
678 2435 771 2462 non
791 2421 1023 2462 laudabile
1045 2421 1248 2460 maxime
1269 2421 1453 2460 duxerit
1481 2421 1782 2470 virguncula,
1810 2420 1919 2460 dum
1943 2432 1969 2460 a

334 2495 430 2534 suis
452 2495 771 2534 retraheretur
792 2505 849 2533 ne
871 2493 917 2531 in
938 2498 1104 2531 sancta
1126 2492 1203 2531 illa
1232 2492 1371 2531 domu
1402 2490 1748 2542 ingrederetur,
1780 2503 1968 2542 respon-

335 2566 458 2605 disse
480 2565 520 2605 si
540 2565 815 2604 morituram
836 2576 884 2603 se
902 2562 1064 2602 eadem
1086 2563 1158 2602 die
1181 2562 1474 2613 intelligeret,
1494 2568 1554 2601 no
1572 2568 1728 2602 tamen
1745 2563 1801 2601 ab
1819 2562 1968 2602 incoe-

334 2642 412 2687 pto
440 2636 722 2675 desituram?
749 2640 794 2674 et
821 2634 944 2685 quod
970 2633 1077 2672 huic
1107 2638 1163 2673 cu
1186 2633 1464 2673 obiiceretur
1486 2632 1642 2672 vilitas
1659 2632 1859 2680 habitus,
1879 2644 1969 2683 quo

336 2712 436 2746 erat
458 2706 716 2755 induenda,
740 2705 918 2744 vestiar
940 2704 1117 2755 (inquit)
1141 2704 1298 2743 herbis
1319 2703 1446 2753 licet,
1471 2714 1559 2754 ego
1579 2709 1737 2743 tamen
1757 2703 1854 2743 ibo:
1883 2703 1966 2743 sed

336 2784 460 2817 tame
482 2777 569 2816 hoc
592 2777 861 2816 omittamus
882 2781 925 2814 et
948 2775 1041 2814 iam
1070 2774 1161 2814 alio
1196 2774 1251 2824 (si
1278 2774 1480 2821 videtur)
1509 2785 1610 2813 nra.
1639 2785 1689 2814 se
1719 2779 1968 2813 conuertat

339 2849 490 2887 oratio
516 2848 540 2887 ¹.

391 2962 396 2980 ¹
439 2961 487 2987 De
504 2961 556 2987 his
573 2967 657 2994 quae
673 2960 715 2986 ad
732 2959 818 2986 hanc
835 2957 1032 2985 monialium
1052 2957 1266 2984 Ascensionis
1291 2957 1555 2984 translationem
1571 2956 1753 2991 pertinent,
1769 2956 1847 2983 vide
1865 2957 1969 2983 omni-

340 3017 379 3035 no
398 3009 565 3041 Pomm-«ro,
589 3007 791 3037 Cltrom'con,
807 3011 830 3033 t.
847 3014 893 3039 111,
917 3013 936 3032 a
952 3013 982 3033 n.
996 3006 1047 3032 497
1060 3005 1101 3032 ad
1115 3013 1146 3032 n.
1159 3004 1221 3031 502.
