2080 3392
255 132 326 169 344
768 130 993 167 LITTERAE
1021 141 1377 172 QUADRIMESTRES

257 235 330 267 tus
352 227 409 267 ad
431 227 623 267 meliora
644 228 894 278 promovit,
918 227 1023 267 inde
1044 229 1165 269 enim
1181 229 1339 279 plures
1354 230 1614 270 litterarum
1632 242 1687 271 ac
1703 242 1886 271 morum

258 298 431 337 cultum
453 298 692 348 accepturi
713 297 772 337 ad
793 309 878 338 nos
898 299 1059 338 venire
1087 306 1340 350 coeperunt
1370 306 1414 340 et
1441 299 1587 340 Ducis
1616 299 1625 319 ¹
1657 312 1770 352 erga
1800 313 1891 341 nos

258 368 581 407 benevolentia
602 366 751 418 major
772 374 816 408 et
836 369 994 409 verior
1016 370 1246 420 apparuit.

336 437 469 477 Nunc
489 437 749 489 scripturus
769 450 889 490 quae
910 439 1033 479 intra
1053 440 1138 480 hos
1159 446 1357 492 quatuor
1380 452 1563 481 menses
1583 443 1795 493 proxime
1813 442 1884 482 de·

258 520 422 548 cursos
449 508 704 560 contigisse
736 511 946 559 memini,
982 511 1094 550 illud
1127 511 1328 562 primum
1368 511 1420 552 T.
1458 512 1511 552 R.
1551 511 1598 551 P.
1636 524 1889 564 exponam,

258 579 380 631 quod
400 579 449 618 P.
472 580 678 632 Jacobus
699 581 915 621 morienti
935 581 1148 632 Pro-regi
1167 581 1358 633 Neapol.
1383 582 1396 602 ²
1417 583 1577 632 astitit,
1601 583 1774 623 Uxoris
1794 583 1885 623 Du-

258 650 346 700 cis,
379 650 597 690 nimirum
626 651 748 690 illius
782 651 928 701 filiae,
968 652 1152 692 nomine
1188 653 1459 693 accersitus.
1493 653 1573 693 lllo
1604 659 1760 693 autern
1789 654 1886 694 vita

256 720 415 761 functo
445 724 499 760 ut
532 733 640 760 vere
667 721 981 761 christianum
1011 722 1275 774 prinecpem
1302 724 1486 763 decebat
1514 723 1639 763 mori
1664 723 1695 774 ⁵,
1724 724 1889 764 eadem

258 791 444 831 domina
477 791 660 831 felicem
695 799 930 833 mortuum
959 793 1246 844 appellabat;
1276 794 1460 845 laudes,
1492 795 1660 846 inquit,
1694 794 1795 834 Deo
1822 800 1889 834 tu—

256 861 410 909 lerim,
437 862 559 913 quod
580 861 594 880 ⁴
614 868 856 913 parentem
875 875 1030 903 meum
1051 875 1077 903 a
1098 864 1315 915 propriae
1336 865 1592 905 mansionis
1614 864 1628 884 ⁵
1649 864 1888 905 familiari-

259 933 364 983 bus,
388 933 514 973 Velut
537 945 563 972 a
584 933 853 974 domesticis
873 935 1092 985 inimiciS‚
1116 942 1370 986 remotum,
1394 936 1484 976 huc
1506 936 1774 987 adduxerit,
1811 948 1886 976 no-

260 1009 381 1043 stras
401 1004 522 1043 inter
542 1016 729 1055 manus,
764 1005 950 1045 Patrem
979 1006 1208 1058 Jacobum
1236 1007 1579 1058 alloquebatur,
1609 1007 1889 1047 moriturum

260 1074 418 1126 sicque
446 1075 631 1115 facilius
658 1076 839 1116 animae
870 1077 1067 1116 salutem
1096 1076 1388 1128 adepturum.
1420 1077 1598 1128 Quibus
1625 1077 1781 1117 verbis
1816 1078 1888 1117 de-

261 1146 458 1186 claravit
481 1157 620 1197 quam
640 1146 895 1187 honorifice
917 1147 972 1187 de
993 1146 1132 1187 Patre
1152 1148 1343 1198 sentiat,
1366 1159 1422 1187 ac
1450 1148 1496 1188 in
1527 1160 1580 1188 eo
1609 1148 1892 1199 probitatem

260 1216 441 1267 diligat.

338 1286 506 1338 Porro,
531 1288 655 1339 quod
683 1288 741 1328 ad
762 1288 883 1328 hanc
905 1289 1056 1340 ipsam
1072 1288 1086 1308 ‘³
1116 1291 1316 1341 pertinet
1338 1289 1381 1330 et
1403 1290 1462 1330 ad
1482 1290 1628 1341 ipsius
1649 1290 1696 1330 in
1717 1290 1895 1341 pietate

260 1370 560 1410 progressum
587 1364 787 1410 spectat,
817 1370 911 1399 non
938 1371 1103 1410 parum
1129 1360 1302 1412 profuit
1328 1361 1451 1401 idern
1478 1360 1630 1410 Pater,
1661 1359 1888 1411 siquidem

258 1430 377 1469 inter
398 1435 585 1469 caetera
606 1429 819 1469 suadenti
841 1430 905 1469 illi
932 1442 988 1470 ac
1018 1430 1225 1471 hortanti
1252 1438 1301 1472 ut
1328 1432 1558 1483 quaedam
1586 1431 1886 1483 amplectere-

258 1507 352 1550 tur,
391 1511 510 1551 quae
540 1499 599 1539 ad
630 1501 775 1551 ipsius
805 1501 1002 1541 salutem
1027 1500 1258 1551 facerent,
1291 1502 1498 1552 libenter,
1530 1508 1580 1542 ut
1608 1502 1888 1552 audivimuS,

260 1582 437 1610 morem
456 1571 617 1621 gessit.
637 1571 887 1611 Praeterea
909 1572 1031 1624 apud
1053 1573 1263 1613 eamdem
1282 1579 1456 1624 quanta
1478 1573 1535 1613 sit
1555 1572 1709 1613 Patris
1731 1572 1891 1612 autho-

258 1643 394 1692 ritaS,
419 1642 466 1682 in
487 1642 687 1682 aliorum
707 1643 907 1693 negotiis
928 1643 1066 1683 facile
1088 1644 1368 1685 ostenditur:
1391 1656 1524 1694 nam,
1548 1644 1586 1683 si
1607 1644 1716 1695 quid
1737 1649 1891 1695 postu—

258 1713 324 1753 lat
352 1719 432 1752 aut
460 1724 544 1763 pro
574 1724 867 1765 quocumque
897 1720 1128 1765 precetur,
1159 1715 1241 1754 vix
1269 1716 1409 1755 ullam
1438 1715 1612 1766 patitur
1639 1715 1891 1766 repulsam,

259 1784 341 1823 sed
362 1783 459 1823 fere
482 1784 697 1823 omnibus
719 1795 802 1834 pro
823 1792 934 1825 voto
957 1785 1221 1837 respondet.
1247 1785 1381 1837 Quod
1410 1786 1616 1837 apertius
1647 1785 1891 1836 superiori-

260 1855 345 1894 bus
366 1854 527 1894 diebus
548 1855 710 1905 patuit.
743 1855 926 1896 Etenim
953 1856 1143 1907 quidam
1174 1857 1467 1907 adolescens,
1503 1856 1609 1896 furti
1642 1863 1897 1896 accusatus

260 1925 318 1965 ob
339 1925 477 1976 idque
498 1926 637 1965 morti
659 1924 960 1976 dijudicatus,
985 1938 1111 1978 cum,
1141 1927 1373 1968 obstinato
1402 1927 1577 1977 animo,
1611 1938 1728 1978 quae
1760 1927 1894 1967 brevi

261 2001 304 2036 et
326 1996 579 2036 christiane
600 1996 815 2036 morituri
836 1997 1038 2036 maxime
1060 1998 1289 2038 intersunt
1307 2030 1314 2048 ,
1339 2004 1593 2050 respueret,
1618 1998 1666 2038 P.
1690 1997 1895 2049 Jacobus

260 2066 318 2106 ad
340 2078 445 2106 eum
466 2066 749 2117 perducitur,
773 2074 1046 2119 tantumque
1068 2069 1216 2108 valuit
1236 2067 1335 2119 ejus
1363 2069 1649 2120 praesentia,
1682 2074 1730 2108 ut
1759 2068 1894 2108 ferox

257 2136 443 2187 juvenis
464 2137 523 2176 ad
544 2137 783 2177 meliorem
804 2144 1005 2178 mentem
1027 2150 1283 2179 conversus
1304 2140 1425 2179 ultro
1447 2139 1570 2190 apud
1591 2151 1697 2179 eum
1718 2144 1762 2179 et
1790 2150 1895 2190 pec-

263 2214 368 2248 cata
390 2208 658 2259 deposuerit
676 2208 704 2258 ⁷,
728 2215 772 2248 et
794 2209 999 2249 animum
1020 2215 1150 2250 tanta
1171 2210 1396 2261 religione
1419 2217 1594 2250 tactum
1616 2209 1893 2259 exhibuerit,

317 2368 327 2388 ¹
367 2367 443 2394 Dux
459 2367 657 2395 Florentiae
673 2367 824 2395 Cosmus.

316 2415 329 2434 ²
367 2415 489 2442 Petrus
505 2415 543 2441 de
560 2415 697 2448 Toledo,
715 2416 768 2450 qui
784 2416 863 2443 dum
884 2416 925 2443 ad
946 2415 1093 2443 Senense
1114 2417 1240 2444 bellum
1259 2425 1294 2444 se
1309 2418 1474 2452 parabat,
1496 2416 1693 2445 Florentiae
1708 2418 1795 2445 diem
1811 2417 1894 2444 obiit

263 2469 455 2496 supremum
470 2462 531 2488 22.ἃ
546 2462 725 2490 Februarii
739 2463 839 2497 hujus
854 2463 1066 2498 anni.—Ejus
1081 2463 1160 2498 filia,
1176 2464 1344 2491 Eleonora
1355 2486 1361 2498 ,
1378 2471 1463 2491 uxor
1479 2468 1553 2492 erat
1569 2464 1672 2492 Ducis
1688 2464 1893 2492 Florentini.

315 2509 329 2529 ³
367 2509 461 2536 Haec
476 2517 561 2543 quae
577 2509 743 2537 Polancus
760 2510 901 2542 addidit,
917 2518 1001 2537 vera
1016 2510 1148 2538 omnino
1163 2516 1251 2538 sunt.
1273 2511 1347 2538 Non
1362 2512 1450 2538 enim
1470 2512 1557 2538 falsa
1578 2512 1729 2539 inserere
1751 2512 1893 2539 auderet

264 2557 316 2584 his
330 2557 467 2589 litteris,
484 2564 569 2591 quae
591 2557 623 2584 in
646 2564 762 2584 omnes
783 2557 963 2585 Societatis
985 2558 1101 2585 domos
1121 2559 1346 2586 mittebantur
1369 2560 1636 2593 legebanturque
1660 2567 1725 2586 non
1747 2567 1766 2586 a
1786 2558 1897 2586 Sociis

265 2607 397 2631 tantum
421 2604 479 2630 sed
502 2605 543 2631 ab
562 2605 656 2638 aliis,
682 2605 788 2639 iisque
812 2605 985 2639 primariis
1000 2605 1084 2632 viris
1105 2606 1204 2638 <Vide
1226 2606 1392 2640 POLANco,
1416 2606 1619 2638 chronicon,
1641 2610 1663 2633 t.
1684 2614 1719 2640 11,
1735 2613 1810 2640 pag.
1830 2606 1896 2639 296,

264 2659 293 2678 n.
307 2650 368 2685 264,
385 2655 419 2678 et
434 2649 594 2678 Litterae
611 2653 905 2685 quadrimestre-5,
917 2656 939 2679 t.
952 2659 973 2686 1,
987 2660 1064 2687 pag.
1079 2653 1155 2686 394),
1171 2654 1290 2687 quibus
1305 2654 1427 2688 optime
1442 2659 1541 2681 notus
1556 2658 1631 2681 erat
1647 2653 1894 2687 Neapolitanus

266 2699 420 2725 Pro-rex.
437 2698 523 2726 Vide
545 2703 658 2726 tamen
679 2707 764 2733 quae
787 2700 857 2734 ipse
883 2699 1048 2727 Polancus
1071 2701 1173 2727 habet
1196 2701 1227 2727 in
1249 2701 1425 2735 Chronico,
1447 2705 1470 2729 t.
1485 2708 1539 2732 111.
1561 2709 1638 2735 pag.
1655 2702 1698 2734 58,
1716 2702 1776 2728 sub
1791 2700 1892 2727 finem

264 2754 353 2773 num.
369 2746 412 2773 98.

319 2794 333 2814 ⁴
369 2794 506 2827 gratias
526 2801 635 2828 agens
650 2794 721 2821 Deo
737 2794 835 2828 quod.
852 2794 1026 2822 Polancus.

319 2841 333 2859 5
371 2842 505 2867 domus.
521 2841 699 2869 Polancus.

318 2886 333 2907 ὅ
370 2887 473 2915 Ducis
487 2888 682 2916 Florentiae
699 2897 848 2916 uxorem.

319 2935 331 2954 ⁷
371 2936 690 2970 consessussuerit.
704 2936 884 2963 Polancus.
