2080 3392
289 151 337 189 66
803 149 1029 186 L1TTERAE
1056 160 1140 192 QUA
1147 158 1412 185 DRIMESTRES

372 247 513 287 Brevi
532 246 720 298 quidam
740 245 966 295 Phrysius
988 244 1046 284 ad
1068 244 1292 284 exercitia
1314 255 1363 283 se
1384 249 1634 283 venturum
1661 243 1927 283 certissime

291 318 530 358 constituit
551 317 606 357 de
633 328 723 368 quo
752 322 795 355 et
822 314 1054 355 nonnullis
1080 314 1181 354 aliis
1214 313 1387 364 optima
1415 324 1500 353 nos
1526 313 1666 353 habet
1694 324 1814 364 spes.
1849 312 1919 353 Sit

292 400 462 428 nomen
484 386 740 428 dulcissimi
761 386 863 426 Iesu
884 384 1193 425 benedictum.

373 459 489 499 Cum
509 458 678 498 vicinis
699 456 870 496 nostris
892 467 1063 506 magna
1083 466 1200 506 pace
1221 454 1432 494 fruimur.
1458 454 1630 494 Omnes
1651 454 1785 495 nobis
1807 455 1917 494 mul-

293 536 390 569 tum
423 529 603 576 favent,
637 527 914 579 praesertim
948 525 1005 565 D.
1045 525 1297 565 Abbatissa
1334 524 1378 564 S.
1416 524 1637 573 UrsuIae,
1672 536 1789 575 quae
1826 536 1918 564 non

294 606 446 640 cessat
481 605 667 639 nostras
701 604 858 650 partes
897 597 1038 648 tueri,
1072 596 1202 636 cuius
1238 596 1311 635 vel
1346 595 1433 635 hoc
1476 602 1802 645 argumentum
1834 600 1918 644 est,

293 670 415 723 quod
441 671 636 710 multum
663 668 867 720 gaudeat
894 667 1162 707 venerabile
1191 666 1371 717 Corpus
1399 665 1586 705 Domini
1621 677 1679 705 ex
1707 665 1923 705 manibus

294 741 384 781 R.0li
412 740 564 781 Patris
586 739 820 779 Leonardi
848 739 1081 790 accipere,
1113 738 1303 788 eiusque
1331 737 1523 776 missam
1553 736 1740 777 audire„
1762 735 1920 775 Domi-

294 813 399 852 nica
428 811 577 863 prima
609 810 838 850 adventus
867 809 1003 849 simul
1036 820 1141 849 cum
1173 807 1397 847 fratribus
1437 807 1484 846 in
1513 818 1656 846 aurea
1692 818 1877 846 camera
1916 805 1922 824 ¹

295 882 659 923 communicavit
680 881 726 920 in
753 880 1027 921 admiranda
1054 879 1334 929 humilitate,
1364 878 1501 918 nullis
1528 877 1819 929 pedissequis
1845 877 1921 916 sti-

295 960 421 1005 pata,
445 953 572 993 humi
592 953 740 992 instar
767 952 1080 1003 pauperculae
1107 956 1358 1002 prostrata.
1389 949 1620 999 Dignetur
1647 948 1832 987 humilis
1862 947 1926 987 Ie-

298 1036 377 1065 sus
397 1024 543 1064 hacce
565 1023 734 1063 celebri
754 1023 1046 1062 solemnitate
1068 1022 1115 1061 in
1136 1022 1270 1061 ulnas
1293 1032 1403 1060 suas
1426 1019 1656 1071 amplecti.

378 1095 526 1136 Pestis
555 1096 750 1135 multum
781 1093 931 1144 coepit
957 1093 1032 1132 hic
1061 1092 1281 1132 Coloniae
1308 1091 1540 1142 grassari,
1573 1089 1850 1141 praesertim
1881 1090 1924 1128 in

299 1173 461 1207 nostra
482 1166 722 1217 parochia.
748 1165 952 1204 Tueatur
972 1175 1058 1203 nos
1078 1163 1307 1203 Dominus
1331 1162 1544 1202 Christus
1576 1173 1660 1212 pro
1690 1172 1774 1200 sua
1801 1160 1926 1199 boni-

301 1244 410 1277 tate.
433 1237 623 1276 Interim
651 1246 736 1275 nos
765 1235 874 1275 totis
899 1234 1188 1285 praecordiis
1216 1232 1596 1272 commendamus
1626 1230 1929 1282 flagrantissi-

306 1308 393 1348 mis
414 1308 464 1347 T.
490 1307 539 1346 P.
563 1306 780 1358 precibus
801 1312 845 1345 et
865 1304 1127 1356 purissimis
1148 1302 1405 1344 sacrificiis.

387 1378 607 1419 Coloniae
630 1377 743 1427 ipsis
765 1375 970 1416 calendis
990 1374 1265 1415 Decembris
1290 1373 1406 1414 1552.

384 1450 455 1489 EX
477 1448 803 1489 commissione
831 1446 924 1486 ΗΜ
944 1446 1091 1497 patris
1121 1445 1375 1495 Leonardi,
1409 1452 1514 1484 tuus
1544 1444 1763 1494 indignus
1792 1442 1936 1492 filiu&

892 1587 1150 1628 GERARDUS
1172 1587 1401 1626 BRASSICA
1424 1585 1798 1627 DORDRACENSIS.

387 1802 478 1841 His
499 1801 680 1841 addidit
701 1812 844 1840 marm
861 1800 1064 1852 propria
1087 1799 1369 1839 Leonczrdus
1390 1798 1581 1838 Kessel:

389 1872 488 1912 Rue
517 1872 676 1912 Pater:
714 1872 911 1911 nuncius
938 1871 1217 1921 expectabat
1255 1876 1298 1910 et
1325 1876 1506 1921 tempus
1539 1876 1638 1908 erat
1673 1875 1722 1908 ut
1756 1869 1935 1908 amicos

310 1943 497 1984 Rsslisssiffli
531 1943 655 1993 Epis.
686 1943 771 1982 nri.
801 1942 1087 1992 accederem;
1112 1942 1178 1981 sic
1207 1952 1301 1980 non
1325 1941 1491 1990 scribo,
1513 1940 1594 1980 sed
1614 1940 1745 1979 brevi
1762 1940 1934 1987 omnia,

312 2015 542 2066 quomodo
565 2013 875 2053 successerint
897 2012 1069 2052 scribat
1091 2012 1198 2062 (sic)
1222 2011 1279 2051 ad
1301 2024 1344 2063 p.
1369 2024 1413 2051 v.

394 2084 762 2136 Superscrt'ptio,
787 2083 1176 2132 Gerczrdl'wzcmn,
1197 2082 1246 2121 iu
1267 2085 1441 2133 quarta
1455 2081 1667 2132 pagina:
1691 2080 1791 2120 R.d0
1814 2081 1936 2131 patri

313 2156 494 2207 Ignatio
510 2167 536 2195 a
554 2154 735 2203 Loiolar,
748 2152 995 2193 Societatis
1014 2153 1116 2193 lesu
1138 2153 1334 2192 antistiti
1350 2152 1724 2203 vigilantissimo,
1744 2151 1936 2190 Romae.

394 2225 505 2266 Alsa
534 2236 702 2265 manu:
731 2224 922 2264 Colonia
957 2224 1078 2274 1552,
1110 2224 1164 2263 de
1192 2222 1404 2263 Gerardo
1436 2222 1673 2272 Brassica,
1704 2222 1853 2272 primo
1881 2222 1936 2261 de

315 2297 574 2337 decembre.

397 2368 485 2407 Est
507 2370 550 2406 et
571 2365 829 2416 vestigium
851 2364 1020 2414 sigilli.

371 2526 381 2544 ¹
421 2525 536 2551 Aurea
558 2531 693 2551 camera
716 2523 860 2557 (Golden
885 2522 1081 2555 Kammer).
1104 2521 1158 2548 Sic
1181 2524 1324 2548 vocatur
1346 2521 1438 2548 loeus
1452 2521 1560 2548 sacris
1573 2521 1726 2555 reliquiis
1741 2520 1940 2551 destinatus.

317 2572 393 2599 aliis
407 2573 440 2598 in
456 2573 537 2598 locis
557 2571 758 2598 Thesaurus
773 2570 906 2602 dicitur,
929 2570 960 2596 in
982 2577 1045 2603 quo
1061 2569 1224 2604 reliquiae
1241 2568 1273 2594 S.
1296 2568 1440 2595 Ursulae
1463 2567 1622 2595 Coloniae
1643 2572 1875 2595 asservantur.
1893 2567 1947 2593 In-

316 2627 454 2646 numera
470 2619 638 2645 sociarum
653 2619 725 2652 ejus
739 2625 826 2651 ossa,
841 2617 1022 2651 praecipue
1037 2616 1070 2643 in
1084 2616 1248 2651 superiori
1272 2615 1364 2642 chori
1388 2619 1504 2650 parte,
1522 2616 1554 2642 in
1569 2615 1687 2650 parvis
1697 2614 1809 2642 aureis
1824 2622 1943 2647 capsu-

317 2667 358 2693 lis
372 2670 448 2693 sunt
464 2668 641 2693 collocata.
