2080 3392
843 170 927 207 AN.
959 169 1050 207 1553
1698 168 1765 206 291

125 282 412 312 consensum
429 269 637 322 negavit.
655 269 816 320 Itaque
831 268 954 308 hanc
966 269 1094 320 passi
1110 269 1362 320 repulsam,
1382 268 1610 308 adversus
1627 279 1768 319 quam

124 343 251 383 bona
273 342 443 382 fiducia
465 340 631 381 muniti
656 351 858 389 eramus,
888 338 1279 379 Reverendiss.1110
1300 339 1549 390 Episcopo,
1578 339 1767 379 rationi-

129 414 216 454 bus
238 413 431 453 alterius
452 413 642 452 minime
662 416 890 463 permoto,
910 410 992 450 sed
1014 410 1168 460 potius
1189 409 1463 460 Evangelici
1486 409 1666 450 fructus
1688 421 1770 461 spe

126 485 331 525 alacrius
369 485 429 524 ad
462 483 680 523 beneficii
714 481 934 533 promissi
964 481 1102 521 fidem
1131 481 1338 531 incitato,
1367 481 1547 532 gratias
1573 481 1768 521 meritis-

127 557 246 597 simo
269 557 368 596 iure
386 555 588 606 egimus,
613 560 657 593 et
678 552 983 593 Procuratori
1011 551 1158 602 regio,
1190 552 1398 591 animum
1427 552 1573 603 ipsius
1603 552 1676 604 pie
1704 552 1768 592 in-

124 627 386 680 terpretati,
418 626 684 666 orationum
712 623 1000 676 praesidium
1029 623 1252 674 impertiti
1287 635 1462 673 sumus,
1500 635 1590 676 quo
1624 623 1771 664 fretus

127 705 331 740 mentem
370 698 416 737 in
457 697 612 748 operis
652 696 715 747 pii
750 695 983 743 favorem,
1024 693 1234 745 deposita
1270 695 1415 745 priori
1448 696 1770 747 persuasione,

128 775 455 819 commutaret3
480 768 608 819 atqui
629 767 857 807 hactenus
885 766 1063 805 nullum
1090 765 1416 805 conversionis
1443 773 1772 817 argumentum

128 841 358 893 praebuit,
382 839 636 891 patientiae
658 838 792 878 nobis
812 837 976 877 relicta
998 837 1264 876 occasione.

212 912 314 952 Hac
350 923 431 963 spe
458 911 602 961 igitur
628 909 859 960 frustrati,
890 920 916 948 a
945 907 1123 948 Senatu
1156 907 1394 948 facultatis
1428 909 1639 960 erigendi
1675 909 1773 950 Col-

130 983 242 1035 legii
276 982 555 1032 suffragium
583 992 782 1021 exorare
810 979 1071 1031 pergimus,
1102 980 1232 1019 nacti
1259 979 1347 1019 Dei
1378 980 1590 1030 auspicio
1620 980 1775 1021 Consi-

129 1055 335 1105 liarium,
360 1066 383 1093 a
410 1053 584 1094 Senatu
606 1053 653 1092 in
679 1058 870 1092 nostrae
897 1063 1069 1091 causae
1096 1057 1350 1102 patronum
1381 1053 1601 1102 electum,
1635 1064 1778 1104 supra

130 1138 262 1178 spem
297 1126 445 1166 nostri
472 1124 649 1175 negotii
679 1129 975 1175 satagentem
1006 1135 1063 1163 ac
1091 1123 1236 1175 probe
1263 1123 1388 1174 apud
1416 1123 1640 1164 Senatum
1671 1136 1777 1164 con-

132 1198 395 1239 troversiae
417 1203 609 1237 nostrae
631 1195 947 1247 patrocinium
974 1200 1231 1245 gerentem.
1256 1194 1341 1235 Cui
1361 1194 1594 1235 Dominus
1624 1195 1670 1236 in
1702 1207 1776 1236 ex-

132 1276 284 1310 tremo
323 1269 495 1308 iudicio
534 1267 766 1319 propitius
810 1277 912 1306 esse
959 1266 1194 1317 dignetur.
1242 1266 1380 1306 Pater
1419 1267 1628 1318 interim,
1671 1274 1779 1308 ante

133 1341 282 1381 nostri
304 1340 481 1392 negotii
504 1339 797 1379 iudiciariam
814 1338 1180 1388 discussionem,
1200 1337 1481 1379 Primarium
1508 1339 1779 1380 Praesidem

140 1419 185 1452 et
212 1411 466 1461 Consules,
501 1411 556 1451 de
585 1421 784 1461 quorum
811 1409 1074 1461 patrocinio
1106 1420 1214 1460 spes
1240 1410 1374 1449 nobis
1406 1410 1561 1462 aliqua
1589 1410 1780 1463 affulge-

139 1485 237 1534 bat,
263 1483 523 1523 amicorum
544 1482 740 1522 consilio
762 1486 807 1521 et
828 1481 1002 1521 auxilio
1026 1492 1136 1520 usus
1168 1481 1390 1532 accessit,
1423 1480 1674 1522 Societatis
1704 1495 1781 1523 ne-

139 1556 320 1606 gotium
360 1554 536 1595 eisdem
577 1552 1006 1594 commendaturus.
1048 1551 1099 1593 In
1140 1553 1271 1593 cuius
1312 1554 1485 1594 laboris
1525 1554 1782 1595 subsidium

140 1627 515 1667 Reverendiss.us
544 1626 807 1677 Episcopus
837 1624 1158 1675 Sacellanum,
1189 1625 1267 1676 qui
1288 1625 1377 1677 ipsi
1399 1637 1581 1678 quoque
1603 1633 1703 1667 erat
1726 1627 1782 1667 ab

138 1698 468 1750 eleemosynis,
506 1698 603 1737 vita
637 1703 744 1748 post
779 1695 1069 1747 defunctum,
1107 1695 1237 1736 Patri
1272 1697 1493 1737 comitem
1527 1698 1784 1749 adiungere

140 1770 362 1821 dignatus
383 1777 473 1819 est,
498 1781 557 1808 ex
575 1780 667 1820 quo
688 1768 941 1820 peculiaris
962 1779 1077 1819 erga
1099 1779 1186 1807 nos
1207 1768 1406 1808 affectus
1428 1769 1573 1820 ipsius
1597 1770 1783 1810 eviden-

139 1842 317 1882 tissime
340 1842 503 1881 elucet.
530 1840 673 1880 Cuius
696 1839 1001 1889 domesticUS‚
1035 1839 1217 1879 Doctor
1244 1840 1513 1891 theologus,
1545 1841 1680 1881 nobis
1709 1854 1783 1882 au-

141 1920 241 1954 ctor
271 1913 444 1963 extitit,
476 1919 524 1952 ut
553 1911 856 1963 Reipublicae
891 1923 1034 1951 onera
1067 1912 1372 1952 causantibus
1400 1913 1644 1964 minusque
1672 1926 1785 1966 erga

139 1984 389 2025 Societatis
424 1983 740 2035 patrocinium
778 1983 1026 2034 propensis
1062 1984 1220 2034 palam
1247 1995 1303 2023 ac
1333 1983 1477 2024 libere
1507 1986 1784 2036 persuadea-

140 2068 245 2097 mus
272 2056 464 2096 Domini
494 2055 716 2107 Episcopi
742 2056 1035 2095 voluntatem
1063 2055 1208 2095 solius
1235 2055 1400 2096 domus
1426 2056 1654 2097 hactenus
1685 2070 1788 2109 pro-

142 2128 317 2168 missae
340 2127 591 2167 donatione
614 2132 884 2167 contentam
903 2126 1092 2166 minime
1114 2126 1233 2174 fore,
1266 2127 1346 2167 sed
1378 2128 1590 2168 eamdem
1611 2135 1787 2169 trecen-

142 2206 301 2239 torum
335 2205 414 2238 aut
454 2198 906 2250 quadringentorum
945 2197 1218 2238 francorum
1256 2210 1412 2239 annuo
1447 2199 1632 2240 redditu
1665 2202 1787 2241 locu-

145 2270 415 2322 pletandam
436 2270 643 2320 gratuito
665 2269 874 2309 eiusdem
903 2268 1094 2308 Domini
1120 2269 1343 2321 Episcopi
1372 2270 1620 2311 beneficio:
1653 2271 1789 2312 facile

146 2342 193 2382 id
213 2341 349 2381 nobis
370 2340 644 2392 persuaderi
666 2340 824 2391 debet,
848 2339 1052 2391 quando,
1077 2341 1219 2381 etiam
1250 2347 1358 2381 ante
1388 2341 1659 2382 facultatem
1689 2342 1789 2383 Col-

145 2413 257 2463 legii
278 2411 524 2452 extruendi
545 2412 803 2462 obtentam,
827 2411 1067 2462 fratribUS,
1092 2412 1139 2452 in
1161 2413 1334 2453 iustum
1355 2425 1601 2453 numerum
1632 2426 1789 2455 excre-

144 2484 404 2531 scentibus,
442 2483 517 2522 hic
547 2483 595 2522 in
624 2482 776 2522 studio
806 2483 1000 2534 alendis,
1024 2489 1343 2524 trecentorum
1370 2484 1643 2525 francorum
1669 2497 1788 2526 sum-

145 2567 273 2595 mam
306 2554 502 2605 singulis
536 2554 698 2604 annis,
736 2565 883 2605 usque
919 2553 978 2593 ad
1021 2554 1220 2606 Collegii
1255 2555 1539 2596 erectionem
1572 2557 1789 2597 submini-

147 2626 412 2675 strandam,
450 2624 580 2665 Patri
613 2624 870 2665 Paschasio
905 2626 1189 2677 promiserit.
1230 2626 1365 2666 Adde
1401 2626 1548 2678 quod,
1586 2639 1729 2679 quum
1764 2641 1790 2669 a

147 2697 287 2738 Patre
310 2708 450 2748 super
473 2696 662 2736 scholae
685 2697 927 2747 apertione
950 2698 1291 2749 consuleretur,
1323 2698 1460 2738 hilari
1480 2706 1790 2752 promptoque

146 2768 320 2809 affectu
360 2774 608 2819 utrumque
649 2768 806 2808 calcar
845 2767 974 2809 Patri
1010 2768 1260 2820 addiderit,
1304 2770 1599 2811 exhortando
1636 2771 1792 2812 Patris

147 2839 356 2880 animum
386 2839 445 2879 ad
477 2839 630 2890 coepti
651 2839 834 2879 consilii
862 2839 1202 2890 perfectionem
1233 2847 1278 2880 et
1304 2841 1570 2882 huiusmodi
1596 2844 1791 2894 promis-

148 2911 279 2950 sione
315 2910 658 2951 confirmando:
694 2909 710 2926 “
723 2909 771 2950 Si
797 2910 911 2950 mihi
943 2923 1068 2951 nunc
1103 2911 1287 2952 animus
1314 2920 1383 2952 est
1412 2913 1548 2953 vobis
1574 2914 1790 2966 simplam

150 2982 416 3033 portionem
439 2981 687 3033 erogandi,
717 2981 963 3033 decuplam
994 2983 1190 3034 augebo,
1220 2984 1260 3023 si
1286 2990 1472 3024 vestros
1497 2985 1682 3026 labores
1713 2998 1790 3038 pu—
