2080 3392
850 183 931 220 ΑΝ.
963 182 1054 220 1554
1702 181 1774 217 5¹25

130 280 300 320 mirum
333 279 460 320 dictu
504 291 645 331 quam
683 291 759 320 res
798 291 922 320 noua
960 279 1207 319 videbatur
1252 290 1325 318 me
1370 289 1590 319 recusare
1635 289 1770 328 pecu-

132 343 259 391 niam
280 351 509 403 accipere.
532 350 706 391 Ultimo
729 356 884 391 autem
906 350 980 390 die
1003 350 1102 402 (qui
1123 356 1224 390 erat
1255 349 1474 400 Dnicus.)
1504 351 1627 389 cum*
1642 354 1768 389 totus

134 421 193 461 ad
229 433 366 462 sacra
398 422 624 462 solemnia
659 421 719 462 ad
755 423 979 473 templum
1013 422 1213 473 populus
1249 427 1555 470 conuenerat,
1599 426 1773 460 contra

132 493 401 544 praedictas
421 493 680 544 prauitates
702 492 974 533 concionari
996 492 1148 543 coepi,
1175 492 1454 543 explicando
1482 492 1620 531 simul
1647 491 1769 531 debi-

133 569 231 604 tum
265 564 449 616 peccati
482 565 718 615 mortalis,
743 575 919 615 poenas
940 563 1225 615 purgatorii,
1250 574 1368 615 quas
1391 563 1449 603 ob
1471 563 1559 603 hoc
1580 563 1772 603 incurri-

133 645 261 683 mus,
287 634 451 686 sipost
473 635 816 675 confessionem
839 634 914 674 hic
941 634 1278 685 poenitentiam
1308 646 1404 674 non
1435 634 1692 685 egerimus,
1728 640 1773 673 et

132 705 396 756 gratiarum
417 705 774 757 plenitudinem,
800 717 940 757 quam
960 717 1041 756 per
1060 716 1312 745 concessas
1331 705 1553 756 consequi
1570 704 1769 745 dabatur

132 776 464 827 indulgentias.
488 776 622 816 Unde
644 776 819 817 factum
841 782 911 816 est
932 782 981 815 ut
1002 776 1158 825 multi,
1182 776 1261 827 qui
1283 783 1417 816 sexta
1438 776 1556 816 feria
1585 789 1639 816 ac
1668 777 1770 816 sab-

131 847 294 897 batho,
319 847 375 887 ob
399 848 745 888 contumaciam
766 847 975 887 ieiunare
996 848 1266 897 noluerunt,
1292 847 1525 887 dominica
1554 847 1627 887 die
1659 859 1772 899 prae

131 918 322 958 tristitia
344 919 402 959 ob
424 920 688 970 neglectam
708 924 847 969 gram
868 918 948 958 vix
969 917 1125 958 cibum
1145 929 1316 969 capere
1332 918 1592 969 valuerint,
1618 919 1769 959 dicen-

130 995 201 1029 tes
223 1001 272 1029 se
294 990 341 1029 in
363 996 603 1040 posterum
621 990 794 1030 similes
810 1000 1050 1041 nunquam
1067 995 1418 1040 contempturos
1435 990 1766 1040 indulgentias.

133 1060 240 1101 Alio
263 1061 467 1113 quodam
488 1067 719 1113 tempore,
744 1073 834 1113 quo
856 1061 1101 1101 Bruxellas
1124 1059 1517 1112 proficiscendum
1545 1067 1664 1110 erat,
1698 1074 1774 1101 ex-

132 1134 277 1173 ternis
317 1133 595 1184 quibusdam
629 1133 915 1185 compositis,
951 1132 1010 1172 ad
1045 1132 1229 1172 interna
1266 1132 1539 1183 exequenda
1580 1133 1770 1184 negotia

132 1204 274 1244 totius
294 1204 469 1244 laboris
491 1216 721 1244 conuersa
743 1210 812 1244 est
832 1204 1055 1251 intensio,
1080 1209 1130 1243 ut
1153 1203 1302 1243 tribus
1319 1203 1592 1243 monialium
1609 1216 1774 1244 coeno-

132 1275 244 1325 biis,
268 1282 365 1315 tum
389 1275 734 1326 concionando,
759 1281 857 1315 tum
884 1274 1082 1326 publicis
1104 1274 1394 1325 priuatisque
1428 1274 1600 1315 habitis
1636 1277 1773 1315 collo>

134 1346 270 1398 quiiS,
308 1346 604 1398 perlustratis
638 1359 731 1386 non
765 1346 864 1386 sine
898 1345 1054 1386 fructu
1087 1345 1205 1385 haec
1241 1352 1567 1386 consummata
1603 1352 1672 1386 est
1709 1348 1774 1386 vi-

131 1417 304 1457 sitatio.

213 1488 458 1540 Quaedam
480 1496 635 1529 autem
656 1489 878 1540 religiosa
899 1488 952 1528 40
982 1500 1234 1539 annorum,
1268 1500 1389 1540 quae
1419 1488 1514 1528 iam
1547 1488 1600 1528 20
1626 1501 1774 1529 annos

136 1561 379 1612 religionis
413 1560 623 1601 habitum
657 1560 884 1612 portauit,
923 1560 1005 1600 sed
1039 1560 1086 1599 in
1122 1565 1252 1599 tanta
1289 1559 1432 1600 animi
1471 1571 1692 1610 pressura
1729 1566 1775 1600 et

138 1632 456 1672 conscientiae
494 1638 629 1672 reatu
656 1631 797 1682 vixit,
827 1638 877 1671 ut
904 1631 1025 1670 mori
1059 1630 1234 1682 potius,
1273 1642 1413 1682 quam
1449 1631 1648 1682 amplius
1682 1633 1774 1671 tale

132 1715 251 1743 onus
282 1709 471 1754 gestare
501 1704 715 1754 eligeret,
754 1702 888 1743 nobis
916 1702 1132 1742 confessa
1160 1714 1216 1742 ac
1246 1702 1531 1742 salutaribus
1553 1703 1772 1743 corrobo—

130 1781 235 1815 rata
256 1775 447 1815 viuendi
467 1775 697 1825 consiliis,
722 1775 892 1814 mirum
914 1782 1142 1825 quantum
1163 1774 1210 1813 in
1232 1773 1372 1814 corde
1405 1774 1464 1814 sit
1495 1774 1770 1824 illuminata,

129 1845 429 1898 quodliterae
446 1846 544 1886 eius
561 1852 806 1894 testantur,
827 1845 993 1896 quibus
1011 1856 1060 1884 se
1074 1845 1237 1885 scribit
1252 1845 1346 1885 iam
1363 1845 1624 1897 incoepisse
1642 1846 1775 1897 quasi

133 1917 311 1957 nouitia
332 1918 421 1958 hoc
452 1929 576 1957 anno
609 1917 829 1957 inuestita
861 1922 998 1957 esset.
1037 1916 1247 1956 Alterius
1284 1916 1528 1956 cuiusdam
1564 1917 1776 1957 coenobii

131 1989 415 2029 venerabilis
450 1989 727 2039 Abbatissa,
765 2000 825 2028 ex
861 2000 952 2040 quo
987 1986 1109 2027 Rdus
1136 1987 1211 2027 Pr.
1243 1999 1313 2027 nr.
1343 1987 1584 2028 Adrianus
1616 1987 1775 2028 ¹illam

130 2060 288 2100 inuisit
311 2072 417 2101 cum
437 2066 534 2100 toto
555 2060 757 2100 filiarum
779 2065 937 2110 coetu,
962 2070 1146 2098 summa
1168 2070 1275 2098 cum
1298 2059 1603 2099 veneratione
1620 2071 1771 2100 nram.

131 2138 479 2183 prosequuntur
500 2131 794 2181 societatem,
819 2131 1017 2170 multum
1034 2130 1145 2170 nris,
1168 2129 1434 2170 afficiuntur
1450 2130 1770 2171 concionibus.

130 2202 264 2243 Unde
296 2203 491 2254 contigit
520 2203 567 2243 in
599 2202 802 2254 quodam
833 2207 1112 2253 magnatum
1144 2201 1384 2252 conuiuio,
1421 2201 1502 2241 ubi
1532 2201 1669 2242 valde
1701 2202 1774 2242 de-

130 2274 256 2314 trahi
277 2274 455 2314 solebat
476 2286 606 2314 nrae.
630 2273 872 2324 societati,
898 2273 1015 2312 duas
1042 2271 1272 2324 praedicti
1304 2273 1519 2312 coenobii
1546 2272 1773 2314 interesse

130 2345 239 2385 Ill.es
260 2344 406 2385 Dnas.
431 2356 551 2397 quae
573 2345 847 2385 societatem
867 2344 1010 2384 tantis
1032 2343 1248 2383 laudibus
1278 2344 1564 2394 extulerunt,
1596 2350 1646 2384 ut
1675 2346 1772 2384 nul-

132 2418 203 2456 lus
225 2416 424 2456 aliorum
445 2416 644 2467 amplius
673 2415 870 2455 verbum
898 2415 1097 2455 iniuriae
1130 2414 1177 2454 in
1207 2414 1334 2454 illam
1366 2414 1555 2454 iniicere
1584 2427 1772 2466 praesu-

132 2494 294 2528 meret.

213 2558 415 2609 Quidam
435 2558 615 2598 iuuenis
636 2564 880 2609 promotus
901 2570 1025 2597 anno
1049 2557 1299 2609 superiori,
1332 2557 1507 2608 ingenii
1538 2558 1769 2608 acumine,

133 2630 442 2681 omnibusque
478 2636 675 2671 naturae
706 2629 893 2669 dotibus
933 2629 1047 2669 satis
1088 2628 1308 2680 insignis,
1350 2628 1532 2679 spualia
1573 2628 1774 2669 absoluit

130 2701 384 2751 exercitia,
409 2701 455 2740 in
477 2700 644 2752 quibus
670 2711 719 2740 se
739 2706 888 2740 totum
909 2700 1126 2740 societati
1149 2699 1423 2750 resignauit.

210 2771 261 2812 In
282 2771 653 2812 confessionibus
675 2778 720 2811 et
742 2771 1070 2811 communione
1086 2770 1393 2822 frequentiori
1410 2770 1457 2810 in
1473 2770 1572 2811 dies
1590 2771 1773 2812 fructus

131 2850 351 2895 augetur,
391 2842 741 2883 confunduntur
781 2842 999 2893 subinde,
1041 2842 1120 2893 qui
1158 2841 1407 2893 prudentia
1449 2843 1629 2882 carnali
1678 2855 1771 2883 ma-

188 3004 195 3023 ¹
237 3004 271 3031 P.
287 3003 460 3031 Adrianus
475 3003 736 3031 Adriaenssens.
