2080 3392
199 221 269 258 030
708 219 934 257 LITTERAE
962 229 1319 262 QUADRmiESTREs

200 327 321 355 nunc
344 316 434 365 illo,
460 314 581 365 quod
603 320 847 365 tantopere
866 314 1095 364 cupiebat,
1121 325 1227 353 cum
1246 313 1424 364 ingenti
1446 313 1588 352 animi
1607 315 1827 365 tranquil-

200 386 327 425 litate
363 391 405 424 et
441 385 611 435 gaudio
644 384 912 435 perfruitur,
946 385 1233 435 multumque
1266 383 1398 423 nobis
1428 384 1620 434 praebet
1648 389 1692 423 et
1727 384 1828 424 obe-

202 456 402 495 dientiae
438 461 481 494 et
508 455 783 495 humilitatis
811 455 1074 506 exemplum
1098 453 1131 494 ¹.
1160 454 1283 494 Inter
1312 454 1428 493 alios
1457 454 1642 505 quidam
1670 465 1830 494 secun-

202 526 310 565 dum
341 537 535 576 annum,
566 526 754 576 quidam
782 525 968 565 tertium
996 525 1043 565 in
1071 525 1239 564 artium
1265 525 1525 564 liberalium
1555 536 1695 565 cursu
1725 536 1831 564 con-

201 603 519 636 sumaverant.
558 597 689 636 Unus
720 602 789 636 est
818 595 1176 647 grammaticus,
1209 595 1291 635 sed
1323 595 1477 635 indole
1503 595 1650 646 proba
1680 601 1724 635 et
1753 608 1828 635 na-

202 667 299 706 tiva
321 667 523 718 quadam
544 667 751 707 bonitate
774 667 971 718 insignis
999 666 1025 706 ².
1059 666 1160 716 Quo
1187 666 1237 705 fit
1257 671 1326 716 ut,
1357 666 1572 717 quamvis
1599 666 1689 706 alio
1723 665 1831 706 hinc

201 738 510 777 amandentur
542 738 733 787 fratres,
772 738 917 777 minui
950 743 1108 777 tamen
1142 747 1363 776 numerus
1396 742 1608 776 nostrum
1644 748 1737 777 non
1767 737 1832 777 vi-

204 809 351 848 detur.

282 880 367 920 His
387 880 613 931 proximis
637 879 797 919 diebus
819 879 910 919 duo
933 878 1181 929 Gandiam,
1206 878 1343 918 ambo
1363 878 1568 929 theologi
1584 878 1772 929 ingenio
1789 884 1835 918 et

203 952 369 991 litteris
386 952 531 991 multa
549 951 604 990 de
620 963 669 990 se
686 950 972 1002 pollicentes,
991 962 1110 989 unus
1127 949 1408 1000 Cordubam,
1424 955 1467 989 et
1483 949 1555 989 his
1572 949 1832 1000 theologus,

204 1023 321 1062 alius
356 1021 588 1071 Pinciam,
626 1021 754 1061 missi
790 1027 912 1061 sunt.
948 1021 1226 1071 Magistrum
1262 1021 1402 1060 etiam
1437 1020 1788 1060 Emmanuelem
1821 1019 1836 1038 ⁵

202 1093 251 1133 P.
275 1092 456 1133 Natalis
477 1093 656 1132 socium
677 1093 763 1132 sibi
785 1092 1136 1142 itineris-elegit.
1162 1090 1330 1132 Sumus
1358 1097 1517 1131 tamen
1537 1090 1836 1131 nihilominus

204 1163 390 1204 Christo
411 1163 565 1215 gratia
586 1163 610 1202 6
637 1169 682 1202 et
701 1163 754 1202 30
781 1163 904 1202 domi
931 1162 1163 1214 futurique
1191 1161 1463 1213 propediem
1488 1162 1632 1202 multo
1661 1162 1834 1213 plures.

203 1234 263 1274 Hi
284 1235 362 1286 qui
383 1233 521 1274 modo
543 1234 824 1286 tyrocinium
854 1233 1028 1273 Christi
1049 1238 1283 1284 exercent,
1308 1233 1543 1273 veteranis
1563 1233 1704 1272 etiam
1724 1233 1838 1284 ipsis

204 1306 476 1345 humilitatis
497 1311 540 1345 et
562 1305 852 1345 obedientiae
880 1305 1092 1355 exemplo
1122 1315 1224 1344 esse
1252 1310 1469 1356 possunt;
1501 1303 1581 1344 sed
1613 1304 1728 1344 haec
1761 1315 1838 1344 ve-

145 1395 159 1404 -·
204 1382 304 1416 tera
325 1382 446 1417 sunt:
470 1376 582 1416 illud
603 1388 777 1416 novum
799 1381 842 1415 et
859 1375 1118 1415 inauditum
1134 1376 1308 1426 aliquot
1327 1387 1385 1415 ex
1401 1375 1472 1414 'nis
1491 1375 1730 1426 accepisse
1747 1375 1838 1426 epi-

203 1449 349 1489 stolas
370 1460 396 1488 a
417 1447 689 1499 parentibus
710 1448 935 1486 benevole
956 1446 1158 1497 scriptas
1179 1451 1459 1497 praeterque
1486 1446 1728 1497 antiquam
1757 1457 1837 1497 pa-

203 1525 386 1559 rentum
419 1518 829 1567 consuetudinem,
865 1518 911 1557 in
945 1517 1110 1569 quibus
1142 1528 1477 1568 saepenumero
1508 1517 1611 1568 plus
1646 1516 1839 1556 affectus

205 1601 345 1642 quam
372 1590 492 1629 ratio
524 1589 764 1629 dominare
794 1590 957 1628 solent.
991 1587 1188 1627 Multum
1221 1587 1269 1627 in
1298 1588 1387 1627 illis
1413 1587 1652 1627 exhortari
1681 1592 1841 1638 patres

204 1661 321 1701 filios
342 1667 389 1700 ut
410 1665 726 1712 perseverent,
750 1665 800 1699 ut
823 1664 987 1710 coepta
1010 1664 1366 1709 prosequantur3
1398 1669 1447 1698 se
1475 1658 1660 1710 quidem
1689 1657 1840 1709 primo

205 1732 260 1772 de
282 1732 490 1772 discessu
511 1730 713 1771 filiorum
734 1730 951 1780 doluisse3
975 1730 1162 1780 signum
1182 1728 1293 1769 illud
1315 1729 1553 1769 tenerrimi
1568 1729 1742 1768 amoris
1759 1740 1840 1779 pa-

206 1808 389 1843 rentum
411 1813 525 1853 erga
545 1802 717 1841 liberos
739 1812 854 1851 esse;
876 1806 923 1841 at
940 1806 1187 1852 postquam
1205 1800 1422 1840 affectum
1439 1800 1567 1840 illum
1584 1800 1838 1850 exuissent,

205 1880 316 1914 tunc
336 1873 639 1913 foelicitatem
662 1884 793 1912 suam
814 1883 972 1923 nosse,
1003 1871 1183 1922 gratias
1212 1870 1399 1911 Christo
1426 1882 1567 1922 agere
1595 1882 1679 1922 pro
1711 1877 1841 1910 tanto

206 1943 450 1994 beneficio;
474 1943 559 1983 sibi
581 1943 692 1994 ipsis
713 1942 944 1993 gratulari
965 1941 1090 1993 quod
1105 1947 1201 1981 tam
1218 1941 1471 1992 benignam
1488 1941 1695 1981 divinam
1715 1941 1842 1981 boni-

208 2021 352 2055 tatem
376 2015 422 2054 in
443 2014 563 2054 filios
586 2014 677 2053 imo
700 2014 745 2053 in
767 2025 816 2053 se
838 2012 1018 2064 experti
1038 2011 1224 2062 fuerint,
1249 2012 1357 2051 illuc
1378 2023 1524 2062 usque
1547 2012 1741 2051 odorem
1762 2012 1841 2051 hu-

205 2085 279 2137 jus
302 2086 542 2136 religionis
563 2085 825 2136 pertigisse3
848 2084 1077 2135 reliquum
1099 2095 1201 2123 esse
1228 2089 1277 2123 ut
1303 2083 1350 2123 in
1377 2088 1617 2134 posterum
1644 2083 1762 2122 tales
1791 2093 1841 2121 se

208 2157 482 2207 exhibeant,
518 2162 568 2196 ut
601 2156 800 2195 filiorum
834 2155 1012 2195 meritis
1046 2155 1241 2194 multum
1274 2154 1539 2193 foelicitatis
1569 2153 1840 2204 parentibus

210 2234 464 2277 accrescat,
486 2228 776 2278 plurimaque
794 2226 839 2265 id
854 2236 1017 2276 genus,
1038 2237 1157 2277 quae
1173 2224 1359 2264 insolita
1372 2224 1641 2275 parentibus
1654 2235 1756 2263 esse
1773 2234 1841 2263 so-

210 2300 318 2349 lent,
344 2298 421 2350 qui
444 2298 556 2338 nihil
577 2298 729 2337 minus
752 2308 893 2348 quam
913 2295 1045 2345 filios,
1071 2306 1185 2346 quos
1206 2295 1339 2334 unice
1361 2295 1572 2345 diligunt,
1606 2307 1632 2333 a
1654 2305 1702 2334 se
1733 2293 1844 2333 alie-

211 2370 313 2410 nari
334 2370 381 2409 in
404 2369 658 2419 religiones
680 2368 858 2407 volunt.

290 2440 469 2480 Verum
490 2451 583 2479 non
612 2438 800 2478 defuere
827 2436 1019 2488 antiqua
1044 2436 1219 2476 veteris
1251 2435 1425 2475 inimici
1452 2435 1729 2484 certamina,
1765 2434 1843 2486 qui

211 2512 386 2551 nullum
422 2522 515 2550 non
547 2515 702 2549 movet
733 2507 935 2559 lapidem
969 2513 1019 2546 ut
1049 2506 1326 2546 accedentes
1361 2506 1420 2546 ad
1454 2506 1606 2546 Deum
1640 2510 1839 2552 avertat3

211 2587 340 2621 tanto
364 2582 469 2621 odio
492 2581 537 2620 in
558 2591 707 2631 genus
735 2580 988 2619 humanum
1009 2577 1198 2627 flagrat3
1233 2576 1314 2617 sed
1342 2577 1570 2627 benignus
1599 2575 1727 2616 Deus
1757 2582 1841 2625 est,

213 2653 289 2703 qui
310 2664 394 2703 pro
416 2664 499 2691 suo
521 2651 706 2691 nomine
730 2649 1014 2689 certantibus
1035 2653 1222 2698 praesto
1245 2647 1390 2697 adest,
1422 2646 1554 2697 cujus
1582 2646 1843 2698 patrocinio

214 2723 323 2774 quid
345 2729 413 2762 est
433 2722 522 2762 nisi
543 2721 770 2761 imbecille
791 2731 845 2759 ac
864 2719 1097 2759 infirmum
1114 2717 1335 2769 quidquid
1352 2717 1654 2758 adversarius
1671 2716 1844 2757 machi-

269 2835 280 2855 ¹
320 2834 415 2861 Hune
433 2834 579 2860 Petrum
597 2833 748 2867 appellat
763 2832 797 2858 P.
813 2831 1026 2858 CHRISTOBAL
1041 2837 1083 2856 DE
1099 2828 1240 2861 anzo,
1255 2829 1417 2856 Historia
1433 2836 1493 2856 ms.
1512 2829 1569 2856 del
1585 2828 1716 2862 Colegio
1731 2828 1773 2854 de
1788 2827 1842 2854 Al-

216 2882 305 2914 cala',
318 2882 374 2908 lib.
393 2890 421 2913 V,
437 2889 511 2915 cap.
527 2888 572 2908 ix.
588 2881 650 2907 Est
666 2884 778 2906 tamen
794 2878 980 2905 Antonius.

268 2929 282 2948 2
320 2928 445 2955 Eorum
460 2928 605 2959 nomina¹
622 2928 677 2961 qui
693 2927 754 2953 hoc
782 2933 868 2953 anno
892 2924 925 2952 in
946 2924 1096 2957 Collegio
1120 2923 1350 2958 Complutensi
1377 2922 1584 2951 Societatem
1603 2922 1748 2956 ingressi
1765 2925 1842 2949 sunt

218 2976 292 3002 vide
307 2975 340 3002 in
355 2975 502 3001 POLANCI
520 2974 695 3007 Chronico,
711 2979 733 3001 t.
749 2981 795 3000 lv.

269 3023 282 3042 ³
320 3022 362 3048 M.
379 3022 579 3048 Emmanuel
596 3022 634 3048 de
652 3021 729 3048 Saa.
746 3020 931 3053 Pompieus,
950 3019 1154 3050 Chronicon,
1167 3022 1190 3045 t.
1206 3025 1253 3046 1v.
