2080 3392
889 137 974 175 AN.
1006 137 1097 174 1554
1746 135 1812 172 701

170 236 427 276 habeamus
449 236 495 275 in
520 235 665 286 votis,
696 246 837 287 seque
866 234 1085 285 offerant,
1117 233 1369 286 aliquando
1397 234 1539 274 etiam
1567 232 1813 285 aggredia—

170 319 295 356 mur,
319 319 412 347 non
433 317 696 358 possumus.

251 378 386 429 Quod
414 378 474 418 ad
502 378 666 418 domus
701 377 1102 418 constructionem
1136 377 1352 428 pertinet,
1391 377 1483 417 cito
1519 388 1685 416 manus
1720 389 1805 416 nos

172 450 301 501 operi
332 449 638 501 imposituros
660 460 919 500 speramus.
943 447 1046 488 Rex
1076 448 1223 500 ipsius
1251 448 1556 488 fundamenta
1585 447 1815 499 perscribi

166 520 319 572 jussit.
345 519 442 560 Nec
464 520 510 560 id
531 520 631 560 sine
652 531 825 571 magno
854 520 1078 560 auxilium
1110 519 1252 559 etiam
1281 518 1460 559 ferendi
1489 519 1553 569 (ut
1581 519 1628 559 in
1657 519 1814 559 multis

172 593 276 632 aliis
298 592 500 643 privatis
522 597 715 631 nostrae
745 590 996 632 Societatis
1025 591 1166 631 rebus
1187 590 1315 641 facit)
1348 590 1598 630 desiderio.
1623 589 1814 641 Iamque

170 662 228 703 D.
262 662 400 702 Petro
422 662 743 713 Mascarefias,
778 661 1016 702 indiarum
1042 661 1239 713 Proregi
1267 661 1356 701 hoc
1387 673 1510 701 anno
1540 661 1810 709 constituto,

171 733 440 785 vectigalia,
480 745 600 785 quae
631 745 690 773 ex
717 733 952 773 nonnullis
982 733 1122 772 rebus
1151 733 1447 783 colliguntur,
1487 732 1546 772 ad
1575 744 1692 783 opus
1726 732 1815 772 hoc

171 804 510 845 absolvendum
540 804 787 844 concessit.
822 804 894 844 Ex
923 804 1090 855 quibus
1118 803 1252 843 nobis
1289 803 1379 843 duo
1407 804 1532 843 mille
1571 803 1815 855 quingenti

170 876 301 916 aurei
322 876 600 916 tribuentur.
636 874 836 915 Accedit
858 875 934 915 hic
963 886 1147 915 summa
1182 874 1327 926 ipsius
1350 874 1408 914 D.
1438 874 1564 914 Petri
1599 886 1713 926 erga
1737 875 1812 914 do-

170 958 273 987 mus
295 947 640 986 absolutionem
669 947 906 986 voluntas.
932 945 1081 996 Quem
1103 957 1192 997 ego
1214 957 1467 996 praesumo
1499 947 1563 994 (ut
1592 946 1688 986 suis
1716 945 1814 997 ipse

171 1017 330 1057 verbis
353 1017 544 1067 indicat)
567 1016 704 1069 hujus
726 1017 795 1057 rei
816 1017 1064 1066 desiderio,
1089 1016 1136 1056 in
1158 1028 1303 1056 causa
1321 1017 1577 1068 praecipua
1596 1016 1710 1067 fore,
1736 1022 1815 1056 aut

175 1089 273 1129 fere
296 1089 461 1140 solum,
487 1089 643 1139 credo,
668 1095 717 1129 ut
739 1089 904 1129 domus
932 1094 1095 1128 nostra
1118 1087 1392 1128 absolvatur
1412 1100 1554 1140 quam
1575 1088 1814 1128 citissime.

172 1160 328 1212 Cujus,
354 1167 403 1200 ut
425 1161 534 1211 dixi,
558 1160 949 1212 perscriptionem
962 1159 1060 1211 jam
1081 1159 1323 1199 habemus
1348 1159 1424 1200 Ad
1445 1159 1578 1211 cujus
1601 1159 1814 1200 aedifica-

174 1232 350 1272 tionem
373 1232 528 1283 (quam
557 1232 830 1283 propediem
860 1231 1175 1271 inchoandam
1206 1231 1468 1282 speramus)
1498 1231 1814 1283 Ulyssiponae

174 1303 486 1343 eleemosinae
508 1310 744 1354 petuntur,
769 1314 966 1355 quarum
987 1303 1122 1353 larga
1144 1302 1280 1342 nobis
1309 1302 1635 1354 suppeditatur
1659 1303 1809 1354 copia.

172 1374 266 1414 Alii
284 1375 408 1414 enim
426 1374 644 1426 quinque,
665 1374 744 1414 alii
762 1374 938 1424 decem,
961 1373 1037 1414 alii
1060 1373 1341 1425 quindecim,
1362 1374 1440 1414 alii
1457 1375 1598 1415 etiam
1615 1375 1812 1426 quadra-

171 1446 318 1498 ginta,
344 1447 424 1486 alii
446 1446 785 1498 quinquaginta
807 1457 976 1486 aureos
997 1445 1183 1497 ipsimet
1201 1445 1414 1486 afferunt.
1435 1445 1589 1486 Semel
1607 1447 1810 1498 quidam,

173 1518 232 1557 ad
254 1524 466 1558 nostrum
495 1518 666 1558 ostium
692 1518 815 1557 clam
841 1517 1088 1567 accedens,
1119 1519 1361 1558 sacculum
1389 1518 1568 1558 duobus
1596 1519 1720 1558 mille
1749 1519 1811 1558 di-

176 1589 361 1640 pondiis
382 1590 571 1640 plenum
593 1589 761 1629 attulit.
785 1587 920 1628 Alius
941 1588 1083 1628 etiam
1105 1594 1292 1628 centum
1314 1589 1437 1629 mille
1455 1589 1676 1640 dipondia
1699 1591 1812 1630 elar-
1835 1630 1838 1633 Α

173 1660 300 1710 gitus
337 1666 420 1700 est.
461 1659 744 1700 Benedictus
779 1659 838 1700 sit
867 1659 1098 1700 Dominus
1125 1660 1205 1711 qui
1238 1666 1306 1700 tot
1338 1672 1439 1711 nos,
1472 1667 1521 1701 ut
1550 1672 1734 1701 ornnem
1768 1662 1814 1702 in

177 1732 329 1783 ipsum
360 1731 701 1771 constituamus
729 1742 874 1783 spem,
909 1731 1171 1771 rationibus
1200 1731 1461 1772 confirmat.
1485 1731 1664 1773 Verum
1695 1733 1815 1773 inter

176 1803 294 1843 alios
317 1803 395 1854 qui
416 1803 525 1843 huic
546 1803 751 1843 maxime
771 1802 933 1843 favent
955 1803 1105 1854 operi,
1131 1803 1222 1843 duo
1244 1809 1351 1843 sunt
1373 1803 1420 1843 in
1443 1804 1659 1844 omnibus
1688 1811 1814 1845 certe

178 1874 442 1926 praecipui,
468 1874 545 1926 qui
574 1886 681 1914 cum
701 1885 788 1914 nos
810 1886 870 1914 an
898 1874 1014 1914 satis
1044 1874 1247 1914 fortasse
1269 1875 1582 1915 eleemosinae
1604 1882 1813 1928 suppete-

174 1951 276 1985 rent
299 1945 686 1997 interrogassent,
712 1957 861 1997 eaque
884 1945 940 1985 de
961 1957 1011 1985 re
1032 1945 1153 1985 forte
1176 1946 1564 1998 colloqueremur,
1588 1947 1653 1986 illi
1675 1948 1714 1987 si
1735 1954 1816 1987 aut

171 2017 328 2056 nullae
350 2024 505 2057 essent
529 2023 608 2057 aut
630 2017 669 2057 si
696 2017 832 2057 nobis
859 2017 969 2057 alibi
997 2028 1092 2056 non
1122 2017 1451 2066 tribuerentur,
1479 2017 1537 2058 ad
1565 2029 1614 2058 se
1637 2024 1688 2058 ut
1709 2030 1815 2058 con-

172 2087 441 2138 fugeremus
477 2094 732 2140 rogarunt3
761 2089 875 2128 nulli
908 2094 1099 2128 nostrae
1130 2088 1403 2128 necessitati
1424 2089 1667 2130 defuturos
1698 2089 1816 2130 affir-

173 2165 370 2199 mantes.
405 2159 536 2210 Quae
567 2171 655 2210 ego
685 2171 765 2200 eos
796 2161 1072 2212 impleturos
1102 2160 1301 2211 (quanta
1332 2160 1518 2200 illorum
1545 2167 1615 2201 est
1645 2161 1814 2212 Virtus)

172 2241 256 2280 pro
279 2236 407 2270 certo
430 2230 597 2270 habeo.
623 2230 760 2282 Quod
790 2243 875 2271 nos
897 2237 946 2272 ut
976 2243 1116 2283 quam
1148 2231 1351 2282 primum
1384 2231 1573 2272 domum
1603 2232 1814 2272 aedifice-

174 2312 276 2341 mus
298 2301 443 2341 veluti
465 2302 616 2353 cogit,
641 2314 748 2343 cum
768 2303 1050 2355 praesertim
1072 2303 1117 2343 id
1140 2314 1190 2342 sc
1212 2315 1305 2342 non
1327 2314 1495 2354 parum
1517 2308 1680 2354 optare
1703 2305 1814 2345 civi-

172 2379 244 2412 tas
274 2372 534 2413 manifestis
560 2374 940 2425 comprobaverit
974 2374 1175 2414 indiciis.
1207 2373 1328 2414 Nam
1361 2375 1679 2415 ciminterium
1701 2376 1814 2427 (sic)

172 2443 408 2495 quoddam
429 2444 543 2484 satis
566 2446 786 2497 amplum,
811 2458 905 2486 non
925 2447 1067 2497 longe
1091 2446 1148 2485 ab
1171 2444 1229 2485 D.
1254 2445 1419 2497 Rochi,
1445 2446 1521 2486 ubi
1542 2446 1589 2486 in
1611 2447 1815 2487 Xenodo-

172 2515 276 2555 chio
297 2515 551 2556 morientes
579 2517 849 2568 sepulturae
877 2517 1242 2567 mandabuntur,
1274 2516 1332 2556 ad
1363 2517 1409 2557 id
1438 2517 1573 2557 nobis
1604 2519 1812 2559 tradidit.

172 2586 307 2637 Quod
333 2592 483 2627 totum
517 2587 614 2627 fere
650 2587 816 2628 domus
854 2588 1118 2629 aedificium
1154 2588 1293 2639 capit.
1331 2588 1531 2639 Ipsaque
1568 2596 1815 2640 praeterea

171 2652 462 2698 tantumdem
483 2659 602 2710 agri,
627 2671 653 2699 a
676 2666 839 2700 nostro
857 2660 1030 2712 templo
1053 2659 1193 2699 valde
1215 2658 1493 2711 sejunctum,
1517 2666 1567 2700 ut
1590 2661 1813 2712 cyminte-

172 2728 293 2769 rium
313 2735 449 2780 esset,
481 2731 689 2782 propriis
710 2731 973 2782 sumptibus
995 2730 1303 2782 comparavit.
1330 2729 1461 2781 Quae
1483 2731 1641 2772 omnia
1669 2730 1814 2784 Regis

171 2811 403 2840 consensu
431 2812 486 2840 ac
515 2801 702 2842 decreto
731 2808 838 2842 sunt
867 2808 989 2842 acta.
1012 2801 1146 2842 Nunc
1175 2801 1300 2853 apud
1327 2801 1384 2841 D.
1410 2801 1561 2842 Rochi
1591 2808 1812 2853 quatuor-

172 2871 322 2911 decim
343 2871 409 2922 (ut
430 2883 488 2912 ex
509 2872 761 2924 cathalogo
790 2873 927 2914 facile
955 2873 1224 2925 perspicere
1250 2872 1352 2912 Tua
1384 2872 1651 2914 Paternitas
1687 2881 1812 2926 pote-

174 2942 248 2991 rit)
276 2954 451 2983 sumus.
483 2942 644 2995 Neque
672 2956 796 2984 nunc
827 2945 974 2996 pluris
1007 2955 1148 2996 quam
1177 2951 1227 2984 ut
1262 2951 1392 2984 tuam
1422 2943 1471 2984 P.
1513 2955 1677 2996 rogem
1713 2959 1813 2998 nos,
