2080 3392
261 182 330 220 100
772 179 995 215 LirrssRAE
1022 185 1378 220 QUADRIMESTRES

257 279 355 318 sius
375 277 537 325 faciat,
567 275 677 324 tuis,
708 274 806 314 Rfie
837 274 883 313 in
913 273 1098 313 Christo
1126 270 1278 320 Pater,
1310 270 1433 321 apud
1459 281 1564 309 eum
1590 269 1808 320 precibus
1841 274 1886 308 et

257 347 546 388 orationibus
568 345 870 385 obnixissime
892 341 1285 383 commendamus.

338 417 558 458 Panormi
579 416 643 456 VI
666 416 752 454 cal.
776 414 887 454 Feb.
915 413 1028 453 1553.

339 489 466 528 Tuae
484 486 604 527 Rdae
627 485 931 526 Paternitatis
948 483 1300 535 indignissimus
1317 493 1483 521 servus
1499 481 1546 521 in
1562 480 1748 521 Christo
1765 480 1883 531 Iesu,

1136 623 1323 663 PAULUS
1353 622 1652 662 ACHILLEIUS.

340 838 691 891 Superscriptz'o
712 838 762 878 in
784 841 957 889 quarta
973 836 1186 889 pagina:
1208 835 1268 875 Al
1290 835 1433 875 Molto
1455 832 1554 873 R.d⁰
1575 834 1623 874 in
1643 817 1781 874 Chro.
1804 833 1887 874 Pa-

258 913 362 961 dre‚
386 912 417 951 il
437 911 486 951 P.
510 922 569 950 m*
594 910 775 961 Ignatio
793 910 849 949 de
870 909 1070 960 Loyola‚
1095 906 1337 957 Preposito
1361 904 1592 945 Generale
1614 904 1734 944 della
1756 903 1887 945 Com-

260 983 434 1035 pagnia
456 982 501 1022 di
523 982 680 1022 Giesu.
705 980 748 1021 A
768 980 931 1020 Roma.

339 1052 450 1094 Alia
471 1063 642 1092 mann:
664 1051 716 1091 R.
741 1051 813 1091 Ex
833 1050 1079 1090 Panormo.

340 1124 403 1164 Et
424 1123 544 1163 alia:
569 1122 682 1173 1553,
707 1121 772 1160 6.0
793 1120 865 1160 Kl.
889 1120 977 1160 feb.
1000 1120 1232 1160 Panormi.

352 1193 613 1244 Vestigium
633 1203 765 1232 cerae
785 1195 828 1231 et
850 1190 1021 1241 sigilli.

333 1828 380 1865 Ρ.
401 1828 594 1875 joannes
614 1828 764 1866 Nufiez

381 1893 599 1941 Episcopo
621 1893 824 1931 Cellensi.

426 1958 450 1995 3
467 1958 697 1996 Februarii
720 1959 811 1996 1553
830 1959 856 1994 ¹.

1027 2164 1125 2239 nis

562 2360 616 2387 Ad
632 2360 836 2394 Episcopum
854 2357 1044 2386 Cellensem
1059 2358 1072 2377 Β
1086 2358 1188 2385 tertio
1204 2364 1309 2384 nonas
1324 2355 1503 2384 Februarii
1519 2356 1595 2383 1553.

347 2537 510 2578 Gratia
531 2536 575 2578 S.
600 2536 798 2589 Spiritus
818 2537 878 2578 sit
900 2547 1082 2588 semper
1103 2534 1358 2575 nobiseum.
1383 2533 1549 2574 Amen.

346 2608 443 2649 Iam
464 2608 638 2648 dudum
657 2619 776 2648 unas
804 2620 830 2648 a
858 2608 995 2648 Patre
1025 2606 1267 2646 Ludovioo
1297 2604 1584 2645 Gondisalvo
1613 2604 1774 2655 accepi
1802 2603 1896 2643 lite-

268 2691 366 2728 ras,
390 2678 598 2718 Antistes
618 2678 1043 2728 Reverendissime,
1079 2676 1243 2728 quibus
1270 2675 1463 2715 iubebar
1492 2680 1572 2715 tuo
1598 2674 1785 2714 nomine
1818 2685 1899 2713 eos

269 2760 439 2800 pueros
468 2749 692 2789 lusitanos
721 2749 968 2799 redimere,
995 2747 1053 2788 ad
1086 2758 1201 2798 quos
1231 2746 1536 2786 ducentorum
1563 2744 1898 2797 quinquaginta

323 2885 334 2905 ¹
380 2885 486 2919 Epist.
503 2885 700 2917 Quadrima,
715 2884 914 2911 1553-1554.
932 2883 1188 2917 Apographum,
1212 2882 1244 2909 in
1260 2881 1425 2915 superiori
1440 2883 1538 2915 parte
1555 2880 1626 2907 folii
1639 2880 1701 2908 520.

324 2932 338 2952 2
377 2932 550 2959 calenses
570 2931 650 2958 dicti
671 2932 750 2958 olim
772 2935 848 2958 sunt
867 2931 1002 2965 quidam
1023 2929 1198 2964 Episcopi,
1221 2930 1275 2964 qui
1298 2929 1411 2956 sedem
1425 2928 1459 2955 in
1474 2927 1683 2955 Mauritania
1696 2928 1898 2955 habuerunt:

273 2980 445 3008 Houomus
461 2987 498 3007 ET
513 2978 713 3012 Fomumus,
731 2978 903 3006 Cellenses
919 2978 1155 3014 Byzacienses,
1172 2976 1409 3009 Cnascmonns,
1427 2974 1589 3003 Cellensis
1609 2974 1837 3002 Mauritaniae
1852 2973 1900 3002 Si·
