2080 3392
878 214 961 249 Ax.
993 213 1083 250 1553
1732 212 1799 247 471

159 318 283 363 sunt,
304 311 626 352 traducantur:
645 311 742 362 sed,
761 323 819 351 ne
840 322 944 351 eam
965 311 1024 351 ad
1046 311 1171 351 hunc
1193 322 1337 362 usque
1359 311 1482 350 diem
1504 309 1798 358 concederet,

161 384 393 436 quaedam
414 389 583 423 eventa
604 381 906 434 impedivere:
926 394 1039 434 prae
1056 393 1105 421 se
1126 381 1215 422 fert
1237 387 1394 421 tamen
1415 381 1460 421 id
1481 380 1684 421 faciendi
1706 380 1800 419 ani-

161 466 290 495 mum
323 455 481 494 statim
512 460 561 494 ut
591 465 674 505 per
703 460 886 505 tempus
912 453 1109 493 licuerit.
1139 453 1365 492 Melchior
1397 452 1670 492 Lamesides
1701 449 1710 469 ¹
1743 450 1803 490 ad

159 537 235 566 me
256 525 443 577 scripsit
463 537 512 565 se
535 525 594 565 ad
616 524 773 565 Gades
789 524 1010 565 nuncium
1031 535 1138 564 cum
1158 523 1366 575 epistolis
1388 523 1570 564 misisse
1590 521 1617 572 ²3
1643 528 1802 562 utrum

164 597 346 637 venerit
367 597 491 636 haud
514 597 729 648 equidem
749 596 861 636 scio.
885 594 996 636 Sum
1018 595 1357 646 aliquantulum
1378 595 1560 644 anxius,
1581 605 1687 634 cum
1709 593 1802 633 ani-

163 668 458 708 madvertam
479 668 706 719 pecuniae
727 667 910 707 debitae
932 666 1054 706 diem
1080 665 1252 717 partim
1283 665 1473 716 exiisse,
1503 665 1675 717 partim
1700 676 1804 716 pro-

166 738 348 790 pediem
376 739 632 789 exiturum,
666 750 756 789 quo
787 737 835 778 fit
862 743 911 777 ut
942 736 1189 776 soenorum
1217 748 1334 776 onus
1363 736 1410 776 in
1438 748 1510 776 me
1538 736 1734 787 gravius
1758 736 1806 775 in

164 810 263 850 dies
290 810 495 850 inclinet.
526 809 671 861 Spero
701 815 857 850 tamen
886 808 1143 848 Dominum
1169 813 1384 848 nostrum
1412 807 1587 859 aliquid
1613 806 1807 846 remedii

164 882 213 921 in
233 888 364 922 tanta
385 881 666 921 necessitate
688 882 953 921 allaturum:
973 891 1079 919 cum
1096 879 1377 930 praesertim
1397 878 1625 929 intelligat
1648 878 1804 917 omnia

164 953 225 993 ad
245 953 523 993 miserarum
545 953 808 992 animarum
831 951 1029 991 salutem
1049 949 1224 1001 parari,
1247 961 1304 989 ne
1328 955 1536 1001 pereant.

243 1023 445 1064 Puerum
471 1023 719 1074 quemdam
746 1016 999 1062 lusitanum
1028 1033 1087 1061 ex
1116 1031 1233 1071 agro
1262 1020 1515 1070 Eborensi,
1546 1025 1680 1071 patre
1711 1031 1804 1059 ma-

163 1102 328 1147 treque
359 1095 596 1144 orbatum,
628 1105 682 1134 ac
713 1093 927 1134 omnibus
956 1098 1204 1144 praeterea
1233 1091 1372 1131 rebus
1399 1091 1697 1141 destitutum,
1731 1091 1806 1130 hic

166 1167 354 1207 tertium
388 1166 482 1206 iam
512 1167 616 1217 plus
651 1165 804 1205 minus
831 1175 1041 1204 mensem
1068 1163 1193 1214 apud
1222 1173 1294 1202 me
1329 1161 1622 1213 redemptum
1656 1161 1806 1201 habeo

161 1249 330 1278 eorum
350 1237 560 1287 nomine,
585 1237 751 1288 quibus
777 1235 972 1289 Joannis
998 1234 1216 1274 Monterii
1243 1233 1449 1273 doctoris
1476 1238 1807 1273 testamentum

166 1321 309 1350 curae
330 1316 415 1349 est.
440 1308 588 1359 Quem
609 1308 834 1348 liberasse
856 1307 941 1347 fuit
961 1306 1171 1358 profecto
1194 1306 1428 1345 maximae
1458 1304 1666 1355 pietatis,
1701 1315 1807 1343 cum

165 1392 391 1432 magnum
412 1380 454 1420 ei
474 1380 733 1431 periculum
763 1378 1040 1418 immineret.
1068 1376 1241 1427 Mauri,
1272 1377 1319 1416 in
1347 1387 1547 1428 quorum
1572 1375 1808 1426 mancipio

166 1454 242 1493 ille
263 1453 430 1501 fuerat,
455 1452 544 1491 huc
567 1450 626 1491 ad
647 1449 929 1502 exigendam
950 1449 1199 1500 pecuniam
1220 1459 1409 1498 venere,
1433 1454 1482 1488 ut
1504 1447 1692 1487 omnino
1714 1458 1807 1486 non

164 1526 397 1576 potuerim
418 1523 529 1575 quin
546 1528 727 1574 partem
747 1522 814 1562 eis
832 1522 1036 1573 aliquam
1049 1521 1384 1572 persolverem.
1409 1518 1623 1559 Admone
1640 1524 1703 1569 tu,
1723 1517 1806 1557 Pa-

164 1603 250 1646 ter,
269 1607 350 1636 eos
371 1595 496 1635 hunc
519 1594 754 1646 captivum
778 1593 916 1633 simul
937 1604 1043 1633 cum
1064 1592 1182 1642 aliis,
1204 1591 1282 1643 qui
1301 1602 1445 1642 penes
1466 1601 1539 1629 me
1561 1595 1683 1641 sunt,
1703 1601 1805 1641 pro-

163 1667 347 1719 pediem
374 1667 579 1718 Abylam
610 1665 623 1683 ⁵
651 1665 989 1717 profecturum,
1021 1664 1128 1704 inde
1158 1663 1206 1703 in
1236 1663 1375 1702 istam
1405 1662 1646 1702 civitatem
1677 1667 1725 1701 ut
1755 1672 1804 1700 se

162 1739 319 1790 sistat;
342 1750 487 1779 unum
508 1738 554 1778 id
574 1736 831 1789 expectari,
854 1743 903 1776 ut
925 1736 1060 1776 huius
1082 1735 1262 1775 castelli
1282 1733 1548 1786 praefectus
1568 1733 1805 1773 licentiam

165 1810 263 1851 eius
298 1810 367 1850 rei
396 1809 646 1849 concedat:
676 1820 802 1856 eum,
833 1808 1053 1859 expensis
1084 1806 1361 1857 tributisque
1392 1804 1669 1853 numeratis,
1703 1805 1805 1855 plus

161 1881 422 1932 nonaginta
443 1881 597 1921 aureis
619 1886 861 1920 constare:
886 1891 1005 1931 quae
1026 1879 1065 1918 si
1086 1877 1223 1918 nimis
1246 1877 1335 1917 illis
1363 1876 1559 1928 grandis
1589 1876 1805 1917 videatur

164 1953 363 2005 pecunia
384 1953 617 2004 (quamvis
637 1963 747 1992 raro
770 1957 850 1991 aut
880 1962 1120 2002 nunquam
1148 1949 1304 1989 evenit
1330 1954 1379 1989 ut
1406 1948 1660 1988 Lusitanus
1690 1959 1805 1999 puer

165 2024 358 2065 minoris
380 2023 663 2073 addicatur),
689 2023 929 2073 octoginta
958 2021 1162 2071 mittant,
1195 2021 1401 2072 reliquos
1433 2030 1520 2071 ego
1548 2019 1646 2071 ipse
1674 2031 1701 2059 a
1732 2030 1804 2058 me

162 2095 370 2136 solvam:
394 2094 475 2135 sed
497 2095 535 2134 si
557 2094 948 2134 animadverteris
969 2105 1049 2133 eos
1070 2092 1257 2133 nonnisi
1279 2104 1337 2131 ex
1358 2091 1601 2142 promissis
1622 2096 1804 2142 septua-

162 2167 295 2218 ginta
317 2167 429 2207 dare
450 2167 590 2214 velle,
615 2166 839 2217 accipito:
863 2176 1147 2217 quamquam
1167 2170 1279 2215 quot
1300 2162 1415 2203 mihi
1436 2161 1805 2202 subveniendum

162 2238 224 2278 sit
243 2238 602 2278 necessitatibus
623 2238 750 2277 solus
771 2237 869 2288 ipse
891 2236 1019 2276 Deus
1039 2235 1185 2275 novit.
1210 2234 1271 2274 Hi
1300 2246 1502 2285 namque
1530 2233 1706 2284 captivi
1736 2238 1803 2272 tot

162 2321 194 2349 a
214 2321 308 2359 me,
331 2315 430 2349 tum
449 2309 660 2361 scriptis,
684 2316 781 2348 tum
803 2308 984 2356 verbis,
1008 2308 1260 2359 postulant,
1284 2312 1333 2345 ut
1354 2305 1520 2345 videns
1542 2317 1614 2344 me
1635 2316 1695 2344 ex
1715 2304 1804 2343 illis

164 2392 328 2420 eorum
359 2380 566 2420 omnium
594 2379 954 2420 necessitatibus
981 2379 1206 2418 auxilium
1234 2376 1400 2417 afferre
1434 2376 1622 2416 minime
1649 2387 1801 2426 posse,

165 2463 379 2492 moerore
400 2463 516 2503 pene
540 2450 782 2491 conficiar:
805 2451 887 2491 sed
913 2451 1057 2490 multo
1087 2449 1329 2500 graviore,
1367 2459 1473 2487 cum
1493 2447 1630 2487 video
1663 2458 1804 2498 quam

165 2523 338 2564 multae
361 2523 566 2573 animae,
592 2522 682 2562 hoc
703 2522 801 2562 solo
824 2522 1032 2572 nomine,
1058 2521 1166 2573 quia
1186 2532 1280 2560 non
1302 2525 1408 2559 sunt
1429 2518 1680 2570 pecuniae,
1713 2517 1805 2558 sint

163 2594 374 2635 interitui
402 2593 661 2645 proximae.
695 2592 851 2644 Atque
885 2593 1008 2632 hanc
1041 2591 1289 2643 pecuniam
1323 2601 1405 2641 per
1440 2590 1716 2640 syngrapha
1745 2588 1805 2628 ad

162 2665 453 2706 Clementem
484 2664 796 2705 Claudianum
826 2662 860 2712 ⁴,
899 2664 977 2715 qui
1010 2662 1219 2703 Gadibus
1252 2667 1458 2713 praeest,
1497 2660 1610 2700 mihi
1645 2660 1805 2700 mittas

167 2737 321 2777 velim.

220 2850 231 2870 ¹
270 2849 456 2884 Hispanice
479 2852 530 2876 est
552 2847 707 2875 Mela-hor
727 2848 770 2874 de
791 2848 824 2874 la
847 2848 994 2879 Mesz‘de,
1017 2851 1051 2874 et
1074 2854 1146 2874 esse
1169 2846 1305 2873 videtur
1328 2844 1487 2871 banchus
1509 2851 1568 2870 seu
1588 2843 1806 2870 banclzarius

166 2897 317 2931 quidam.
334 2897 389 2932 qui
405 2896 610 2932 Ulyssipone
626 2901 659 2923 et
675 2896 796 2930 Abylae
812 2895 947 2929 (Ceuta)
963 2895 1048 2922 haec
1064 2902 1124 2928 pro
1141 2894 1242 2921 Patre
1258 2892 1372 2920 Nuficz
1389 2892 1527 2926 negotia
1543 2892 1697 2925 gerebat.

219 2945 233 2964 Ξ
270 2944 455 2979 Hispanice
472 2944 651 2977 embiarci,
669 2944 865 2970 missurum
878 2950 890 2974 ‚·
911 2947 946 2970 at
965 2941 1077 2970 sensui
1101 2945 1133 2968 et
1150 2940 1325 2968 contextui
1341 2939 1460 2966 melius
1478 2939 1620 2965 misisse
1635 2940 1804 2973 congruit.

218 2992 232 3012 ³
270 2992 399 3020 Urbem
416 2992 533 3019 Centa.

217 3040 232 3060 4
271 3040 358 3067 Vide
374 3047 489 3075 supra,
505 3047 583 3075 pag.
595 3039 648 3067 405
663 3044 695 3067 et
712 3040 773 3066 [106.
