2080 3392
305 169 375 207 520
814 168 1040 206 LITTERAE
1067 181 1421 213 QUADRIMESTRES

305 264 518 313 thedrali,
545 269 601 303 cu
622 275 803 303 summa
823 264 960 304 laude
982 270 1026 304 et
1054 265 1382 317 admiratione,
1413 279 1571 307 coram
1601 267 1798 307 Rfflssimo
1827 269 1931 320 Epi-

305 346 446 384 scopo
478 339 522 373 et
553 332 697 373 RssfiSS·
721 333 981 374 Abbatibus
1003 342 1170 375 ornatu
1205 348 1288 376 suo
1322 337 1570 388 insignitis,
1607 339 1930 389 praesentibus

306 404 554 444 Canonicis
577 416 632 444 ac
654 405 872 444 uniuerso
895 405 1030 446 Clero
1054 406 1255 447 Eccliae.
1281 407 1573 448 Cathedralis
1594 414 1639 448 et
1661 409 1810 449 aliaru
1830 421 1929 461 per-

307 475 460 514 multis
482 487 539 515 ex
559 487 690 515 more
712 477 998 527 conuocatis,
1023 483 1066 517 et
1101 477 1508 519 circumstantibus
1535 479 1764 520 uniuersis
1791 479 1928 520 Paro-

306 545 406 585 chis
426 545 668 585 Dioecesis
691 545 1043 597 Clarmotanae,
1077 559 1194 599 quae
1221 561 1296 588 res
1323 549 1652 590 suauissimum
1681 548 1931 590 Societatis

307 616 498 674 odorem
519 617 657 667 longe
677 617 862 668 lateque
884 618 1069 670 sparsit,
1094 618 1152 658 ad
1182 620 1293 672 Jesu
1321 619 1493 660 Christi
1518 620 1828 672 propagandi]
1857 621 1931 661 ob-

308 687 484 737 sequiu.

387 757 596 808 Quantos
626 759 894 799 exhauserit
922 759 1107 800 labores
1134 761 1180 800 in
1208 761 1391 811 agenda
1415 772 1527 801 cura
1550 761 1811 812 infirmoru‚
1843 761 1932 802 hoc

307 828 446 868 unici-1
467 830 729 880 exemplum
751 830 915 870 efficax
936 830 1051 870 feret
1072 831 1284 871 veritatis
1306 832 1593 883 testimoniu,
1623 833 1747 884 quod
1777 844 1933 884 quem-

307 899 414 939 dam
436 900 640 950 militem,
666 912 813 941 annos
835 907 947 941 natu
968 902 1369 954 vigintiquinque,
1390 903 1584 943 curandi
1606 903 1773 954 studio,
1792 904 1930 944 medi-

308 982 385 1009 cos
407 981 490 1010 sex
512 970 646 1010 simul
667 971 928 1021 adduxerit,
950 973 1211 1023 chirurgos,
1232 973 1380 1013 alioru
1397 974 1584 1013 minime
1602 986 1715 1014 usus
1731 974 1932 1014 ministe-

307 1040 376 1080 rio
396 1073 403 1091 ,
429 1041 698 1092 aduocarit,
723 1042 845 1094 apud
866 1043 1255 1095 pharmacopolas
1276 1045 1548 1095 pharmaca,
1572 1045 1743 1096 partim
1765 1045 1928 1096 pretio,

307 1111 477 1162 partim
511 1113 727 1164 precibus
759 1115 1119 1165 comparauerit:
1152 1115 1229 1166 qui
1259 1115 1400 1154 semel
1432 1121 1568 1166 atque
1600 1116 1718 1155 iteri-i
1748 1115 1798 1155 P.
1829 1115 1934 1155 Hie-

307 1194 504 1234 ronymo
527 1184 695 1223 delicta
725 1184 982 1235 confessus,
1012 1192 1258 1236 praesente
1285 1197 1362 1233 eo,
1386 1186 1550 1237 spiritu
1571 1186 1693 1226 Dno.
1718 1186 1930 1226 reddidit.

307 1252 440 1293 Alios
460 1265 642 1305 quoque
664 1255 903 1306 utriusque
926 1268 1065 1296 sexus
1092 1256 1300 1296 infirmos
1328 1257 1600 1297 confitentes
1628 1257 1827 1307 audiuit,
1859 1257 1936 1308 qui

306 1325 555 1376 postmodu
590 1326 687 1365 vita
721 1325 867 1366 functi
901 1326 1119 1378 humana,
1150 1328 1208 1367 ad
1238 1328 1488 1368 coelestem
1507 1328 1806 1368 foelicitatem
1827 1328 1933 1367 erni-

306 1401 484 1447 grarUt.

387 1468 567 1507 Interea
588 1467 731 1508 R.diS³·
756 1468 915 1520 Epus.,
940 1469 1077 1509 huius
1094 1469 1185 1509 viri
1206 1469 1330 1509 fama
1353 1470 1604 1520 excitatus,
1629 1470 1699 1509 sui
1718 1470 1934 1510 desiderii

306 1539 460 1589 palam
482 1526 635 1589 prodit
652 1539 885 1589 affectum,
905 1551 1179 1591 omnemque
1196 1552 1376 1580 moram
1393 1540 1546 1580 studet
1564 1541 1855 1592 abrumpere,
1875 1540 1933 1580 ad

306 1608 448 1648 R.d1¹¹11
471 1609 621 1649 Prem.
643 1616 856 1650 nostrum
877 1609 1049 1650 Dnum.
1074 1610 1380 1651 Paschasium
1401 1611 1579 1651 litteras
1606 1611 1936 1662 promissorias

306 1692 359 1720 ac
382 1681 623 1731 petitorias
644 1681 934 1731 transmittit,
968 1681 1133 1732 quibus
1161 1682 1340 1722 Domus
1370 1682 1761 1732 Clarmontensis,
1796 1693 1936 1734 quam

305 1751 530 1791 hactenus
552 1763 836 1803 occupamus
861 1752 886 1800 ¹,
913 1752 1210 1792 donationem
1231 1753 1445 1804 proximo
1467 1764 1549 1792 suo
1572 1752 1630 1792 ad
1661 1764 1747 1793 nos
1768 1752 1936 1802 reditu,

308 1829 367 1863 no
389 1829 636 1873 expectata
659 1823 953 1873 theologicae
974 1823 1213 1863 facultatis
1242 1823 1526 1874 definitione,
1560 1824 1826 1875 pollicetur;
1858 1835 1938 1863 vo-

307 1900 473 1945 catque
486 1894 544 1934 ad
560 1906 608 1933 se
625 1895 839 1945 protinus
857 1893 1006 1934 Prem.
1027 1895 1073 1934 in
1092 1894 1393 1945 Auuerniam‚
1419 1895 1560 1935 misso
1579 1895 1783 1946 equestri
1800 1894 1936 1934 comi-

306 1971 419 2013 tatu,
439 1976 494 2004 ac
510 1965 699 2016 propria
718 1966 841 2005 mula
859 1998 866 2015 ,
887 1977 1004 2016 quae
1020 1966 1168 2017 patris
1185 1966 1455 2005 comoditati
1472 1966 1660 2016 seruiat,
1680 1972 1730 2005 ut
1752 1965 1938 2005 comuni

305 2035 494 2075 decreto
517 2041 773 2087 mutuoque
793 2036 1003 2086 consilio,
1024 2036 1283 2086 Collegium
1300 2035 1522 2076 Societati
1539 2037 1748 2087 erigatur
1764 2037 1811 2076 in
1828 2035 1940 2075 urbe

306 2118 387 2146 seu
416 2106 673 2147 Academia
707 2107 990 2157 Billoniensi,
1015 2107 1316 2158 prouentibus
1338 2107 1504 2147 annuis
1525 2107 1870 2158 redditibusque
1891 2106 1937 2146 in

306 2189 441 2218 usum
461 2177 608 2217 fratri]
635 2177 887 2217 Societatis
909 2178 1134 2227 dotatum,
1160 2177 1218 2217 ad
1241 2178 1573 2217 instituendam
1595 2178 1764 2217 nimiru
1785 2177 1940 2217 iuuen-

310 2254 455 2289 tutem
474 2254 517 2288 et
537 2248 875 2288 concionatora
892 2248 1067 2299 aliquot
1084 2247 1335 2288 Societatis
1348 2249 1533 2299 copiam
1547 2247 1937 2299 consequendam,

308 2320 366 2360 ad
387 2326 479 2371 qua
501 2331 600 2359 rem
622 2325 822 2371 quatuor
843 2318 1091 2359 Societatis
1113 2319 1242 2359 viros
1264 2331 1290 2359 a
1311 2319 1415 2359 Rda
1437 2319 1525 2359 Pte
1547 2326 1625 2359 tua
1646 2320 1850 2370 postulat
1867 2318 1941 2358 ob—

308 2391 428 2430 nixe.
455 2390 584 2441 Quae
605 2390 813 2440 negotia,
836 2389 924 2429 hoc
947 2390 1170 2441 temporis
1188 2390 1452 2439 interuallo,
1473 2402 1499 2429 a
1516 2390 1618 2429 Pre.
1639 2394 1798 2429 nostro
1815 2388 1935 2428 Dno.

308 2461 564 2501 Paschasio
608 2467 790 2500 matura
829 2461 1077 2512 prudentia
1117 2467 1160 2500 et
1200 2461 1417 2512 vigilanti
1456 2461 1684 2500 industria
1724 2465 1781 2500 cu
1820 2459 1939 2499 Dno.

308 2532 451 2572 R.d15⁵·
488 2537 765 2579 tractantur,
804 2531 957 2570 missis
988 2531 1047 2570 ad
1082 2530 1218 2571 Rdam
1249 2531 1583 2571 Paternitatem
1615 2537 1742 2570 tuam
1777 2530 1941 2570 litteris

310 2603 626 2655 optatissimis.
653 2602 790 2642 Pater
812 2608 970 2641 noster
998 2602 1044 2641 in
1067 2601 1356 2642 Auuerniam
1384 2602 1443 2642 ad
1471 2602 1594 2642 Dnu.
1624 2603 1755 2653 Epm.
1790 2600 1937 2652 profe-

311 2681 411 2714 ctus
433 2680 517 2724 est,
542 2673 729 2713 ineunte
759 2673 1026 2723 Nouembri,
1061 2673 1214 2724 ibique
1246 2672 1396 2712 adhuc
1420 2672 1809 2723 occupatissimus
1838 2671 1945 2710 hae-

310 2753 394 2795 ret,
418 2756 554 2795 quem
577 2750 683 2795 post
706 2743 1017 2795 Epiphaniam
1041 2743 1230 2783 Domini
1253 2743 1389 2783 demi]
1410 2744 1769 2794 praestolamur.

373 2930 378 2947 ¹
420 2928 646 2955 parisiensem
668 2927 818 2960 intellige
835 2927 984 2959 domum,
1007 2933 1107 2960 quarn
1128 2926 1228 2953 sociis
1243 2925 1533 2953 claramontensis
1555 2925 1738 2960 Episcopus
1757 2924 1945 2951 inhabitan-

318 2977 394 3003 dam
411 2976 699 3002 commodaverat.
