2080 3392
267 228 338 265 636
776 223 1003 260 LITTERAE
1029 234 1386 266 QUADRIMESTRES

267 323 374 363 inde
405 320 721 361 restitutiones
749 331 932 369 omneS,
967 319 1026 359 ad
1054 331 1171 370 quas
1200 321 1458 371 tenebatur,
1488 320 1679 360 faceret.
1712 320 1898 361 Confes-

268 394 399 433 sione
428 395 620 442 peracta
647 395 691 429 et
721 389 1026 429 instructione
1057 395 1244 441 recepta
1274 390 1614 442 faciendorum,
1652 391 1811 431 statim
1841 392 1900 431 ad

268 464 395 514 ipsas
416 461 734 501 restitutiones
761 459 1004 500 faciendas
1033 471 1083 500 se
1113 461 1366 512 convertit,
1394 461 1583 513 jamque
1603 462 1775 502 bonam
1795 473 1898 513 par-

267 539 361 573 tem
381 533 609 572 bonorum
637 543 828 572 suorum
848 530 895 570 in
916 531 984 571 eis
1005 532 1294 583 consumpsit
1314 544 1369 572 ac
1392 533 1439 572 in
1460 533 1772 584 eleemosynis
1793 545 1902 584 pau-

267 603 456 655 peribus
478 601 744 653 erogandis.
776 601 864 642 Hic
895 607 1026 641 tanta
1048 601 1294 642 affectione
1321 609 1366 643 et
1396 603 1723 643 benevolentia
1743 615 1901 654 prose-

267 675 422 726 quitur
444 685 529 714 nos
551 679 594 713 et
615 672 901 713 Societatem
920 673 1031 725 Jesu
1052 677 1116 723 ut,
1140 673 1180 712 si
1199 673 1316 713 liber
1336 679 1458 713 esset
1480 674 1537 713 ab
1560 686 1707 714 uxore
1728 679 1773 713 et
1794 674 1902 714 libe-

268 745 348 795 ris,
367 744 503 784 facile
521 743 799 784 crediderim
820 754 927 783 eum
947 743 1098 794 ipsam
1119 743 1455 794 ingressurum.
1475 744 1557 784 Est
1573 750 1698 784 certe
1719 744 1904 784 mirabi-

267 816 324 855 lis
344 815 540 855 mutatio
564 813 686 865 ejus,
710 820 759 853 ut
781 814 918 865 plane
939 813 1156 853 Videatur
1176 815 1373 854 mutatio
1392 814 1570 854 dexteri
1586 815 1786 863 Excelsi;
1807 814 1903 866 jam

267 886 391 926 enim
412 898 506 926 non
525 885 678 936 pergit
701 885 759 924 ad
780 884 1028 935 nundinas,
1052 890 1102 924 ut
1123 885 1316 936 solebat,
1340 885 1422 925 sed
1443 886 1501 926 ab
1518 886 1731 926 omnibus
1752 884 1903 936 hujus-

268 957 395 997 modi
417 956 800 1008 occupationibus
823 967 872 995 se
893 955 1137 995 subtrahit.

349 1028 680 1069 Confessiones
705 1027 951 1077 generales
982 1026 1124 1066 etiam
1157 1026 1421 1067 audivimus
1448 1039 1542 1067 non
1567 1039 1764 1079 paucas,
1797 1027 1904 1079 quia

269 1099 351 1139 vix
373 1098 555 1139 accedit
583 1097 643 1138 ad
669 1108 755 1137 nos
783 1097 1044 1148 quisquam,
1076 1096 1186 1148 quin
1216 1097 1270 1147 (si
1295 1097 1393 1149 jam
1413 1098 1528 1138 alias
1549 1110 1643 1138 non
1663 1098 1906 1138 confessus

268 1170 327 1210 sit
347 1168 644 1221 generaliter)
675 1167 881 1208 secunda
910 1173 990 1207 aut
1024 1168 1162 1208 tertia
1190 1168 1295 1208 vice
1325 1180 1467 1220 quam
1498 1169 1557 1208 ad
1591 1180 1677 1208 nos
1707 1169 1902 1217 accedit,

267 1241 499 1282 rationem
519 1240 685 1280 reddat
706 1239 849 1279 totius
870 1245 1067 1279 exactae
1090 1239 1238 1291 Vitae3
1262 1250 1353 1291 qua
1381 1240 1438 1280 de
1464 1252 1515 1280 re
1535 1251 1735 1291 magnus
1756 1241 1905 1292 sequi-

267 1318 344 1352 tur
366 1312 546 1352 fructus
575 1312 622 1351 in
650 1311 895 1351 animabus
924 1322 1088 1350 eorum
1115 1321 1171 1350 ac
1197 1311 1301 1351 laus
1335 1317 1380 1351 et
1413 1311 1564 1351 honor
1593 1310 1808 1351 Domino.
1847 1311 1905 1351 Et

268 1383 466 1434 denique
486 1394 598 1422 usus
618 1387 1022 1422 sacramentorum
1051 1388 1095 1421 et
1123 1381 1407 1433 frequentia,
1432 1382 1660 1433 largiente
1682 1380 1900 1431 Domino,

266 1466 451 1506 semper
479 1459 723 1504 augentur,
747 1453 812 1492 ita
843 1458 892 1492 ut
922 1453 1063 1493 etiam
1094 1464 1153 1492 ex
1181 1453 1350 1493 vicinis
1376 1453 1579 1504 oppidis,
1614 1453 1793 1493 duobus
1825 1460 1904 1493 aut

267 1526 417 1565 tribus
452 1524 597 1564 leucis
630 1523 927 1574 distantibus,
966 1523 1024 1563 ad
1058 1536 1144 1563 nos
1180 1524 1438 1564 acccedant
1471 1524 1607 1576 hujus
1641 1525 1709 1564 rei
1742 1536 1900 1575 causa,

270 1597 411 1637 etiam
433 1596 576 1647 aliqui
596 1595 806 1646 ipsorum
827 1595 1007 1635 decimo
1031 1595 1192 1646 quinto
1215 1606 1396 1646 quoque
1420 1595 1505 1635 die.

352 1667 550 1707 Caetera
590 1665 814 1706 exercitia
849 1672 893 1705 et
929 1666 1265 1717 occupationes
1299 1666 1464 1706 solitae
1498 1665 1768 1716 Societatis,
1807 1671 1903 1705 tam

272 1738 396 1778 intra
417 1737 603 1777 domum
626 1748 766 1788 quam
786 1742 942 1786 extra,
966 1741 1016 1776 ut
1035 1736 1343 1776 reconciliare
1374 1749 1477 1786 eos,
1512 1737 1590 1788 qui
1619 1736 1723 1777 odio
1750 1748 1905 1788 prose-

272 1815 500 1860 quuntur,
534 1808 728 1847 visitare
762 1807 970 1846 infirmos
1003 1812 1048 1847 et
1076 1807 1122 1846 in
1153 1807 1421 1847 carceribus
1453 1807 1685 1857 detentos,
1725 1813 1770 1847 et
1797 1808 1902 1858 alia,

272 1879 500 1930 largiente
528 1878 751 1929 Domino,
783 1890 876 1917 non
904 1878 1294 1928 intermittuntur,
1327 1883 1464 1929 prout
1491 1884 1672 1930 tempus
1702 1879 1906 1930 suppetit

272 1956 318 1989 et
338 1949 471 1989 nobis
492 1949 598 1989 licet
629 1961 711 2000 per
744 1948 860 1988 alias
878 1947 1100 2000 justiores
1129 1948 1475 1999 occupationes.
1506 1949 1719 1989 Laudent
1750 1948 1907 1989 Domi-

273 2032 384 2060 num
418 2021 573 2071 angeli
607 2018 704 2070 ejus
738 2031 824 2070 pro
859 2019 931 2059 his
966 2019 1180 2059 omnibus
1218 2019 1277 2067 (si
1311 2031 1430 2071 quae
1465 2019 1593 2069 sunt)
1616 2026 1659 2059 et
1693 2019 1828 2059 nobis
1850 2019 1907 2059 ab

273 2091 375 2142 ipso
410 2091 658 2142 impetrent
692 2096 741 2130 ut
778 2102 832 2130 ea
868 2100 1237 2140 cognoscamus,
1280 2101 1400 2141 quae
1438 2095 1600 2129 nostra
1639 2090 1775 2141 culpa
1810 2089 1908 2130 fieri

276 2162 450 2202 omissa
472 2168 592 2202 sunt.
617 2161 687 2201 Tu
713 2161 922 2211 interim,
954 2160 1054 2200 Rd0
1083 2159 1158 2211 P.,
1191 2160 1359 2200 horum
1380 2161 1678 2212 indignorum
1707 2160 1905 2200 filiorum

276 2238 461 2273 tuorum
482 2245 538 2273 ne
561 2232 869 2282 obliviscariS,
894 2231 972 2283 qui
993 2232 1039 2271 in
1060 2218 1156 2271 tuis
1173 2232 1391 2283 precibus
1409 2238 1453 2271 et
1471 2231 1712 2272 sacrificiis
1733 2236 1778 2271 et
1798 2231 1906 2272 alio-

275 2315 376 2344 rum
411 2309 598 2355 patrum
633 2309 677 2343 et
712 2303 912 2343 fratrum
942 2302 1325 2343 charissimorum
1359 2302 1711 2343 commendatos
1744 2302 1907 2343 haberi

274 2375 512 2414 humiliter
534 2379 709 2425 petunt.

328 2445 399 2485 Ex
420 2445 590 2496 oppido
618 2444 900 2495 Vallisoleti,
933 2444 1084 2496 primo
1105 2443 1238 2495 Maii,
1269 2455 1392 2484 anno
1419 2443 1690 2485 Nativitatis
1717 2444 1907 2485 Domini

285 2516 397 2556 1554.

356 2586 407 2626 T.
434 2586 486 2626 R.
511 2586 559 2626 P.

355 2656 578 2707 Indignus
599 2656 739 2705 filius,

1119 2870 1146 2916 †
1175 2868 1640 2908 VALDERRAPHANUS.
1670 2868 1699 2915 †
