2080 3392
280 173 347 210 176
789 174 1015 211 LITTERAE
1042 186 1399 218 QUADRDOESTRES

277 273 382 309 ctus
402 274 499 310 tarn
520 270 568 309 in
589 270 782 314 litteris.
804 282 945 321 quam
970 271 1019 310 in
1047 271 1257 311 moribus
1283 276 1327 311 et
1353 272 1612 312 virtutibus
1633 273 1907 328 hauriatur.

283 341 398 380 Tum
419 352 529 380 vero
551 341 833 392 significabo
846 342 1088 392 fructum,
1111 342 1194 392 qui
1209 354 1273 381 ex
1292 342 1501 382 Patrum
1530 348 1573 382 et
1603 344 1913 393 confessioni—

277 411 361 450 bus
385 415 427 451 et
459 411 757 451 concionibus
790 417 1108 463 consequutus
1138 417 1208 453 est
1239 414 1404 463 gratia
1439 414 1625 453 Summi
1637 414 1787 464 Dei,a
1820 424 1911 466 quo

277 493 369 520 into
392 482 550 521 omnia
573 483 705 522 nobis
721 483 938 533 affluunt
955 484 1088 523 bona.

356 552 417 593 Ut
437 553 580 603 igitur
602 565 628 592 a
649 553 894 594 Fratribus
915 554 1230 605 exordiamur,
1255 567 1415 595 omnes
1437 555 1611 596 Christi
1632 556 1734 596 Iesu
1751 557 1911 607 auspi-

276 623 343 662 cio
366 629 566 663 noscunt
587 624 845 664 maximum
866 625 1140 666 beneficium
1171 626 1433 666 vocationis
1462 632 1507 665 et
1536 626 1583 666 in
1611 638 1665 666 ea
1696 633 1911 666 constan-

276 700 345 734 ter
368 706 422 733 ac
445 694 641 734 honeste
662 702 951 746 permanent.
975 697 1144 747 Itaque
1170 697 1256 736 Izac
1284 697 1339 736 de
1367 709 1417 736 re
1445 709 1612 737 sumus
1635 697 1912 748 tranquillis

276 763 573 816 frequentant
595 765 935 807 confessionem
957 773 1001 807 et
1025 767 1198 807 Christi
1218 767 1410 807 Domini
1431 779 1643 807 mensam
1658 780 1752 808 non
1770 768 1912 808 modo

275 835 418 874 semel
438 835 486 874 in
506 835 815 886 hebdomada,
839 841 891 877 ut
912 837 1270 878 consuetudinis
1289 842 1360 878 est
1382 837 1649 888 societatis,
1670 838 1751 878 sed
1770 839 1913 878 etiam

276 906 489 946 omnibus
510 906 672 946 diebus
693 907 838 954 festis;
863 920 954 960 qua
975 909 1162 960 quidem
1184 921 1234 949 re
1256 909 1392 949 valde
1414 909 1641 959 homines,
1663 910 1740 960 qui
1759 909 1817 949 ad
1834 921 1914 949 no-

276 984 425 1017 strum
445 978 638 1018 Veniunt
659 980 883 1030 templum
904 983 1204 1020 extruuntur
1229 979 1239 998 ¹
1260 984 1303 1020 et
1325 981 1386 1020 ad
1408 980 1458 1019 id
1473 980 1825 1031 praestandum
1847 981 1911 1020 in-

276 1048 590 1088 flammantur.
614 1048 863 1090 Praeterea
886 1050 1070 1101 quidem
1091 1051 1317 1091 retinetur
1339 1051 1460 1091 ratio
1482 1051 1727 1102 temporis,
1752 1063 1913 1102 preca-

276 1120 481 1160 tionibus
516 1120 760 1172 adscripti,
801 1127 850 1160 ut
885 1122 1086 1173 positum
1122 1128 1192 1162 est
1226 1123 1273 1162 in
1306 1134 1435 1162 more
1469 1122 1666 1172 Collegii
1696 1121 1910 1162 Romani.

275 1191 568 1231 Exercentur
585 1192 902 1243 concionibus,
927 1204 1044 1244 quas
1060 1193 1243 1244 partim
1264 1194 1385 1233 inter
1407 1193 1715 1238 coenandum,
1729 1193 1914 1244 partim

277 1274 304 1301 a
326 1273 472 1302 coena
494 1273 654 1302 omnes
675 1266 926 1304 convocati
948 1264 1133 1308 habent.
1155 1263 1288 1315 Quod
1306 1270 1486 1315 spectat
1508 1263 1566 1303 ad
1583 1263 1914 1314 obedientiam,

279 1344 328 1372 se
348 1333 463 1372 satis
483 1333 599 1373 bene
621 1333 808 1384 habent,
833 1346 887 1374 ac
910 1345 959 1374 se
990 1335 1263 1374 submittunt
1291 1334 1454 1375 officiis
1482 1334 1750 1385 humilibus,
1782 1335 1913 1375 iuxta

277 1404 504 1444 rationem
527 1410 571 1444 et
592 1403 794 1444 formam
820 1405 907 1444 sibi
936 1406 1289 1457 praescriptam.
1322 1405 1562 1446 Conantur
1591 1405 1807 1445 abiurare
1833 1417 1911 1445 vo-

277 1475 516 1525 luntatem,
540 1475 829 1526 anticipatus
850 1476 1095 1527 opiniones
1114 1489 1178 1516 ex
1198 1476 1354 1516 auimo
1376 1476 1575 1516 evellere
1597 1483 1640 1516 et
1661 1476 1846 1516 tradere
1862 1488 1913 1516 se

277 1551 399 1585 totos
420 1546 466 1585 in
487 1546 626 1586 rebus
643 1547 856 1587 omnibus
873 1548 1023 1598 patris
1039 1548 1189 1588 nostri
1206 1549 1481 1588 sententiae.
1502 1547 1829 1598 Reperiuntur
1844 1547 1912 1586 in-

277 1620 350 1656 ter
368 1615 480 1656 illos
500 1620 599 1656 tam
621 1617 934 1658 abstinentiae
956 1618 1213 1670 percupidi,
1238 1623 1290 1658 ut
1311 1624 1450 1669 saepe
1478 1629 1672 1657 nunzcro
1704 1618 1912 1657 obsecra-

277 1686 435 1726 verint
456 1688 656 1727 Patrem
679 1692 730 1728 ut
750 1688 1138 1738 sibi'facultatcnz
1155 1689 1296 1729 semel
1312 1689 1361 1728 in
1379 1689 1452 1728 die
1467 1689 1637 1728 edendi
1639 1689 1846 1738 faceret:
1861 1692 1911 1728 at

278 1768 390 1798 vero
409 1758 561 1798 Fater
578 1770 741 1798 eorum
759 1760 935 1799 studiis
953 1760 1142 1800 minime
1158 1761 1446 1811 obsequutns
1466 1764 1551 1799 cst.
1582 1759 1914 1810 Unusquisque

278 1840 508 1879 magnam
528 1829 831 1879 diligentiam
852 1834 895 1870 et
917 1841 1081 1871 curam
1095 1831 1234 1882 ponit
1263 1831 1311 1870 in
1339 1831 1498 1882 officio
1529 1830 1620 1870 sibi
1646 1830 1839 1880 credsto,
1869 1834 1913 1869 et

278 1899 461 1950 cogitat
482 1911 575 1940 non
596 1902 732 1940 modo
747 1902 901 1952 patri,
922 1913 1089 1941 verum
1110 1903 1250 1942 etiam
1278 1902 1376 1942 Deo
1390 1935 1402 1952 ,
1424 1902 1656 1942 rationem
1683 1913 1783 1941 esse
1811 1901 1914 1940 red-

277 1971 493 2010 dendam.
517 1971 568 2011 In
589 1972 659 2011 his
688 1978 865 2022 autem,
898 1985 1017 2024 quae
1049 1973 1281 2024 pertinent
1308 1973 1366 2012 ad
1395 1973 1780 2013 consuetudinem
1803 1983 1912 2012 cum

278 2042 497 2089 externis,
523 2054 685 2081 omnes
705 2054 929 2093 magnum
950 2044 1152 2083 studium
1182 2044 1312 2084 iuxta
1340 2056 1472 2083 suam
1503 2043 1746 2083 conferunt
1774 2055 1912 2083 voca-

278 2112 465 2162 tionem,
498 2112 629 2151 onzni
659 2113 824 2152 ordine
858 2117 901 2153 et
937 2115 1072 2154 modo
1108 2126 1187 2154 eos
1220 2114 1492 2154 adiuvando
1529 2118 1572 2154 et
1609 2113 1914 2154 adsciscendo

279 2182 407 2222 *viam
440 2186 484 2222 et
518 2183 767 2232 rationem,
803 2196 943 2235 quam
978 2185 1187 2224 Societas
1221 2185 1282 2224 ad
1309 2185 1682 2225 clim'stianornin
1710 2184 1913 2224 salutern

278 2254 502 2293 tuendam
525 2254 722 2299 adhibet.
748 2255 818 2295 Ac
841 2262 884 2295 te
907 2256 1105 2307 quidem,
1131 2256 1302 2307 optime
1324 2256 1477 2307 Pater,
1497 2256 1609 2296 illud
1625 2256 1788 2307 fugere
1805 2256 1911 2295 nolo

279 2336 359 2364 eos
379 2324 580 2376 quidem,
604 2326 681 2376 qui
702 2326 955 2366 iuventutis
977 2327 1288 2366 instituendae
1324 2327 1504 2367 muneri
1535 2333 1640 2367 sunt
1669 2326 1910 2378 praefecti,

279 2395 344 2445 id,
361 2396 580 2446 quamvis
595 2395 884 2436 laboriosnm
901 2408 955 2436 ac
970 2397 1237 2447 molestum,
1255 2409 1427 2448 magna
1447 2397 1675 2438 industria
1692 2408 1912 2437 exercere

280 2469 323 2505 et
345 2466 599 2512 sustinere,
622 2472 760 2518 atque
787 2478 865 2507 eos
882 2500 892 2516 ,
920 2471 1349 2519 quantumcumque
1372 2473 1599 2520 possunt,
1631 2467 1912 2508 contendere

281 2542 330 2576 ut
352 2537 623 2577 scholastici
646 2538 852 2577 universi
881 2538 926 2577 in
953 2538 1098 2578 literis
1126 2550 1430 2590 progressum
1457 2539 1652 2589 faciant,
1683 2544 1727 2578 et
1759 2537 1911 2578 unius-

281 2607 504 2658 cuiusque
524 2609 755 2648 rationem
776 2608 977 2648 habeant
998 2620 1052 2648 ac
1073 2609 1204 2649 omni
1220 2611 1299 2650 via
1319 2615 1361 2650 et
1394 2610 1581 2650 ratione
1609 2609 1670 2649 ad
1698 2608 1911 2648 studium

282 2677 614 2728 adhortentur,
635 2679 749 2718 adeo
771 2682 823 2718 ut
845 2678 1009 2718 nullus
1026 2679 1088 2719 sit
1110 2679 1339 2731 reliquus,
1360 2681 1495 2720 cuius
1515 2691 1696 2730 uzagna
1719 2690 1811 2718 non
1832 2679 1912 2718 ad-

281 2747 498 2787 hibeatur
519 2754 661 2799 opera
682 2753 725 2788 et
745 2759 874 2788 cura.
900 2750 1034 2800 Quod
1054 2750 1238 2800 quidem
1259 2763 1308 2790 re
1330 2751 1435 2802 ipsa
1458 2749 1779 2801 perspicimus
1807 2759 1910 2788 cum

338 2932 347 2951 1
386 2930 513 2959 Latina
535 2930 668 2965 quidem
684 2939 751 2959 vox
772 2933 829 2959 sed
853 2940 939 2966 quae
955 2933 1088 2960 minime
1110 2934 1241 2967 patitur
1256 2934 1539 2969 significationem
1555 2933 1583 2960 ,ς’
1599 2931 1771 2967 edificatio
1786 2938 1856 2965 seu,
1872 2935 1909 2959 ut

283 2979 465 3005 emendans
481 2978 646 3005 Poiancus
661 2983 694 3005 et
710 2979 856 3006 Bordoni
872 2984 1018 3007 mentem
1033 2980 1279 3015 interpretatus
1293 2982 1440 3016 scripsit,
1455 2983 1499 3009 ad
1509 2980 1682 3015 pietatem
1696 2979 1911 3005 excitantur·
