2080 3392
304 167 349 205 24
813 171 1040 209 LITTERAE
1067 182 1423 216 QUADRIMEsTREs

305 275 433 314 sens;
457 270 500 304 et
521 265 682 306 hortus
705 260 903 307 iste'non
933 269 1094 318 procul
1123 268 1178 307 ab
1207 268 1295 309 hac
1323 276 1484 311 nostra
1512 271 1648 313 domo
1679 279 1723 314 et
1751 287 1777 314 a
1805 275 1930 316 dicto

305 335 501 385 collegio
523 336 677 376 distat.
701 337 877 377 Hortus
898 338 972 377 ille
994 344 1089 378 tam
1110 345 1179 378 est
1202 341 1404 391 3111111115,
1427 347 1476 382 111
1497 343 1638 383 etiam
1658 346 1812 396 amplo
1841 347 1930 386 col-

306 406 428 456 legio
449 407 659 447 sufficere
682 415 857 459 posset,
882 408 964 448 sed
985 409 1215 449 modicum
1238 410 1353 450 situs
1374 417 1444 453 est
1469 419 1603 471 extra
1635 426 1928 457 communem

303 477 451 527 viam,
488 478 533 517 in
568 478 737 529 oppido
772 486 948 526 tamen,
986 492 1071 519 nec
1106 486 1202 520 tam
1236 483 1398 532 procul
1432 496 1459 523 a
1492 491 1655 527 nostra
1686 488 1925 537 parochia,

304 559 442 598 quam
472 549 593 599 apud
621 561 706 588 vos
742 548 941 589 Sanctus
976 549 1163 590 Marcus
1194 564 1219 591 a
1247 558 1405 593 vestro
1440 555 1637 607 collegio
1666 555 1692 596 ¹.
1723 557 1860 608 Quod
1890 559 1928 598 si

302 619 455 669 placet
475 618 529 658 R.
554 620 610 659 V.
635 626 683 659 ut
705 619 813 659 dicti
834 620 1008 660 domini
1029 628 1228 672 pergant
1249 622 1296 662 in
1324 624 1413 664 1100
1435 636 1595 676 opere,
1627 639 1849 679 rogamus
1877 635 1927 669 ut

303 689 434 729 nobis
473 690 739 740 significare
779 691 1009 741 dignetur.
1052 691 1232 732 Norunt
1269 693 1439 734 fratres
1483 697 1692 749 romani,
1735 699 1811 750 qui
1849 700 1927 740 ali-

302 760 486 811 quando
516 761 712 800 Lovanii
742 767 958 811 egerunt,
989 761 1099 813 quid
1126 763 1185 803 sit
1216 763 1270 804 de
1298 764 1387 805 hoc
1416 765 1623 817 Collegio
1651 780 1733 808 seu
1759 770 1926 821 paeda-

303 831 443 881 gogio
477 831 678 871 Liliensi.
716 832 915 883 Cuperct
946 831 1132 883 Regens
1161 846 1245 874 nos
1280 835 1341 875 ibi
1375 836 1607 888 habitare,
1645 840 1927 881 constituere

302 908 558 952 regentem,
590 909 633 942 et
660 903 842 952 plenam
868 901 1241 953 jurisdictionem
1275 906 1470 958 habere,
1503 909 1625 949 sicut
1654 909 1927 952 Standonici

302 972 347 1012 in
376 971 675 1023 paedagogio
709 973 930 1013 Porcensi
950 974 978 1012 '·'.
1008 975 1079 1015 De
1105 975 1194 1016 hoc
1224 988 1338 1028 ergo
1367 979 1495 1019 satis.
1533 979 1636 1020 Hoc
1670 982 1818 1021 solum
1849 983 1925 1022 ad-

302 1043 433 1092 dam,
458 1043 579 1094 quod
600 1044 645 1083 hi
667 1044 775 1083 dicti
798 1044 972 1084 domini
994 1052 1211 1097 optarent
1241 1059 1382 1088 unum
1411 1061 1468 1089 ex
1495 1051 1706 1101 patribus
1736 1053 1923 1104 nostris,

299 1113 378 1164 qui
395 1113 672 1153 Germanice
688 1115 1058 1160 concionaretur:
1085 1117 1151 1157 510
1169 1118 1385 1159 nimirum
1402 1119 1607 1161 futurum
1625 1128 1674 1162 ut
1690 1122 1925 1164 licentiam

301 1184 358 1223 ab
380 1184 685 1235 Imperatore,
710 1191 754 1224 et
775 1186 946 1237 oppido
969 1193 1013 1226 et
1033 1189 1176 1239 vulgo
1199 1188 1335 1229 facile
1358 1191 1700 1242 impetraretur.

375 1254 506 1304 Quod
527 1255 585 1294 ad
606 1257 918 1296 exercitantes
938 1260 1125 1309 attinet,
1160 1261 1308 1301 solum
1338 1263 1527 1303 unicum
1554 1264 1655 1305 istis
1685 1266 1921 1307 mensibus

298 1323 542 1364 habuimus
565 1326 610 1365 in
632 1327 865 1367 exercitiis
887 1328 964 1379 qui
985 1333 1054 1368 est
1081 1330 1259 1380 primus
1292 1332 1457 1373 domus
1485 1334 1556 1384 (ut
1585 1338 1780 1384 vocant)
1812 1335 1923 1378 dicti

297 1394 580 1447 Paedagogii
616 1396 851 1447 Liliensis,
881 1399 969 1439 hoc
1001 1411 1123 1440 anno
1146 1413 1252 1441 cum
1281 1402 1504 1444 fratribus
1535 1407 1710 1446 nostris
1742 1418 1922 1458 promo-

292 1466 485 1515 vendus,
510 1466 609 1506 Deo
627 1468 824 1508 volente.

370 1536 453 1576 Est
470 1536 656 1588 juvenis
677 1539 843 1589 viginti
865 1552 1114 1592 annorum,
1145 1554 1342 1594 corpore
1371 1557 1571 1597 magnus
1598 1560 1653 1588 ac
1683 1548 1915 1600 robustus,

291 1607 426 1646 valde
447 1607 553 1647 boni
575 1608 749 1659 ingenii
770 1615 814 1649 et
836 1610 950 1651 bene
972 1611 1161 1663 doctuS,
1195 1615 1368 1665 probus
1397 1622 1441 1656 et
1473 1618 1731 1670 modestus,
1766 1620 1844 1671 qui
1875 1626 1920 1661 et

289 1687 339 1715 se
355 1677 486 1717 nobis
503 1678 712 1729 adjunxit
734 1687 777 1720 et
800 1682 1041 1722 nobiscum
1062 1683 1254 1725 habitat.
1276 1685 1527 1727 Praeterea
1544 1689 1697 1730 adhuc
1719 1696 1921 1741 quatuor

289 1748 365 1786 alii
388 1759 436 1788 50
463 1749 594 1789 1101115
624 1750 959 1803 adjunxerunt,
993 1766 1051 1793 ex
1079 1755 1245 1806 quibus
1280 1757 1371 1797 duo
1403 1759 1621 1800 Videlicet
1650 1762 1921 1803 sacerdotes

289 1824 394 1858 ante
415 1819 499 1859 1105
526 1832 708 1861 menses
738 1822 999 1864 habuerunt
1028 1827 1277 1868 exercitia:
1307 1829 1472 1880 reliqui
1504 1830 1594 1870 duo
1628 1843 1721 1872 non
1750 1833 1918 1874 habue-

286 1895 416 1939 runt,
454 1891 561 1941 quia
596 1892 799 1933 instabat
826 1899 1006 1946 tempus
1038 1908 1128 1947 quo
1160 1897 1358 1939 Romam
1385 1912 1491 1941 cum
1526 1902 1630 1942 aliis
1664 1903 1919 1955 profecturi

288 1966 436 1999 erant.

365 2031 417 2070 29
443 2030 644 2083 Augusti
672 2032 793 2073 Rdus
821 2035 893 2075 Ρ.Γ
925 2036 1153 2079 Dominus
1183 2039 1457 2082 licenciatus
1491 2042 1740 2093 Quintinus
1767 2044 1781 2063 ³
1811 2057 1919 2086 cum

290 2100 469 2141 duobus
501 2103 603 2142 aliis
631 2105 974 2155 sacerdotibus,
1006 2108 1209 2158 publicis.
1233 2111 1601 2163 confessoribus,
1633 2120 1677 2154 01
1704 2126 1810 2155 011111
1835 2128 1917 2156 sex

289 2183 382 2210 non
404 2164 743 2221 sacerdotibus,
768 2176 1054 2217 charissimis
1083 2179 1129 2219 in
1157 2179 1343 2222 Christo
1371 2181 1595 2224 fratribus
1627 2186 1824 2236 nostris,
1860 2199 1919 2227 ex

292 2247 455 2281 sancta
477 2242 736 2284 obedientia
758 2245 864 2286 hinc
894 2247 1090 2288 Romam
1118 2262 1285 2291 versus
1315 2252 1375 2293 ad
1405 2252 1454 2293 P.
1478 2254 1536 2294 V.
1569 2255 1766 2306 profecti
1795 2264 1915 2307 sunt;

291 2317 335 2351 01
369 2322 664 2353 remanemus
699 2315 773 2354 hic
808 2324 913 2357 octo
947 2318 1130 2360 fratres.
1169 2320 1400 2363 Sacerdos
1434 2324 1623 2376 quidam
1660 2326 1707 2366 in
1743 2327 1919 2368 artibus

288 2388 547 2433 promotus,
586 2385 661 2435 qui
695 2391 738 2425 et
765 2387 863 2437 ipse
890 2388 1050 2430 habuit
1079 2392 1305 2433 exercitia
1332 2399 1377 2433 01
1399 2393 1497 2446 jam
1523 2396 1843 2438 confessorem
1873 2404 1919 2439 et

288 2453 663 2494 concionatorem
685 2456 731 2495 in
753 2468 834 2496 sua
857 2460 1009 2508 patria
1038 2461 1156 2512 agit,
1190 2462 1262 2502 his
1293 2464 1457 2505 diebus
1483 2467 1673 2518 scripsit
1703 2468 1836 2519 mihi,
1869 2480 1918 2509 se

289 2523 405 2561 velle
445 2523 666 2565 Societati
705 2526 910 2579 adjungi.
948 2530 1082 2573 Alius
1117 2533 1306 2584 quidam
1340 2535 1461 2576 filius
1501 2537 1811 2579 confessionis
1840 2551 1916 2579 no-

288 2597 434 2642 strae,
458 2594 588 2634 brevi
610 2596 655 2635 in
678 2603 874 2649 utroque
892 2599 994 2650 jure
1015 2602 1348 2654 licentiandus,
1372 2606 1473 2646 istis
1494 2608 1658 2649 diebus
1683 2610 1918 2650 consuluit

289 2672 361 2700 me
391 2663 552 2703 eadem
583 2665 637 2704 de
664 2678 735 2716 re,
760 2668 839 2707 sed
862 2672 1102 2713 commode
1131 2680 1239 2714 ante
1267 2686 1399 2716 suam
1431 2678 1667 2719 licentiam
1696 2680 1795 2720 fieri
1822 2692 1916 2721 non

342 2819 350 2840 1
390 2819 545 2854 Intellige
567 2825 739 2855 quantum
761 2826 870 2853 distat
895 2828 1016 2855 Sancti
1040 2830 1155 2858 Marci
1175 2833 1347 2867 templum
1370 2834 1505 2862 Romae
1519 2843 1540 2863 a
1555 2836 1715 2865 Romano
1730 2838 1918 2867 societatis

284 2866 445 2900 collegio.

340 2912 353 2932 ²
390 2913 439 2940 De
455 2914 506 2941 his
520 2916 597 2943 vide
611 2924 723 2952 supra,
741 2922 764 2946 t.
782 2927 802 2953 1,
818 2928 895 2954 pag.
910 2922 971 2949 565.

341 2960 355 2979 5
394 2961 428 2988 Ρ.
447 2961 623 2994 Quintinus
641 2964 812 2999 Charlart‚
829 2968 867 2993 de
883 2976 945 3001 quo
962 2970 1096 3004 saepius
1112 2972 1203 3000 faeta
1219 2979 1269 3002 est
1286 2976 1408 3011 fietque
1424 2979 1561 3006 mentio.
