2080 3392
345 163 416 201 418
854 162 1080 200 LITTERAE
1107 174 1468 206 QUADRIMESTRES

342 262 605 311 exemplum
631 260 817 310 imitati,
842 260 919 299 alii
940 260 1126 300 monitis
1146 260 1423 313 hortatuque
1444 262 1646 313 pellecti,
1670 264 1826 305 facere
1849 266 1973 307 idern

342 343 523 383 quoque
544 336 589 370 et
611 330 700 381 ipsi
732 330 931 370 student.
955 330 1088 371 Unde
1111 331 1291 371 auctior
1317 331 1366 372 fit
1395 333 1713 374 confitentium
1740 340 1785 375 et
1812 336 1870 375 ad
1900 348 1975 377 sa·

342 413 471 441 cram
497 400 724 452 synaxim
751 401 1072 441 accedentium
1101 413 1338 442 numerus.
1372 402 1479 454 Qui,
1512 403 1618 444 licet
1648 416 1792 457 usque
1825 405 1836 425 ¹
1866 418 1972 447 con—

341 472 545 512 sueverit
566 483 668 512 esse
689 482 909 522 magnus,
932 471 1061 512 hisce
1081 477 1239 512 tamen
1270 473 1452 524 diebus,
1483 474 1540 514 ob
1568 486 1843 517 concessum
1863 477 1970 518 huic

340 542 502 594 Regno
522 542 707 583 Siciliae
728 543 998 594 iubilaeum,
1022 542 1108 584 fuit
1128 544 1266 594 longe
1287 545 1450 584 maior.
1474 545 1618 585 Immo
1641 551 1818 597 tantus,
1852 554 1901 588 ut
1931 549 1971 589 si

339 614 601 665 duplicatus
623 620 761 665 atque
782 614 899 654 adeo
920 614 1181 665 triplicatus
1200 614 1364 655 fuisset
1397 614 1791 657 confessariorum
1812 630 1970 659 nume-

337 696 437 735 rus,
461 690 620 724 tantae
651 684 931 724 multitudini
958 684 1232 725 satisfacere
1265 697 1358 725 non
1388 686 1632 737 potuisset.
1671 687 1884 729 Confessi
1904 695 1968 729 ta-

336 767 442 796 men
461 755 593 795 multi
622 761 729 795 sunt
757 756 835 807 qui
862 755 1160 796 Dominicum
1188 756 1366 807 pariter
1394 768 1566 808 corpus
1594 769 1866 810 suscepere3
1891 761 1969 812 qui

336 837 496 866 omnes
521 827 658 877 plane
683 826 870 866 fuerunt
904 827 1160 877 octingenti
1185 826 1212 866 ².
1244 826 1356 867 Gra.
1392 827 1579 867 divinae
1607 828 1802 869 bonitati
1824 842 1850 870 a
1872 843 1964 882 qua

334 897 552 949 quicquid
573 898 700 948 boni,
725 898 944 949 quicquid
964 898 1114 938 sancti
1135 904 1224 948 est,
1248 898 1393 938 veluti
1413 910 1437 938 e
1463 899 1575 938 vivo
1598 899 1800 950 quodam
1820 900 1966 952 fonte,

333 968 502 1019 iugiter
524 968 583 1008 ad
603 979 690 1008 nos
711 974 974 1020 promanat.

411 1039 468 1079 Et
504 1039 726 1090 quoniam
760 1039 815 1080 de
850 1039 1219 1080 confessionibus
1255 1040 1395 1081 modo
1431 1040 1629 1082 fecimus
1663 1043 1964 1094 mentionem,

330 1110 456 1150 haud
491 1111 574 1150 abs
606 1121 657 1150 re
692 1110 832 1151 credo
865 1110 986 1162 fore,
1023 1111 1062 1150 si
1096 1112 1318 1152 nonnulla
1356 1112 1604 1153 subtexam
1639 1113 1816 1165 scriptu
1849 1125 1967 1154 sane

329 1181 540 1233 scituque
559 1193 653 1221 non
674 1181 888 1232 indigna,
919 1193 1037 1233 quae
1065 1182 1112 1222 in
1143 1182 1232 1222 illis
1258 1193 1341 1233 per
1372 1183 1553 1235 aliquos
1583 1184 1775 1224 Patrum
1806 1183 1961 1225 Domi-

327 1263 415 1292 nus
433 1252 619 1303 operari
640 1252 859 1304 dignatus
879 1258 962 1292 est.
986 1252 1176 1304 Aliquot
1198 1253 1321 1293 enim
1344 1253 1473 1294 fuere
1495 1254 1807 1306 poenitentes,
1833 1256 1911 1307 qui
1934 1268 1964 1296 a

327 1323 482 1363 multis
512 1324 646 1363 annis
675 1324 859 1364 animae
885 1334 1079 1375 prorsus
1109 1323 1308 1364 miserae
1334 1325 1511 1365 nullum
1541 1333 1803 1376 respectum
1830 1325 1844 1344 ⁵
1878 1326 1957 1367 ha-

325 1394 506 1445 bentes,
542 1394 742 1434 diversis
777 1394 987 1445 peccatis
1018 1400 1156 1445 atque
1184 1394 1374 1445 flagitiis
1405 1396 1685 1436 serviebant.
1720 1396 1844 1437 Inter
1875 1397 1965 1438 hos

325 1472 481 1506 autem
502 1465 643 1517 aliqui
664 1476 690 1504 a
712 1464 890 1505 duobus
911 1465 1067 1515 annis,
1092 1477 1118 1505 a
1139 1465 1287 1505 tribus
1310 1466 1506 1518 aliquot,
1527 1472 1570 1506 et
1589 1479 1615 1506 a
1632 1473 1831 1518 quatuor
1852 1480 1958 1509 con-

323 1536 436 1577 fessi
460 1548 555 1576 non
585 1535 791 1576 fuerant:
821 1536 1010 1587 quidam
1040 1536 1181 1576 etiam
1211 1548 1238 1576 a
1271 1536 1490 1588 quinque.
1518 1536 1720 1577 Tantum
1746 1538 1958 1589 improba

322 1607 474 1659 potuit
501 1608 548 1647 in
575 1607 824 1659 quemdam
852 1607 1128 1657 indignatio.
1160 1607 1264 1647 Non
1293 1607 1438 1647 defuit
1459 1607 1535 1658 qui
1563 1619 1589 1647 a
1619 1620 1703 1648 sex
1735 1609 1870 1648 annis
1899 1609 1958 1649 ad

323 1679 678 1718 saluberrimum
700 1678 788 1718 hoc
822 1689 915 1718 non
949 1684 1215 1718 accesserat
1248 1684 1609 1718 sacramentum.
1633 1679 1712 1730 Et,
1737 1680 1861 1731 quod
1888 1686 1959 1720 est

322 1749 630 1790 admiratione
664 1749 858 1799 dignum
893 1749 1118 1800 maxima,
1152 1750 1230 1801 qui
1264 1761 1314 1789 se
1348 1750 1613 1801 quindecim
1641 1750 1787 1791 ferme
1817 1751 1959 1792 annis

321 1822 616 1872 privaverat,
640 1832 761 1860 unus
783 1821 982 1860 accessit
1003 1819 1031 1858 ⁴.
1056 1820 1146 1871 Qui
1167 1832 1353 1871 omnes,
1383 1820 1471 1860 Dei
1499 1821 1674 1872 gratia,
1703 1822 1851 1862 veteri
1877 1823 1955 1863 ho-

320 1893 443 1932 mine
466 1892 530 1942 (ut
550 1892 765 1943 Apostoli
798 1891 955 1932 verbis
985 1891 1106 1942 utar)
1137 1897 1303 1940 exuto,
1329 1903 1506 1931 novum
1534 1892 1747 1943 induere,
1780 1892 1951 1935 IHUm.

319 1962 555 2004 Christum
575 1962 604 2014 ⁵,
628 1963 702 2003 cui
723 1963 782 2002 sit
800 1963 902 2002 laus
929 1962 1079 2002 honor
1101 1968 1239 2014 atque
1266 1962 1439 2013 gloria,
1471 1963 1549 2014 qui
1577 1969 1647 2003 est
1678 1964 1956 2006 benedictus

319 2036 366 2074 in
387 2036 577 2074 saecula
598 2034 743 2074 Deus.

397 2105 562 2146 Mulier
596 2104 851 2157 quaedam,
882 2116 1000 2156 quae
1027 2105 1153 2144 nulla
1187 2116 1237 2144 re
1272 2104 1423 2154 magis
1457 2104 1693 2155 gaudebat
1726 2118 1866 2157 quam
1902 2107 1950 2147 in

320 2188 520 2218 coenoso
547 2176 749 2216 libidinis
775 2176 881 2216 lacu
907 2175 1131 2225 volutari,
1156 2175 1291 2214 annis
1311 2174 1336 2214 8
1356 2175 1403 2214 in
1423 2174 1730 2216 fornicatione
1762 2177 1951 2218 vixerat

318 2249 569 2299 inquinate:
594 2259 757 2287 verum
777 2246 930 2286 Patris
947 2245 1190 2286 cuiusdam
1206 2246 1295 2297 piis
1312 2246 1501 2286 monitis
1518 2252 1562 2286 et
1580 2258 1811 2298 supernae
1833 2248 1953 2288 lucis

319 2320 548 2360 illustrata
570 2318 835 2369 splendore,
858 2316 1110 2357 nefandum
1132 2317 1178 2356 in
1196 2328 1288 2368 quo
1306 2317 1514 2356 iacuerat
1531 2317 1708 2357 crimen
1724 2329 1950 2369 recogno—

318 2390 405 2441 vit,
442 2390 745 2441 agnitumque
778 2389 826 2428 in
860 2387 1154 2428 confessione
1185 2385 1198 2405 ⁶
1233 2387 1447 2438 promisit
1483 2387 1530 2427 in
1563 2394 1801 2439 posterum
1830 2390 1951 2429 velle

318 2468 497 2501 castam
518 2460 662 2500 vitam
686 2470 853 2510 agere;
877 2459 958 2498 sed
980 2464 1023 2511 et
1044 2458 1142 2510 ipse
1166 2469 1367 2509 quocum
1394 2464 1524 2498 tanto
1553 2464 1760 2510 tempore
1782 2460 1948 2500 mulier

317 2536 618 2583 peccaverat,
642 2542 748 2570 cum
766 2529 883 2570 tanti
903 2529 1091 2569 sceleris
1112 2529 1399 2569 conscientia
1418 2535 1730 2580 premeretur,
1755 2535 1800 2569 et
1821 2531 1946 2581 quie-

370 2692 379 2712 ¹
421 2693 500 2719 licet
516 2695 668 2725 semper.
681 2690 859 2717 Polancus.

367 2740 381 2759 ²⁷-
419 2739 611 2772 octz'ngentz’
622 2738 704 2772 plus
721 2737 894 2764 minusve.
909 2735 1088 2763 Polancus.

367 2787 380 2806 3
418 2787 547 2813 nullam
562 2787 748 2812 rationem.
764 2784 942 2811 Polancus.

366 2836 380 2855 4
417 2833 511 2861 Haec
526 2833 649 2863 omnia,
664 2839 684 2859 a
699 2832 838 2859 vocibus
854 2831 953 2858 Inter
967 2830 1039 2862 hos,
1053 2830 1261 2857 cancellavit
1276 2829 1453 2857 Polaticus-

367 2881 380 2901 5
417 2880 524 2915 Epist.
541 2880 582 2907 ad
596 2879 730 2914 EpIoes..
744 2886 790 2913 1v,
802 2878 837 2905 22
848 2882 880 2905 et
894 2878 938 2905 24.
954 2877 999 2905 Ut
1015 2881 1169 2912 apparet,
1185 2885 1248 2904 non
1262 2878 1367 2904 verba
1382 2877 1439 2904 sed
1452 2881 1585 2905 tantum
1596 2876 1753 2911 Apostoli
1769 2876 1941 2903 sententia

315 2929 467 2956 affertur.

364 2975 378 2994 ὓ
416 2975 578 3008 agnitum
596 2974 631 3001 in
648 2972 868 3008 confessione
884 2972 1009 2999 delevit
1023 2971 1200 2998 Polancus.
