2080 3392
278 176 349 214 410
780 175 1005 214 LITTERAE
1032 187 1386 219 QUADR1MEsTREs

279 272 536 312 inauditam
556 277 599 311 et
622 272 857 312 insolitam
878 272 1074 312 docendi
1099 272 1320 323 formam,
1352 285 1469 324 quae
1499 285 1737 324 nunquam
1769 280 1906 314 antea

278 348 401 383 esset
422 341 614 392 tradita,
639 341 720 382 sed
739 347 785 382 et
806 354 924 394 quae
945 342 1230 383 Academiae
1252 355 1422 383 nomen
1451 343 1582 383 brevi
1603 350 1725 384 esset
1746 345 1906 384 obscu-

278 418 454 452 ratura:
478 412 550 452 his
584 418 722 464 atque
757 413 859 453 aliis
893 413 1133 453 hominum
1168 414 1356 464 ingenia
1389 414 1650 464 exagitavit
1678 414 1908 454 mendacii

278 489 426 534 pater,
449 494 533 522 suo
554 488 710 523 tamen
737 484 874 534 malo,
906 495 1012 524 cum
1040 484 1128 524 hoc
1158 484 1331 535 ipsum,
1360 496 1410 524 re
1441 485 1652 535 cognita,
1685 483 1909 535 majorem

279 553 416 593 fidem
436 552 658 593 Societati
679 554 927 605 pepererit,
952 554 1034 594 Est
1056 565 1168 594 sane
1190 555 1357 594 mirum
1379 555 1523 606 quod,
1547 567 1637 606 quo
1659 556 1810 606 magis
1830 554 1906 595 So-

280 624 463 664 cietatis
501 624 763 664 institutum
800 625 945 665 latere
992 625 1160 676 voluit,
1203 625 1385 666 obiecta
1430 626 1606 677 passim
1652 626 1911 666 studiorum

277 695 513 745 novitate,
538 706 593 734 eo
613 695 794 746 plenius
829 702 920 746 est,
950 708 1043 736 non
1070 702 1231 736 notum
1259 697 1428 747 solum,
1452 695 1533 736 sed
1568 703 1612 736 et
1645 697 1907 747 probatum:

278 765 508 816 siquidem
543 766 667 805 nullo
706 777 911 817 unquam
945 772 1155 818 tempore
1194 766 1365 807 fratres
1398 767 1527 807 fuere
1569 767 1907 818 occupatiores,

276 847 419 887 quam
449 848 554 876 cum
581 836 649 876 sic
677 836 752 876 ille
779 837 827 877 in
857 843 1067 877 nostram
1102 838 1364 878 doctrinam
1397 837 1586 878 fureret.
1623 838 1755 878 Tunc
1789 838 1912 878 enim

280 900 537 957 quotidiani
558 912 602 946 et
623 906 823 958 maj0res
842 918 1126 959 progressus
1148 908 1475 949 cernebantur.

359 976 479 1017 Nam
500 984 689 1029 praeter
709 978 999 1029 frequentem
1020 979 1305 1019 sacramenti
1331 979 1645 1030 poenitentiae
1667 985 1711 1019 et
1731 979 1910 1020 Eucha-

278 1048 439 1088 ristiae
460 1049 941 1100 administrationem,
974 1050 1021 1089 in
1049 1050 1191 1090 horas
1218 1050 1359 1090 etiam
1389 1050 1450 1090 ad
1479 1055 1799 1101 aegrotorum,
1834 1051 1911 1102 qui

278 1118 368 1158 hac
398 1125 576 1160 aestate
606 1120 794 1160 fuerunt
823 1120 1030 1172 plurimi,
1061 1120 1224 1160 domos
1252 1120 1589 1172 avocabantur3
1622 1121 1704 1161 sed
1732 1121 1779 1161 in
1813 1128 1910 1172 pto—

281 1190 555 1230 chodochiis
576 1191 665 1231 hoc
689 1203 872 1243 quoque
901 1191 1112 1242 contigit,
1138 1197 1187 1231 ut
1209 1191 1432 1242 aegrotis,
1457 1192 1535 1243 qui
1563 1192 1768 1232 maximo
1799 1204 1911 1232 sane

279 1261 423 1301 totius
444 1261 649 1302 civitatis
671 1274 902 1302 consensu
922 1262 1123 1313 primum
1143 1262 1328 1303 fuerant
1356 1263 1554 1314 recepti,
1585 1263 1747 1303 auxilii
1773 1264 1911 1314 pluri-

281 1343 407 1371 mum
439 1333 665 1383 paulatim
698 1333 991 1373 subtractum
1025 1333 1103 1384 sit,
1142 1333 1436 1384 contagionis
1470 1340 1615 1384 metu,
1653 1345 1764 1374 cura
1800 1334 1912 1374 solis

280 1403 461 1442 interea
487 1403 584 1443 fere
618 1403 840 1443 fratribus
867 1404 1046 1444 relicta.
1083 1403 1292 1454 Quorum
1319 1404 1524 1444 charitas
1551 1404 1911 1445 evidentissimis

280 1474 571 1525 argumentis
592 1480 662 1515 est
682 1475 895 1526 probata.

360 1544 610 1585 Praeterea
641 1546 727 1585 soli
755 1545 852 1585 fere
878 1545 1101 1585 militibus
1123 1545 1366 1597 (quoniam
1386 1557 1636 1587 numerosa
1671 1546 1746 1586 hic
1775 1547 1910 1586 turba

281 1615 658 1656 decumbentium
678 1615 784 1666 fuit)
807 1616 1064 1668 spiritalem
1085 1628 1221 1668 opem
1241 1617 1407 1668 tulere,
1440 1617 1626 1668 quando
1648 1629 1741 1657 non
1761 1617 1913 1657 solum

282 1693 435 1726 metus
456 1687 663 1727 animum
690 1687 987 1739 quibusdam,
1011 1699 1176 1728 verum
1205 1693 1250 1728 et
1280 1688 1496 1728 omnibus
1523 1688 1774 1728 diversitas
1803 1688 1911 1728 idio-

285 1764 462 1797 matum
478 1757 747 1798 facultatem
764 1758 1018 1799 ademerat.

363 1827 460 1868 Nec
481 1828 668 1869 defuere
698 1829 883 1869 interim
902 1829 950 1868 in
970 1829 1143 1881 templo
1170 1836 1331 1870 nostro
1363 1831 1720 1882 occupationes,
1753 1831 1791 1870 si
1820 1842 1913 1871 non

283 1897 511 1949 majores,
543 1900 707 1939 solitae
727 1905 898 1940 tamen.
922 1899 1054 1940 Multi
1074 1900 1214 1940 etiam
1241 1901 1499 1941 consulturi
1527 1901 1715 1952 Patres,
1748 1901 1914 1952 quibus

282 1970 412 2010 exire
432 1975 544 2010 tunc
563 1982 657 2010 non
678 1970 867 2019 licebat,
891 1971 1157 2011 veniebant.
1188 1970 1398 2011 Tandem
1416 1971 1492 2011 hic
1513 1971 1727 2012 effectum
1748 1977 1817 2012 est
1847 1978 1910 2021 ut,

283 2040 450 2091 quibus
480 2047 618 2081 antea
645 2041 858 2081 sorderet
881 2040 1116 2092 Societas,
1146 2041 1203 2081 ab
1232 2042 1297 2082 eis
1328 2043 1508 2082 colatur
1535 2042 1837 2094 iuveturque;
1870 2049 1914 2083 et

283 2111 376 2151 iam
411 2112 488 2163 qui
516 2113 643 2152 velut
672 2112 728 2152 de
755 2112 955 2152 Victoria
983 2118 1332 2163 extumuerant,
1372 2113 1715 2154 succubuerint.
1752 2112 1914 2153 Voluit

282 2194 468 2233 quoque
507 2182 735 2223 Dominus
775 2183 1001 2235 ejusmodi
1039 2183 1274 2233 fluctibus,
1316 2189 1365 2223 ut
1399 2191 1607 2235 caetera,
1649 2184 1738 2224 hoc
1773 2185 1913 2225 etiam

283 2253 544 2304 Collegium
570 2265 704 2294 suum
737 2260 943 2305 quatere,
976 2260 1026 2294 ut
1055 2253 1184 2304 jacta
1218 2253 1522 2295 fundamenta
1556 2254 1778 2295 solidiora
1810 2266 1911 2295 esse

285 2323 612 2374 probarentur.

366 2394 577 2435 Tradidit
605 2394 658 2435 R.
688 2395 735 2435 in
764 2395 950 2435 Christo
976 2395 1025 2436 P.
1058 2401 1219 2436 noster
1244 2395 1512 2436 Everardus
1538 2397 1801 2448 spiritualia
1835 2409 1910 2437 no-

284 2470 384 2505 stra
410 2466 636 2506 exercitia
663 2466 859 2518 aliquot,
895 2478 989 2506 non
1014 2466 1209 2507 minoris
1236 2467 1335 2518 spei
1367 2478 1507 2519 quam
1536 2468 1759 2518 nominis,
1784 2467 1913 2519 juve-

284 2536 442 2587 nibus,
470 2548 668 2588 quorum
700 2543 957 2588 proventus
991 2537 1116 2577 vitae
1150 2538 1272 2578 ratio
1300 2537 1528 2589 declarat,
1561 2544 1606 2578 et
1637 2539 1732 2578 iam
1766 2540 1914 2579 solam

285 2606 382 2646 fere
417 2606 698 2648 Societatem
731 2608 948 2648 videntur
983 2608 1224 2659 venerari,
1268 2620 1408 2660 quam
1446 2614 1583 2649 antea
1622 2609 1911 2660 ignorarant.

285 2677 591 2729 Praelegendi
625 2677 763 2718 finem
796 2677 905 2718 fecit
941 2678 1063 2718 idem
1096 2677 1169 2729 P.,
1201 2684 1246 2718 et
1273 2679 1482 2719 calorum
1516 2679 1837 2730 magnitudine
1872 2687 1916 2720 et

284 2747 486 2788 adversa
510 2749 776 2789 valetudine
797 2755 1003 2789 coactus
1034 2747 1127 2789 Sed
1153 2749 1248 2789 iam
1277 2749 1532 2789 secundam
1560 2749 1669 2790 Divi
1698 2749 1832 2790 Pauli
1858 2750 1915 2790 ad

285 2818 581 2859 Timotheum
620 2819 865 2870 epistolam
902 2819 1110 2871 incipiet,
1154 2825 1317 2859 sancto
1359 2827 1403 2859 et
1448 2820 1616 2860 infesto
1662 2822 1914 2861 multorum

286 2889 533 2940 desyderio
569 2891 810 2941 impulsus.
844 2890 1046 2941 Exponit
1073 2891 1207 2940 item,
1238 2896 1287 2930 ut
1314 2891 1431 2930 alias
1458 2897 1594 2930 antea
1622 2891 1909 2943 scripsimus,

284 2960 498 3011 decalogi
533 2967 785 3012 praecepta
821 2961 1096 3012 quibusdam
1132 2962 1177 3001 in
1206 2961 1320 3000 urbe
1346 2962 1540 3001 maximi
1569 2963 1790 3011 nominis,
1820 2963 1911 3002 alio
