2080 3392
236 206 306 243 032
745 204 793 239 Li
803 214 971 240 TTERAE
998 214 1353 246 QUADRIMESTRES

237 300 473 351 respondit
495 299 582 338 sibi
604 297 699 349 jam
727 310 821 338 non
843 309 927 338 suo
954 299 1145 338 arbitrio
1171 299 1424 339 vivendum
1452 311 1573 351 esse3
1603 302 1858 342 relaturum

237 382 284 409 se
308 371 462 409 omnia
480 382 549 419 ea,
570 380 688 420 quae
705 369 926 419 dicerent,
947 369 1006 408 ad
1022 368 1302 419 Praelatum,
1323 369 1453 420 cujus
1465 369 1637 421 judicio
1654 383 1729 411 res
1746 384 1859 412 suae

235 441 333 491 geri
359 440 602 490 deberent;
632 445 676 479 et
703 451 792 490 quo
821 451 895 479 res
922 439 1092 479 divinis
1123 440 1343 491 auspiciis
1368 448 1632 492 gereretur,
1665 442 1861 483 duarum

236 512 457 550 horarum
479 510 689 549 inducias
712 510 769 549 ab
790 510 879 549 illis
901 511 1104 560 exigere,
1129 510 1294 561 quibus
1314 512 1553 562 negotium
1567 512 1657 552 hoc
1676 512 1863 554 Christo

234 582 342 633 Jesu
365 580 729 629 commendaret,
753 592 894 631 seque
916 580 1018 619 illos
1038 586 1087 620 ut
1108 581 1358 620 identidem
1378 580 1585 621 facerent
1603 583 1770 623 obnixe
1791 595 1861 623 ro-

235 662 363 702 gare.
389 651 574 690 Nullam
596 651 736 690 aliam
758 657 945 701 praeter
966 651 1087 690 hanc
1109 642 1249 691 unam
1272 663 1437 692 vocem
1459 653 1737 704 lachrimae,
1763 666 1864 705 pre-

236 734 328 772 ces,
353 727 630 771 commenta,
654 722 807 761 minae
830 722 1042 773 denique,
1067 722 1230 773 quibus
1248 721 1344 773 jam
1371 729 1536 774 coepta
1564 730 1633 764 est
1663 736 1737 764 res
1769 725 1862 775 agi,

235 799 514 843 extorquere
550 805 576 832 a
602 792 772 844 juvene
798 799 1062 844 potuerunt.
1100 793 1227 833 Vicit
1263 793 1460 844 denique
1495 793 1629 845 hujus
1666 795 1864 846 simplex

234 863 499 903 obedientia
523 863 706 903 illorum
728 863 964 910 astutiam,
989 862 1125 914 hujus
1146 869 1366 903 constans
1395 865 1747 915 perseverantia
1769 866 1865 906 illo-

234 946 337 973 rum
354 934 641 984 impietatem
663 940 707 973 et
724 933 1030 984 iniquitatem
1049 934 1252 985 victique
1269 946 1434 974 manus
1452 935 1697 985 dederunt,
1720 947 1775 975 ac
1793 936 1866 975 die

235 1005 381 1044 altera
419 1004 549 1043 dolos
578 1010 621 1044 et
651 1010 916 1044 commenta
951 1004 1028 1043 illa
1060 1004 1296 1055 detegunt,
1332 1004 1458 1044 facta
1493 1017 1594 1045 esse
1626 1006 1781 1045 omnia
1817 1012 1866 1046 ut

235 1076 362 1115 illum
385 1088 409 1115 a
432 1076 675 1127 proposito
699 1081 968 1115 avocarent.
1002 1075 1202 1115 Veniam
1231 1088 1257 1115 a
1281 1074 1453 1126 juvene
1478 1082 1640 1128 petunt
1669 1077 1865 1118 confusi-

234 1160 322 1198 que
344 1147 617 1187 discessere.
640 1146 892 1186 Pulchrum
913 1147 1122 1198 profecto
1140 1147 1424 1198 triumphum
1442 1147 1725 1200 dignumque
1741 1155 1864 1188 vete-

237 1231 353 1259 rano
375 1219 515 1259 etiam
536 1218 708 1258 Christi
729 1218 887 1258 milite.

313 1290 477 1330 Studia
512 1302 633 1329 nunc
664 1289 784 1329 inter
819 1289 989 1329 fratres
1024 1288 1190 1339 majori
1217 1301 1308 1341 qua
1336 1296 1539 1341 possunt,
1566 1302 1672 1345 cum
1706 1291 1860 1342 quiete

235 1362 580 1413 praecipuoque
603 1360 771 1400 ardore
800 1366 1076 1400 tractantur.
1106 1360 1488 1412 persuadereque
1516 1361 1607 1401 sibi
1638 1362 1866 1413 incipiunt

234 1432 443 1472 nonnulli
466 1431 651 1471 studere
672 1442 771 1470 nos.
797 1430 887 1481 Qui
907 1431 1030 1470 enim
1052 1431 1233 1482 logicae
1262 1431 1469 1481 student,
1494 1432 1669 1483 primas
1689 1438 1863 1482 tenent,

236 1504 443 1554 ipsorum
482 1503 623 1542 etiam
663 1502 1030 1542 commilitonum
1069 1502 1357 1552 testimonio,
1399 1503 1519 1542 inter
1558 1515 1674 1554 quos
1716 1504 1867 1543 nostri

236 1576 381 1615 multo
404 1586 509 1613 cum
530 1573 790 1613 studiorum
810 1573 995 1612 nomine
1017 1579 1061 1612 et
1082 1573 1364 1623 integritatis
1385 1580 1650 1613 versantur.

316 1646 403 1687 Sed
427 1644 551 1697 quod
578 1645 870 1696 potissimum
898 1644 957 1684 ad
984 1650 1027 1684 te
1050 1644 1346 1684 scribendum
1368 1645 1630 1695 Videbatur,
1656 1646 1866 1685 consulto

238 1719 282 1757 in
305 1718 425 1757 hanc
448 1717 656 1756 ultimam
678 1716 902 1766 epistolae
922 1722 1103 1766 partem
1124 1715 1279 1766 rejeci:
1303 1721 1353 1755 ut
1380 1716 1435 1755 de
1463 1716 1669 1756 adventu
1698 1715 1747 1755 Ρ.
1777 1715 1865 1756 Na-

239 1789 344 1828 talis
366 1787 424 1827 ad
447 1793 489 1827 te
511 1786 749 1826 referrem.
773 1786 916 1825 Multa
940 1785 1057 1825 enim
1083 1786 1195 1825 mihi
1217 1787 1271 1826 de
1294 1786 1385 1837 illo,
1417 1787 1472 1826 de
1500 1787 1586 1837 his,
1620 1798 1738 1838 quae
1770 1786 1862 1826 feli-

239 1859 423 1898 cissime
451 1869 609 1898 mense
636 1857 840 1907 integro,
879 1868 968 1908 quo
996 1857 1238 1896 nobiscum
1266 1863 1580 1897 commoratus
1608 1863 1700 1907 est,
1730 1863 1866 1908 gesta

236 1935 356 1978 sunt,
382 1927 629 1968 scribenda
652 1933 916 1978 suppetunt,
940 1928 1084 1967 multa
1105 1927 1160 1967 de
1182 1927 1271 1967 tuis
1290 1927 1598 1967 sanctissimis
1613 1928 1803 1967 statutis
1820 1934 1866 1968 et

236 2001 431 2051 legibus,
459 2011 548 2051 qua
570 2000 769 2039 fratrum
790 1999 1129 2049 expectatione,
1153 2010 1243 2049 quo
1262 1999 1523 2038 animarum
1539 1998 1711 2049 gaudio
1729 2011 1861 2044 exce-

238 2077 343 2122 ptae
364 2071 548 2120 suerint,
577 2076 752 2121 quanta
773 2081 885 2109 cura
908 2081 962 2109 ac
984 2070 1225 2120 diligentia
1247 2081 1337 2108 uno
1361 2080 1522 2109 omnes
1544 2081 1775 2109 consensu
1799 2069 1866 2109 in-

237 2141 517 2181 violabiliter
539 2152 618 2180 eas
640 2152 831 2180 servare
853 2139 1069 2192 studeant
1090 2145 1133 2179 et
1155 2151 1204 2179 se
1225 2140 1285 2179 ad
1305 2140 1488 2179 illarum
1510 2152 1724 2180 normam
1741 2140 1862 2180 effin-

238 2222 364 2262 gere,
390 2223 508 2263 quae
531 2211 670 2251 etiam
701 2223 759 2250 ex
788 2211 973 2250 illarum
1005 2210 1331 2250 observatione
1363 2210 1506 2250 animi
1533 2210 1863 2261 tranquillitas,

239 2294 346 2334 pax,
372 2283 501 2333 ordo,
526 2282 764 2322 vinculum
786 2281 1043 2331 charitatiS,
1067 2287 1266 2331 quantus
1288 2281 1485 2332 denique
1506 2280 1743 2332 profectus
1773 2280 1864 2332 spi—

237 2353 419 2393 ritualis
441 2359 685 2404 sequatur3
712 2364 829 2403 quae
860 2352 1014 2391 omnia
1035 2362 1158 2390 nunc
1180 2351 1488 2402 supprimam,
1513 2351 1733 2402 quoniam
1762 2363 1816 2390 ea
1839 2363 1866 2391 a

240 2423 288 2463 Ρ.
326 2423 480 2463 Natali
511 2423 747 2474 copiosius
777 2434 915 2462 nosse
942 2428 1090 2473 potes.
1126 2423 1280 2462 Unum
1308 2422 1440 2472 illud,
1468 2433 1525 2461 ne
1553 2433 1655 2461 meo
1686 2421 1866 2461 muneri

240 2495 401 2534 deesse
423 2494 607 2544 videar,
631 2505 723 2533 non
747 2493 1141 2544 praetermittam:
1164 2492 1460 2532 foelicissime
1482 2492 1557 2532 hic
1580 2504 1606 2532 a
1628 2491 1676 2531 P.
1699 2491 1865 2532 Natale

240 2577 339 2604 rem
361 2565 532 2605 Christi
553 2570 736 2615 gestam
757 2564 1040 2614 multamque
1060 2564 1210 2603 lucem
1227 2569 1271 2602 et
1292 2563 1464 2603 nostris
1486 2569 1530 2602 et
1549 2563 1723 2602 exteris
1743 2563 1864 2602 illius

241 2635 492 2675 adventum
529 2635 575 2674 in
601 2636 740 2675 rebus
769 2633 1015 2674 Societatis
1043 2634 1266 2673 attulisse.
1301 2633 1474 2674 Videas
1502 2645 1624 2673 nunc
1661 2633 1866 2673 omnium

241 2706 420 2745 animos
442 2706 488 2745 in
520 2717 741 2756 magnam
777 2705 1148 2756 expectationem
1184 2710 1365 2744 erectos
1399 2711 1443 2744 et
1479 2704 1703 2755 optimam
1724 2703 1867 2743 futuri

240 2777 462 2827 temporis
497 2788 626 2828 spem
655 2789 713 2816 ex
747 2783 843 2816 tam
870 2776 1005 2816 hilari
1033 2776 1198 2815 messis
1218 2775 1347 2814 initio
1384 2775 1668 2826 concepisse.
1698 2774 1865 2814 Nescio

242 2848 364 2886 enim
387 2848 495 2898 quid
517 2858 741 2898 magnum
764 2846 936 2887 Christi
955 2846 1066 2898 Jesu
1085 2846 1269 2885 bonitas
1290 2857 1348 2885 ex
1368 2846 1460 2885 tuis
1479 2846 1662 2896 legibus
1682 2844 1864 2896 pollice-

242 2924 315 2956 tur
347 2925 389 2957 et
421 2926 645 2969 tanquam
679 2930 738 2958 ex
766 2929 919 2967 ungue
948 2918 1129 2957 leonem
1159 2916 1267 2968 quid
1294 2917 1341 2956 in
1367 2922 1606 2968 posterum
1632 2916 1786 2956 futura
1807 2915 1865 2955 sit

242 2987 452 3028 Societas
486 2989 883 3028 subolfaciendum
919 2988 1134 3027 ostendit.
1163 2988 1312 3028 Tuum
1342 2993 1410 3027 est
1444 2998 1587 3038 nunc,
1611 2986 1769 3036 Pater,
1805 2985 1864 3025 ad
