2080 3392
847 235 931 272 ΑΝ.
963 235 1054 273 1554
1696 232 1767 269 633

128 333 385 373 Dominum
404 333 564 386 Jesum
584 344 669 384 pro
691 331 764 372 his
785 331 876 371 tuis
897 331 1003 371 filiis
1031 342 1168 371 orare
1195 336 1244 371 ut
1271 330 1389 371 tales
1415 342 1518 371 esse
1548 340 1765 370 curemus

126 405 291 456 quales
312 404 387 445 hic
409 410 488 444 tua
510 415 631 456 resp.
659 402 669 422 ¹
700 404 793 444 imo
817 402 991 443 Christi
1024 402 1135 455 Jesu
1161 401 1374 443 Societas
1401 401 1572 453 exigit,
1603 402 1766 454 quales

127 488 229 516 esse
256 482 365 516 tuae
394 476 513 516 istae
542 475 869 516 sanctissimae
902 475 1031 525 leges
1061 480 1106 514 et
1137 474 1305 514 docent
1332 479 1376 514 et
1410 474 1590 514 volunt.
1626 473 1763 523 Vale,

125 546 264 587 Pater
285 548 332 587 in
353 547 491 597 Chro.
514 546 625 599 Jesu
648 545 1090 596 observandissime,
1121 551 1258 597 teque
1293 545 1372 585 diu
1398 545 1488 586 Dei
1517 545 1765 586 clementia

129 619 263 658 nobis
300 619 581 658 incolumem
615 623 786 668 servet,
816 622 866 657 ut
894 617 941 657 in
977 616 1076 657 dies
1103 615 1302 668 majora,
1340 628 1459 668 quae
1494 616 1767 668 propediem

125 701 387 741 speramus,
408 688 576 740 majori
593 700 699 728 cum
716 688 891 729 Christi
907 688 1075 739 gloria,
1100 688 1184 728 sub
1204 693 1284 728 tuo
1300 687 1671 728 fortunatissimo
1689 698 1766 726 au-

130 761 292 812 spicio,
315 760 420 811 geri
441 759 593 799 adhuc
612 760 875 810 longaevus
896 759 1074 799 videas.

205 831 456 882 Compluti,
482 830 633 881 pridie
654 829 853 870 Kalend.
882 829 994 870 Maii
1017 841 1140 870 anno
1162 830 1353 870 Domini
1372 830 1498 883 Jesu,
1527 829 1641 869 1554.

207 902 261 942 R.
286 902 334 942 P.
360 902 412 941 T.

206 972 383 1014 Servus
407 973 455 1013 in
477 973 637 1013 Chisto
661 973 850 1023 inutilis,

1313 1114 1547 1156 AEGIDIUS.

206 1329 564 1381 Superscrz'ptz'o
589 1329 637 1368 in
659 1333 828 1369 octava
843 1328 1052 1380 pagina.-
1072 1330 1099 1376 †
1119 1329 1270 1382 Jesus.
1295 1328 1412 1369 Rdo.
1437 1330 1485 1369 in
1515 1328 1655 1370 Chro.
1684 1329 1766 1369 Pa-

127 1400 187 1440 tri
208 1400 268 1440 M.
294 1400 477 1451 Ignatio
500 1400 556 1441 de
582 1400 784 1452 Loyola,
814 1399 1089 1452 Praeposito
1116 1399 1338 1441 Generali
1363 1399 1611 1441 Societatis
1639 1400 1765 1454 Jesu.

206 1470 399 1512 Romae.

206 1542 318 1583 Alia
339 1555 502 1583 mann:
527 1543 642 1584 1554.
669 1543 818 1594 Quad.
843 1543 1107 1595 Compluto,
1132 1542 1207 1583 P.i
1229 1543 1336 1594 (sic)
1356 1543 1483 1595 Maji.

132 1648 186 1655 ...-

182 1704 193 1724 ¹
234 1703 299 1737 Sic,
313 1705 522 1739 respublica?
