2080 3392
390 213 452 248 114
891 212 1119 248 LlTTERAE
1145 220 1500 252 QUADRIMESTRES

383 308 508 358 quod
539 319 679 347 saeva
716 307 857 358 pestis
892 306 966 346 hic
1001 305 1174 346 scholis
1209 305 1423 345 omnibus
1454 305 1701 346 occluserit
1735 307 1926 358 ostium,
1965 315 2010 348 et

384 384 710 430 praeceptores
732 378 848 417 alios
869 388 974 416 cum
995 375 1215 416 studiosis
1236 382 1280 415 et
1300 375 1464 416 aulicis
1486 377 1698 417 omnibus
1725 377 1832 417 hinc
1854 378 2013 429 profli-

383 449 527 498 gavit.
552 448 733 488 Interea
760 458 894 498 vero,
928 446 1037 486 dum
1067 447 1299 498 permulta
1329 445 1569 486 hominum
1598 447 1742 487 millia
1776 448 1850 488 hic
1879 455 2008 500 peste

384 521 628 569 intereunt,
653 524 696 558 et
716 529 893 569 paucos
914 518 1100 569 quidem
1121 517 1243 557 intra
1266 529 1470 567 menses,
1501 518 1604 558 sani
1631 519 1783 559 adhuc
1814 532 1869 559 ac
1899 520 2007 560 laeti

384 603 482 640 nos,
505 590 692 629 favente
715 588 915 637 Christo,
939 588 1156 628 vivimus.
1180 588 1346 628 Patres
1368 588 1427 628 ad
1454 588 1663 629 infirmos
1686 590 1914 630 accedunt
1943 590 2010 630 in-

382 661 558 712 trepide
579 660 808 710 nullisque
828 659 1055 699 hactenus
1077 659 1147 699 sui
1169 659 1353 710 copiam
1375 659 1687 710 denegarunt,
1717 661 1870 711 parati
1891 672 2004 701 sem-

381 744 461 783 per
482 738 525 771 et
546 730 745 781 expositi
767 730 825 769 ad
841 728 1154 780 dispensanda
1172 729 1427 780 quibusvis,
1448 730 1588 770 etiam
1609 730 1738 781 peste
1756 732 2004 771 laboranti-

380 803 464 842 bus
487 801 512 852 ¹,
536 805 847 841 sacramenta.
879 799 1055 840 Diebus
1083 801 1292 850 veneris,
1326 812 1432 840 cum
1461 813 1519 840 ex
1547 801 1735 841 decreto
1768 802 1915 852 Regio
1948 803 2005 842 ad

380 872 665 924 precandum
684 871 865 923 publice
886 871 1041 911 cuncti
1062 872 1315 911 convenire
1339 871 1590 922 debebant,
1615 873 1763 912 nostri
1790 873 1888 912 fere
1918 874 2006 913 soli

378 956 435 984 ex
455 950 551 984 toto
573 943 823 994 gymnasio
845 947 890 982 et
913 943 1036 982 clero
1054 949 1324 992 cernuntur,
1346 943 1423 994 qui
1441 943 1631 982 stationi
1646 943 1711 983 illi
1727 944 1941 994 publicae
1959 945 2005 984 in

377 1026 559 1054 summo
596 1014 765 1064 templo
796 1012 809 1031 ²
838 1013 1131 1053 continenter
1160 1014 1396 1064 intersint,
1426 1012 1563 1064 idque
1590 1025 1683 1054 non
1704 1014 1803 1054 sine
1833 1026 2006 1066 magna

377 1086 606 1125 bonorum
629 1084 951 1124 aedificatione
972 1091 1017 1124 et
1039 1084 1379 1124 consolatione.

456 1155 641 1196 Addam
662 1155 717 1195 de
739 1154 840 1194 R.d0
864 1155 936 1194 Re
958 1154 1160 1205 Canisio,
1190 1156 1280 1206 qui,
1311 1161 1641 1206 praeterquam
1669 1156 1792 1207 quod
1818 1156 2002 1196 inferio-

374 1238 476 1266 rum
500 1227 716 1266 classium
740 1232 809 1265 est
836 1225 959 1265 domi
988 1226 1275 1277 praefectus,
1307 1238 1469 1266 curam
1490 1227 1631 1266 etiam
1653 1227 1862 1267 sedulam
1882 1227 2005 1277 gerit

373 1309 547 1347 eorum,
572 1298 649 1348 qui
672 1298 717 1336 in
742 1297 1010 1337 carceribus
1033 1297 1297 1336 detinentur
1318 1296 1346 1336 ⁵.
1372 1297 1446 1348 Hi,
1471 1309 1575 1337 cum
1598 1298 1678 1338 vix
1699 1304 1795 1337 toto
1818 1297 2003 1349 quidem

372 1381 494 1408 anno
516 1369 657 1407 semel
680 1374 834 1417 antea,
859 1379 983 1407 nunc
1005 1367 1153 1407 eidem
1173 1368 1359 1419 saepius
1381 1368 1678 1419 confitentur,
1704 1368 2001 1420 quemadmo-

371 1439 479 1478 dum
501 1445 546 1478 et
566 1439 645 1478 alii
669 1451 725 1478 ex
747 1439 878 1489 plebe
901 1439 1183 1489 complures.
1213 1438 1370 1489 Nuper
1399 1450 1505 1478 cum
1532 1451 1556 1478 e
1584 1439 1785 1479 vinculis
1813 1439 2004 1490 quidam

370 1510 429 1549 ad
450 1509 731 1561 supplicium
753 1509 1044 1559 educeretur,
1068 1509 1208 1548 Pater
1229 1509 1351 1548 idern
1372 1509 1489 1549 fidus
1510 1510 1575 1549 illi
1596 1510 1808 1550 hortator
1829 1516 1873 1550 et
1895 1522 2001 1550 con-

369 1581 544 1620 solator
565 1580 727 1630 adfuit‚
753 1586 796 1620 et
817 1580 885 1620 sic
907 1580 1086 1619 adiuvit
1108 1580 1329 1620 miserum
1351 1580 1398 1619 in
1425 1580 1608 1631 publico
1631 1581 1926 1629 morientem,
1952 1587 2002 1621 ut

368 1652 598 1702 spectanti
631 1651 835 1702 undique
864 1652 1037 1702 populo
1066 1663 1159 1690 non
1186 1662 1366 1702 parvae
1392 1651 1530 1691 fuerit
1558 1651 1891 1703 aedificationi;
1924 1652 2002 1692 ubi

368 1723 688 1772 concionatur,
713 1722 871 1773 plures
892 1722 952 1761 ad
973 1733 1078 1761 eum
1099 1733 1239 1773 quam
1260 1727 1398 1761 antea
1428 1722 1713 1762 conveniunt
1742 1722 1997 1773 auditores,

366 1794 580 1844 bonaque
601 1793 735 1832 nobis
757 1793 898 1832 simul
921 1798 966 1832 et
987 1793 1089 1832 aliis
1111 1804 1218 1844 spes
1240 1798 1309 1832 est
1330 1792 1431 1832 fore
1453 1799 1501 1832 ut
1522 1793 1699 1833 fructus
1716 1793 1822 1834 inde
1839 1794 2001 1833 redeat

366 1864 699 1915 amplissimus:
724 1864 842 1904 adeo
863 1864 1122 1903 ferventem
1146 1863 1300 1903 Patris
1322 1864 1526 1903 animum
1555 1870 1599 1904 et
1628 1865 1777 1904 zelum
1804 1864 1998 1904 indefes-

365 1946 467 1974 sum
490 1946 602 1985 erga
627 1935 829 1986 proximi
850 1935 1049 1974 salutern
1069 1935 1292 1974 admirari
1309 1934 1535 1985 incipiunt
1553 1934 1690 1974 modo
1709 1936 1936 1986 germani.
1960 1935 2001 1975 E

364 2006 662 2045 monasteriis
701 2006 940 2056 virginum
978 2005 1052 2045 hic
1087 2005 1178 2045 duo
1213 2011 1339 2055 sunt,
1380 2011 1424 2045 et
1457 2006 1711 2056 praecipua
1748 2006 1839 2055 illa,
1879 2017 1997 2057 quae

364 2077 681 2117 P.-Canisium
703 2078 989 2126 asciverunt,
1014 2082 1058 2116 et
1086 2076 1179 2115 iam
1210 2081 1486 2127 receperunt
1512 2082 1693 2127 patrem
1723 2082 1861 2127 atque
1891 2088 1998 2116 con-

364 2148 601 2197 fessorem,
626 2148 931 2199 eumdemque
953 2147 1039 2186 sibi
1062 2147 1253 2198 cupiunt
1275 2147 1669 2186 concionatorem.
1690 2146 1780 2187 Sed
1799 2154 1994 2187 senatus

363 2219 642 2259 Viennensis
676 2219 865 2269 rogavit
893 2224 937 2257 et
965 2218 1181 2257 exoravit
1208 2228 1290 2268 per
1321 2218 1559 2257 consulem
1589 2229 1723 2257 suum
1745 2223 1793 2257 ut
1823 2218 1869 2257 in
1902 2218 1995 2257 alio

363 2290 548 2340 templo,
573 2288 693 2340 quod
710 2289 762 2328 in
784 2294 882 2328 tota
903 2288 1091 2328 civitate
1114 2288 1225 2327 mihi
1252 2287 1436 2327 videtur
1461 2299 1563 2327 esse
1591 2294 1694 2338 post
1723 2288 1993 2328 cathedrale

363 2360 457 2400 divi
474 2359 699 2411 Stephani
718 2359 1147 2399 commodissimum
1163 2364 1206 2398 et
1228 2358 1592 2409 pulcherrimum
1610 2357 1639 2408 4,
1659 2359 1752 2398 iam
1769 2358 1993 2410 deinceps

364 2431 683 2470 concionetur.
974 2462 977 2467 ,

443 2500 530 2540 Die
552 2507 716 2541 sancto
739 2500 920 2540 Natalis
948 2499 1120 2540 Christi
1150 2511 1256 2538 cum
1284 2499 1405 2539 idem
1432 2499 1571 2539 Pater
1600 2499 1681 2539 vix
1710 2506 1815 2539 ante
1841 2500 1993 2539 lucem
2041 2492 2043 2495 ’

416 2682 425 2700 ¹
467 2683 575 2709 etiam
591 2685 689 2717 peste
704 2684 959 2710 laborantibus.
976 2682 1069 2709 Haec
1085 2682 1252 2709 Polancus
1274 2683 1448 2710 substituit
1472 2684 1545 2710 loco
1562 2683 1718 2710 vocabuli
1738 2683 1994 2716 pestilentias,

363 2730 448 2763 quod
465 2731 587 2763 scripsz‘
595 2734 649 2757 rat
666 2730 844 2758 Martinus.

415 2778 428 2797 Ξ
471 2778 557 2805 aede
573 2778 715 2804 maiore.
731 2778 916 2805 MARTINUS.

417 2824 430 2844 3
467 2825 558 2858 gerit
576 2825 891 2851 incarceratorum.
907 2824 1093 2851 MARTINUS.

415 2872 428 2891 4
465 2871 535 2898 Hoc
551 2876 626 2898 erat
642 2873 803 2905 templum
821 2872 967 2898 Sanctae
989 2870 1118 2898 Mariae
1134 2872 1175 2898 ad
1192 2871 1330 2905 Ripam,
1346 2874 1382 2898 ut
1398 2871 1514 2898 videre
1537 2876 1588 2898 est
1611 2872 1642 2899 in
1658 2871 1820 2899 Historia
1837 2872 1987 2898 Societa-

361 2919 420 2949 tz‘s,
434 2918 536 2945 Prov.
554 2919 671 2944 Anstr.
688 2927 706 2946 a
724 2920 756 2945 P.
774 2919 923 2953 Socafflz,
950 2919 1004 2946 lib.
1024 2926 1034 2945 1
1049 2918 1181 2945 -Unde
1197 2920 1284 2945 male
1310 2919 1528 2953 transcripsit
1549 2919 1634 2946 haec
1657 2919 1794 2946 Polanci
1815 2919 1989 2952 librariuS,

362 2966 415 2999 qui
430 2965 464 2992 in
480 2966 611 2998 cleron„
628 2970 650 2992 t.
666 2973 698 2996 11,
712 2974 790 3000 pag.
805 2967 866 2996 574.
882 2974 956 2993 ann.
973 2966 1051 2999 1552,
1070 2973 1101 2992 n.
1115 2965 1177 2999 373,
1196 2966 1242 2992 sic
1259 2970 1317 2992 alt:
1334 2966 1395 2992 “....
1410 2970 1446 2993 ut
1463 2966 1496 2993 in
1511 2967 1636 3000 templo
1653 2966 1692 2993 D.
1709 2966 1883 3001 Stephani,
1900 2966 1986 3001 quod

362 3015 437 3046 post
450 3013 647 3039 cathedrale
664 3013 967 3040 commodissimum
984 3016 1068 3045 erat,
1085 3013 1243 3046 deinceps
1261 3013 1548 3046 condonas-etun„
