2080 3392
270 227 341 264 668
784 222 1011 259 LITTERAE
1037 229 1392 263 QUADRIMESTRES

273 322 638 372 conglobarunt‚
662 321 809 358 altera
831 318 1059 365 virorum,
1084 316 1232 355 altera
1258 314 1517 354 mulierum.
1551 313 1796 361 Virorum,
1819 313 1903 352 sic-

273 394 338 434 uti
373 403 460 443 ego
495 391 676 442 accepi,
715 389 962 429 consilium
996 388 1063 427 sic
1104 387 1267 426 habet:
1305 385 1464 437 quinto
1501 384 1680 424 decimo
1722 394 1903 434 quoque

273 464 366 511 die,
396 462 655 514 praemissa
685 459 998 508 confessione,
1032 457 1353 497 sacratissimo
1382 455 1455 495 X.i
1484 466 1704 506 corpore,
1737 465 1828 504 quo
1858 453 1905 492 in

274 533 489 574 omnibus
510 532 729 572 fortiores
751 531 866 579 sint,
890 541 939 569 se
959 528 1279 580 praemunire3
1309 526 1415 566 fidei
1445 531 1633 566 nostrae
1664 524 1900 574 dogmata,

275 604 351 644 ubi
372 603 461 655 ipsi
482 602 749 652 didicerint,
782 600 994 640 rudiores
1026 605 1069 638 et
1103 598 1305 638 maxime
1326 608 1517 648 pueros,
1542 602 1622 635 aut
1650 595 1750 634 eius
1781 594 1903 633 insti-

274 680 425 714 tutore
455 673 700 713 destitutos
724 670 751 721 ¹,
774 671 1051 722 perdocere,
1086 669 1193 709 odia
1214 676 1257 708 et
1279 667 1568 714 inimicitias,
1601 665 1768 717 quibus
1798 665 1904 705 civi—

274 753 347 785 tas
368 746 484 784 haec
505 743 801 794 gravissime,
825 747 875 781 ut
897 740 1196 792 quotidianae
1217 738 1385 779 caedes
1406 738 1519 777 satis
1541 737 1796 784 declarant,
1829 735 1903 775 fla-

273 823 394 867 grat,
420 825 721 865 componere,
746 812 804 852 ad
827 810 1136 852 confessionis
1158 821 1213 850 ac
1232 808 1367 859 juxta
1388 807 1729 848 communionis
1752 817 1905 845 sacra-

274 892 537 926 mentorum
569 884 995 935 frequentationem
1024 891 1342 933 quoscumque
1371 884 1588 931 poterunt
1614 888 1907 929 quocumque

275 956 411 997 modo
446 956 459 974 ²
494 956 714 1005 incitare3
752 954 868 994 alios
904 953 1072 1002 verbO,
1110 958 1248 1003 prout
1283 941 1476 1002 quisque
1510 955 1820 1000 opportunum
1860 958 1908 987 se

273 1028 530 1079 comperiat
564 1026 592 1074 ⁵,
625 1025 872 1076 adjuvare3
911 1025 1117 1073 demum,
1150 1034 1208 1062 ne
1238 1022 1422 1072 singula
1453 1020 1762 1071 perscribam,
1802 1030 1906 1058 nus-

274 1110 415 1150 quam
434 1109 527 1138 non
549 1097 762 1146 exemplo
783 1101 828 1135 et
858 1106 1073 1135 sermone
1094 1093 1432 1144 rempublicam
1453 1097 1582 1131 >enam
1612 1100 1905 1141 promovere:

277 1180 462 1221 quoque
490 1167 778 1208 commodius
807 1166 854 1206 id
882 1171 1208 1216 assequantur,
1240 1163 1549 1203 decreverunt
1585 1161 1783 1210 nullum,
1820 1160 1907 1199 nisi

277 1241 550 1291 exploratae
572 1238 712 1288 vitae,
736 1236 1120 1278 contubernalem
1141 1235 1402 1274 admittere.
1426 1233 1756 1272 Foeminarum
1773 1231 1910 1282 paulo

278 1311 494 1351 diversus
524 1308 539 1327 ⁴
566 1309 728 1349 habet:
760 1308 850 1348 hae
887 1307 945 1347 ad
975 1306 1184 1357 singulas
1215 1304 1436 1344 calendas
1466 1303 1748 1342 dominicam
1783 1312 1911 1341 acce-

279 1382 392 1421 dunt
414 1391 646 1426 mensam;
671 1379 731 1419 ad
752 1379 868 1418 haec
890 1378 1152 1417 doctrinam
1182 1376 1488 1415 christianam
1518 1372 1785 1414 domesticis
1812 1377 1908 1411 tan—

278 1459 376 1492 tum
415 1452 529 1501 hae,
572 1462 677 1489 cum
713 1450 792 1489 alii
828 1449 891 1488 illi
930 1447 1172 1499 quibusvis
1211 1445 1506 1497 opportunis,
1548 1444 1762 1493 tradunt;
1802 1442 1912 1489 fuci,

279 1522 400 1573 gipsi
426 1527 471 1561 et
506 1521 551 1561 id
587 1532 736 1571 genus
772 1518 1091 1570 emplasmatis
1118 1517 1132 1536 ⁵
1162 1529 1317 1567 usum,
1356 1516 1522 1567 quibus
1557 1526 1698 1554 sexus
1732 1514 1807 1553 ille
1837 1513 1912 1552 hic

279 1595 435 1633 vultus
470 1592 738 1643 turpissime
774 1590 962 1630 inficere
999 1590 1138 1639 solet,
1176 1590 1401 1639 ipsaemet
1437 1587 1523 1627 sibi
1557 1585 1911 1632 interdixerunt,

278 1676 364 1704 nec
398 1664 606 1704 fucatam
641 1663 804 1712 ullam,
841 1660 1143 1712 quantumvis
1177 1660 1348 1699 acriter
1383 1659 1623 1707 instatem,
1660 1657 1708 1696 in
1739 1655 1915 1695 sociam

280 1736 544 1776 adsumunt.
580 1733 753 1784 Spiritu
784 1733 913 1773 viros
944 1736 1170 1782 aequant,
1207 1741 1401 1769 numero
1438 1734 1674 1780 superant.
1710 1727 1772 1767 Ut
1807 1726 1913 1773 viri,

281 1807 344 1846 ita
366 1805 595 1845 foeminae
617 1803 870 1856 quamdam
900 1802 1248 1854 praefecerunt,
1285 1801 1358 1840 cui
1389 1806 1603 1839 caeterae
1631 1809 1792 1838 omnes
1822 1808 1913 1836 mo-

279 1888 378 1917 rem
413 1882 597 1927 gerunt.
636 1875 753 1914 Tam
790 1875 878 1913 hae
914 1884 1054 1924 quam
1089 1872 1154 1912 illi
1189 1872 1363 1911 nullam
1404 1870 1692 1916 adsciscunt,
1730 1867 1820 1907 nisi
1859 1867 1915 1906 de

280 1948 421 1987 totius
442 1947 567 1986 vitae
589 1952 717 1986 statu
738 1944 1016 1985 confessam.
1042 1942 1126 1982 His
1146 1943 1320 1982 nullum
1343 1941 1584 1992 hucusque
1603 1950 1772 1979 nomen
1800 1938 1912 1978 indi-

282 2026 378 2058 tum
400 2026 468 2057 est
497 2017 526 2067 ‘²3
551 2018 615 2057 illi
627 2017 823 2067 fratres
844 2014 1165 2055 venerationes
1185 2016 1519 2053 sacrosanctae
1540 2008 1882 2050 communionis
1904 2009 1916 2026 ⁷

338 2229 347 2248 ¹
389 2228 616 2254 Emendaturn
631 2226 695 2253 sic:
712 2230 771 2252 aut
786 2225 984 2252 doctorzbus
1001 2224 1192 2250 destitutos.

338 2278 351 2295 2*
391 2282 607 2309 quocumque
623 2274 723 2300 modo
739 2274 888 2300 deletum
903 2274 945 2299 ab
961 2272 1173 2299 emendante.

337 2324 351 2343 5
389 2327 488 2357 prout
504 2323 629 2356 cuique
645 2321 865 2348 commodum
883 2320 960 2346 erit,

339 2372 353 2391 ⁴
390 2371 491 2405 paulo
507 2370 624 2396 aliter.

338 2418 352 2438 ⁵
389 2422 422 2444 et
438 2418 469 2444 id
484 2416 744 2452 genusformae
761 2415 1050 2442 medicaminum.

337 2464 351 2483 ‘³
389 2465 541 2491 “Nullum
553 2471 673 2491 nomen
688 2463 831 2490 inditum
846 2462 941 2489 initio
954 2461 1219 2495 Congregationi
1236 2460 1468 2490 foeminarum,
1483 2459 1540 2485 sed
1558 2462 1677 2492 postea
1691 2456 1919 2490 Congregatio

286 2514 495 2539 devotarum
509 2511 597 2546 Jesu
613 2512 707 2537 dicta
723 2514 804 2543 est.„
820 2509 997 2541 Polancus,
1015 2509 1149 2539 Clzron„
1163 2512 1185 2535 t.
1201 2515 1247 2534 1v.

338 2559 351 2579 ⁷
390 2559 619 2593 Congregatio
634 2558 875 2585 Venerationis
897 2556 1002 2584 SSmi.
1019 2556 1243 2583 sacramenti.
1260 2555 1446 2585 Polancus,
1462 2554 1495 2580 in
1512 2553 1691 2584 Chronico,
1707 2556 1730 2579 t.
1746 2550 1916 2578 iv.-Con—

286 2607 496 2641 gregaeione
523 2606 616 2633 della
648 2605 880 2632 Veneratz'one
901 2605 958 2631 del
979 2604 1194 2630 Santissz'mo
1219 2603 1461 2635 Sagramento.
1486 2600 1642 2627 Scfl1xos1
1654 2622 1660 2632 ,
1684 2599 1801 2625 Storz'a
1824 2598 1918 2625 della

289 2655 503 2689 Compagnia
516 2654 553 2680 di
566 2654 672 2680 Gt'esz‘c
689 2653 949 2687 appartenente
964 2651 999 2677 al
1012 2651 1131 2684 Regno
1147 2651 1184 2676 dz'
1200 2649 1342 2683 Napoli,
1356 2653 1445 2682 part.
1460 2655 1481 2678 1,
1495 2647 1551 2674 lib.
1568 2654 1590 2680 1,
1605 2654 1678 2680 cap.
1692 2644 1860 2677 x.-Quae
1877 2644 1919 2670 ab

289 2703 569 2736 augustissimae
583 2700 836 2728 Eucharistiae
851 2699 946 2726 cultu
963 2699 1005 2725 de
1021 2698 1167 2726 consilio
1183 2697 1224 2724 Β.
1240 2697 1375 2730 Ignatii
1391 2702 1517 2722 nomen
1535 2694 1666 2720 hauszt.
1690 2692 1916 2721 ORLANDINUS,

292 2750 450 2776 Historia
466 2749 652 2776 Societatis
665 2747 771 2782 sesa,
784 2751 872 2781 part.
887 2755 906 2778 1,
925 2747 981 2774 lib.
1001 2754 1071 2778 mv,
1088 2754 1118 2772 n.
1134 2744 1320 2772 ata-Aliud
1335 2747 1519 2778 praeterea
1533 2749 1653 2768 nomen
1669 2741 1721 2767 his
1746 2739 1919 2767 sodalibus

289 2797 430 2824 inditum
445 2798 509 2828 ait,
530 2798 551 2824 1.
566 2804 612 2829 c.,
629 2796 785 2822 ScumosI
799 2795 851 2822 his
866 2795 991 2821 verbis:
1007 2793 1093 2820 “Fra
1107 2794 1137 2820 le
1156 2793 1247 2827 quali
1262 2793 1374 2826 (opere
1390 2791 1421 2817 di
1443 2790 1555 2817 carita
1575 2789 1754 2819 cristiana)
1774 2786 1809 2813 fu
1831 2786 1916 2812 delle

289 2845 345 2879 piu
360 2844 559 2878 importanti
574 2851 633 2877 per
649 2843 748 2877 quell’
763 2849 824 2869 ora
838 2842 861 2869 il
876 2845 1127 2875 segretamente
1143 2846 1324 2867 osservare
1339 2846 1374 2865 se
1389 2837 1543 2872 opinione
1559 2843 1655 2862 meno
1677 2834 1840 2862 cattolica
1863 2834 1917 2866 qul

290 2892 430 2919 durasse
446 2893 598 2919 tuttavia
612 2891 644 2917 in
661 2891 793 2923 alcuno,
810 2897 828 2917 o
843 2897 879 2916 se
895 2889 936 2916 da
950 2895 1097 2923 persona
1113 2888 1174 2915 che
1191 2895 1256 2921 qua
1272 2886 1435 2920 capitava
1450 2884 1482 2911 di
1497 2884 1604 2917 fuori,
1619 2882 1647 2910 si
1669 2881 1916 2909 disseminasse.

290 2938 318 2966 E
332 2939 455 2973 perche
470 2939 547 2965 nell’
560 2938 769 2971 investigare
784 2936 983 2970 simiglianti
999 2935 1140 2962 materie
1156 2941 1309 2961 usavano
1324 2934 1358 2960 la
1373 2931 1595 2959 conveniente
1616 2933 1815 2964 segretezza
1830 2935 1864 2959 e,
1877 2927 1920 2954 ri-

291 2987 427 3014 serendo
443 2986 496 3019 poi
511 2986 543 3013 al
561 2986 594 3012 P.
610 2985 807 3012 Salmerone
818 3004 824 3016 ,
837 2991 1072 3018 cooperavano
1089 2984 1121 3009 al
1136 2986 1274 3016 segreto
1289 2981 1405 3015 riparo
1417 3002 1423 3014 ,
1446 2980 1454 3007 i
1472 2977 1705 3006 Comunicanti
1728 2984 1788 3003 con
1809 2982 1919 3002 nuovo

291 3041 491 3068 sopranome
506 3033 533 3060 si
548 3033 774 3060 chiamavano
790 3032 798 3058 i
813 3030 906 3063 Zitti,
921 3037 1123 3064 sopranome
1139 3030 1199 3056 che
1213 3036 1295 3063 pure
1311 3029 1363 3055 nel
1378 3030 1534 3062 presente
1550 3026 1578 3053 si
1593 3025 1699 3052 ode....
1711 3045 1725 3057 „
