2080 3392
1159 59 1186 93 ,a

360 216 431 253 564
870 217 1100 254 LITTERAE
1127 228 1485 261 QUADRlMESTRES

360 313 532 353 frustra
568 313 814 363 laboravit3
852 299 910 352 ad
945 313 1287 354 confessionem
1320 325 1519 366 namque
1552 317 1760 356 nonnulli
1796 317 1988 359 adducti

359 390 478 431 sunt,
503 395 699 434 quorum
719 389 898 423 mentes
919 385 1147 424 scelerum
1170 385 1372 425 vinculis
1393 386 1568 436 ligatae
1594 393 1726 426 erant
1747 392 1794 427 ut
1814 399 1987 440 corpus

358 454 535 494 ferreis.
560 453 798 494 Liberavit
819 461 923 505 post
940 455 1081 495 etiam
1097 456 1272 507 aliquot
1290 468 1347 496 ex
1365 468 1569 504 carcere,
1590 457 1882 498 intercedens
1899 471 1983 510 pro

357 525 448 564 illis
469 524 593 575 apud
615 536 710 574 eos,
736 526 900 576 quibus
923 526 1112 567 obnoxii
1133 532 1281 567 erant.
1311 527 1501 567 Fratres
1530 539 1712 579 quoque
1739 528 1847 568 laici
1866 529 1986 569 infir-

359 606 462 634 mos
477 595 746 636 visitabant.
767 597 875 645 Alii,
899 609 1015 648 quos
1033 598 1079 637 in
1096 598 1315 648 hospitali
1331 598 1638 649 reperiebant,
1659 598 1718 638 ad
1735 599 1986 639 confessio-

356 677 463 705 nem
484 672 529 706 et
550 668 925 708 communionem
944 668 1331 719 adhortabantur3
1355 669 1519 720 quibus
1536 669 1868 709 monitionibus
1884 670 1985 710 effe-

357 742 482 776 ctum
509 743 578 777 est
611 743 661 777 ut
698 738 821 789 apud
854 739 1081 790 quosdam
1116 746 1536 790 consequerentur,
1571 740 1693 790 quod
1722 739 1987 790 cupiebant.

356 806 448 847 Alii
461 808 674 848 triremes
689 809 1071 859 ingrediebantur
1088 816 1226 861 atque
1244 810 1416 850 ibidem
1433 811 1602 850 multos
1620 811 1986 851 consolabantur

351 883 396 917 et
426 878 486 918 ad
516 880 790 930 patientiam
822 881 1105 921 animabant.
1130 882 1180 921 In
1200 881 1465 932 hujusmodi
1495 882 1632 921 rebus
1654 882 1819 922 Patres
1840 883 1985 922 nostri

352 950 572 1001 occupati
593 950 780 991 fuerunt
798 958 841 991 et
859 952 1010 992 adhuc
1029 952 1213 992 assidue
1230 959 1494 1003 versantur,
1514 953 1578 992 ita
1594 958 1644 992 ut
1663 952 1912 992 videantur
1929 954 1984 993 si-

349 1030 495 1069 gnum
511 1022 755 1061 sustollere
773 1022 828 1062 de
841 1023 966 1062 omni
982 1023 1207 1073 religione
1220 1023 1336 1062 bene
1353 1023 1572 1074 sperandi
1589 1029 1633 1063 et
1645 1023 1841 1063 sanandi
1859 1024 1983 1075 quod

349 1092 396 1131 in
421 1091 493 1131 his
519 1093 635 1132 locis
666 1093 917 1133 contritum
944 1099 1057 1133 erat.
1087 1094 1144 1133 Et
1172 1104 1260 1144 quo
1290 1093 1454 1133 melius
1481 1094 1590 1134 mali
1617 1094 1791 1134 abusus
1819 1106 1877 1134 ex
1906 1106 1980 1145 po-

348 1164 455 1214 pulo
477 1163 575 1202 tolli
603 1170 788 1215 queant,
814 1176 840 1204 a
861 1164 1067 1215 Prorege
1086 1176 1238 1216 poena
1266 1165 1516 1204 constituta
1540 1171 1609 1204 est
1629 1165 1914 1215 gravissima
1936 1165 1979 1204 in

349 1245 443 1284 eos,
468 1234 546 1285 qui
566 1235 914 1285 pererraverint
933 1267 940 1285 ,
970 1235 1016 1274 in
1034 1235 1409 1286 concubinarios,
1429 1236 1475 1275 in
1493 1236 1869 1287 superstitionem
1885 1246 1978 1275 mu-

348 1305 514 1345 lierum
534 1305 846 1357 praeficarum
864 1312 908 1345 et
928 1307 1099 1346 multos
1121 1307 1320 1358 denique
1342 1307 1457 1347 alios
1478 1307 1627 1346 malos
1648 1318 1818 1346 mores.

428 1375 544 1416 Sunt
567 1382 722 1416 autem
748 1388 842 1416 non
870 1377 1008 1428 pauci
1030 1378 1108 1429 qui
1129 1389 1177 1417 se
1199 1378 1246 1418 in
1272 1384 1481 1418 nostram
1503 1376 1786 1417 Societatem
1803 1377 1976 1417 deside—

343 1452 455 1487 rant
468 1446 579 1487 dare
592 1453 636 1487 et
650 1454 820 1498 urgent
837 1447 974 1487 valde
986 1449 1317 1499 praepositum,
1339 1449 1416 1500 qui
1436 1453 1554 1489 bona
1571 1460 1652 1499 spe
1669 1448 1854 1499 quidem
1866 1447 1987 1498 jam--

343 1517 421 1557 diu
442 1518 610 1558 retenti
632 1524 754 1566 sunt,
780 1519 861 1558 sed
883 1519 947 1558 nil
968 1524 1124 1559 tamen
1146 1519 1235 1559 illis
1263 1521 1560 1571 (quamquam
1582 1519 1760 1570 egregii
1783 1518 1989 1570 juvenes.

344 1590 465 1639 sunt)
489 1589 604 1629 certi
627 1590 911 1640 promissum
933 1595 1002 1630 est
1029 1596 1137 1630 ante
1167 1591 1421 1630 adventum
1456 1589 1511 1630 R.
1541 1589 1591 1629 P.
1620 1590 1928 1630 Provincialis
1952 1590 1976 1640 ¹,

342 1660 420 1711 qui
443 1660 519 1700 diu
542 1666 820 1711 expectatus
840 1660 925 1700 fuit
947 1666 990 1700 et
1009 1660 1106 1712 jam
1127 1662 1290 1712 paucis
1311 1667 1420 1701 ante
1443 1661 1611 1701 diebus
1631 1673 1726 1700 una
1749 1672 1855 1700 cum
1870 1660 1980 1700 Pro-

341 1742 452 1782 rege
473 1731 564 1771 huc
586 1732 776 1782 appulit,
804 1737 848 1771 et
870 1738 1061 1783 propter
1082 1732 1241 1772 varias
1258 1733 1596 1783 occupationes
1613 1732 1726 1771 nihil
1744 1732 1807 1771 illi
1824 1732 1977 1772 adhuc

342 1801 422 1841 otii
444 1801 528 1842 fuit
548 1807 599 1841 ut
620 1808 779 1852 posset
802 1803 978 1853 aliquid
999 1802 1055 1842 de
1077 1802 1166 1842 illis
1189 1809 1407 1843 statuere.

420 1871 535 1913 Sunt
564 1878 810 1924 praeterea
842 1874 893 1913 25
919 1873 1151 1924 virgines,
1178 1885 1375 1925 quarum
1402 1875 1653 1914 nonnullae
1687 1874 1974 1914 nobilissimo

340 1954 513 1994 genere
541 1949 673 1983 ortae
703 1949 824 1993 sunt,
861 1956 980 1994 quae
1008 1944 1179 1983 mundo
1208 1944 1477 1984 renuntiare
1508 1944 1699 1995 cupiunt
1727 1950 1770 1984 et
1798 1944 1899 1983 Deo
1928 1945 1973 1984 in

341 2015 570 2065 castitate,
591 2015 852 2054 obedientia
872 2022 915 2054 et
933 2020 1210 2066 paupertate
1228 2015 1419 2054 servire.
1440 2015 1621 2054 Harum
1640 2015 1793 2065 gratia
1811 2015 1971 2065 gnavi-

339 2091 409 2125 ter
427 2086 609 2125 laborat
630 2084 683 2125 R.
713 2084 762 2125 Ρ.
798 2085 1106 2125 provincialis
1132 2097 1139 2135 ;
1168 2086 1401 2125 desiderat
1430 2086 1553 2125 enim
1582 2085 1685 2125 illas
1707 2097 1867 2125 omnes
1892 2087 1972 2125 uni

339 2155 441 2196 viro
477 2156 787 2207 despondere,
824 2156 1134 2209 JesuchristO,
1183 2163 1228 2196 et
1271 2156 1317 2195 in
1361 2157 1560 2207 collegio
1602 2157 1756 2208 aliquo
1803 2157 1971 2197 consti-

339 2231 484 2276 tuere,
527 2227 646 2266 sicut
667 2226 913 2266 Messanae
933 2226 1057 2277 fecit3
1081 2227 1127 2266 in
1149 2238 1203 2266 eo
1225 2232 1351 2266 totus
1371 2232 1625 2278 occupatus
1649 2233 1717 2266 est
1741 2234 1785 2267 et
1813 2239 1978 2278 spera—>

338 2308 441 2337 mus
456 2297 556 2337 fore
573 2303 622 2337 ut
638 2297 766 2337 Deus
783 2303 878 2337 tam
895 2297 984 2348 piis
1001 2297 1245 2337 conatibus
1262 2303 1451 2348 annuat,
1472 2297 1549 2349 qui
1567 2298 1729 2337 talium
1746 2304 1966 2338 votorum

338 2373 521 2408 amator
542 2374 626 2408 est.

418 2437 650 2489 Panormi,
678 2438 726 2478 10
746 2437 935 2479 Calend.
961 2438 1202 2489 Februari,
1227 2450 1349 2478 anno
1377 2439 1492 2478 1554.

416 2509 476 2550 V.
499 2509 553 2550 R.
577 2509 891 2558 Paternitatis,

416 2579 543 2620 Tuus
565 2580 785 2631 indignus
807 2591 987 2628 servus,

1224 2722 1480 2762 GERARDUS
1509 2721 1748 2762 LAPIDIUS.

388 2882 398 2902 ¹
438 2881 473 2908 P.
489 2881 539 2914 Jo.
553 2880 780 2915 Hieronymus
795 2879 1000 2908 Domenech.
