<?xml version="1.0" encoding="UTF-8"?>
<!DOCTYPE html PUBLIC "-//W3C//DTD XHTML 1.0 Transitional//EN"
    "http://www.w3.org/TR/xhtml1/DTD/xhtml1-transitional.dtd">
<html xmlns="http://www.w3.org/1999/xhtml" xml:lang="en" lang="en">
 <head>
  <title>
</title>
<meta http-equiv="Content-Type" content="text/html;charset=utf-8" />
  <meta name='ocr-system' content='tesseract 3.04.00' />
  <meta name='ocr-capabilities' content='ocr_page ocr_carea ocr_par ocr_line ocrx_word'/>
</head>
<body>
  <div class='ocr_page' id='page_1' title='image "./litteraequadrime14lain_0462.png"; bbox 0 0 2080 3392; ppageno 0'>
   <div class='ocr_carea' id='block_1_1' title="bbox 260 174 1380 220">
    <p class='ocr_par' dir='ltr' id='par_1_1' title="bbox 260 174 1380 220">
     <span class='ocr_line' id='line_1_1' title="bbox 260 174 1380 220; baseline 0.013 -17"><span class='ocrx_word' id='word_1_1' title='bbox 260 174 332 210; x_wconf 71' lang='lat'><strong>45‘3</strong></span> <span class='ocrx_word' id='word_1_2' title='bbox 772 175 997 213; x_wconf 76' lang='lat' dir='ltr'>LITTERAE</span> <span class='ocrx_word' id='word_1_3' title='bbox 1023 188 1380 220; x_wconf 80' lang='lat' dir='ltr'><strong>QUADRIMESTRES</strong></span> 
     </span>
    </p>
   </div>
   <div class='ocr_carea' id='block_1_2' title="bbox 259 480 1885 561">
    <p class='ocr_par' dir='ltr' id='par_1_2' title="bbox 259 480 1885 561">
     <span class='ocr_line' id='line_1_2' title="bbox 259 480 1885 526; baseline 0.01 -21"><span class='ocrx_word' id='word_1_4' title='bbox 259 480 507 507; x_wconf 86' lang='lat' dir='ltr'><strong>Praecedentes</strong></span> <span class='ocrx_word' id='word_1_5' title='bbox 522 480 637 508; x_wconf 85' lang='lat' dir='ltr'><strong>Patris</strong></span> <span class='ocrx_word' id='word_1_6' title='bbox 651 481 767 514; x_wconf 84' lang='lat' dir='ltr'><strong>Jacobi</strong></span> <span class='ocrx_word' id='word_1_7' title='bbox 783 482 890 510; x_wconf 88' lang='lat' dir='ltr'><strong>Miron</strong></span> <span class='ocrx_word' id='word_1_8' title='bbox 905 484 1043 512; x_wconf 79' lang='lat' dir='ltr'>litterae</span> <span class='ocrx_word' id='word_1_9' title='bbox 1060 492 1080 513; x_wconf 85' lang='lat' dir='ltr'><strong>a</strong></span> <span class='ocrx_word' id='word_1_10' title='bbox 1095 485 1199 514; x_wconf 87' lang='lat' dir='ltr'><strong>Patre</strong></span> <span class='ocrx_word' id='word_1_11' title='bbox 1214 487 1361 516; x_wconf 85' lang='lat' dir='ltr'><strong>Polanco</strong></span> <span class='ocrx_word' id='word_1_12' title='bbox 1382 489 1580 518; x_wconf 82' lang='lat' dir='ltr'><strong>emendatae</strong></span> <span class='ocrx_word' id='word_1_13' title='bbox 1596 494 1630 518; x_wconf 86' lang='lat' dir='ltr'><strong>et</strong></span> <span class='ocrx_word' id='word_1_14' title='bbox 1645 491 1678 518; x_wconf 90' lang='lat' dir='ltr'><strong>in</strong></span> <span class='ocrx_word' id='word_1_15' title='bbox 1689 493 1885 526; x_wconf 86' lang='lat' dir='ltr'><strong>provincias</strong></span> 
     </span>
     <span class='ocr_line' id='line_1_3' title="bbox 993 533 1155 561; baseline 0.012 -2"><span class='ocrx_word' id='word_1_16' title='bbox 993 533 1117 561; x_wconf 86' lang='lat' dir='ltr'><strong>missae</strong></span> <span class='ocrx_word' id='word_1_17' title='bbox 1133 534 1155 561; x_wconf 85' lang='lat'><strong>¹.</strong></span> 
     </span>
    </p>
   </div>
   <div class='ocr_carea' id='block_1_3' title="bbox 1016 733 1114 810">
    <p class='ocr_par' dir='ltr' id='par_1_3' title="bbox 1016 733 1114 810">
     <span class='ocr_line' id='line_1_4' title="bbox 1016 733 1114 810; baseline 0.01 -1"><span class='ocrx_word' id='word_1_18' title='bbox 1016 733 1114 810; x_wconf 64' lang='lat' dir='ltr'><strong>iiis</strong></span> 
     </span>
    </p>
   </div>
   <div class='ocr_carea' id='block_1_4' title="bbox 240 975 1885 2872">
    <p class='ocr_par' dir='ltr' id='par_1_4' title="bbox 332 975 1417 1029">
     <span class='ocr_line' id='line_1_5' title="bbox 332 975 1417 1029; baseline 0.007 -15"><span class='ocrx_word' id='word_1_19' title='bbox 332 975 403 1014; x_wconf 82' lang='lat' dir='ltr'><strong>Ex</strong></span> <span class='ocrx_word' id='word_1_20' title='bbox 422 976 568 1017; x_wconf 89' lang='lat' dir='ltr'><strong>literis</strong></span> <span class='ocrx_word' id='word_1_21' title='bbox 591 978 1009 1029; x_wconf 85' lang='lat' dir='ltr'><strong>quadrimestribus</strong></span> <span class='ocrx_word' id='word_1_22' title='bbox 1030 980 1185 1022; x_wconf 88' lang='lat' dir='ltr'><strong>Patris</strong></span> <span class='ocrx_word' id='word_1_23' title='bbox 1206 983 1417 1024; x_wconf 89' lang='lat' dir='ltr'><strong>Mironis.</strong></span> 
     </span>
    </p>

    <p class='ocr_par' dir='ltr' id='par_1_5' title="bbox 244 1045 1885 2232">
     <span class='ocr_line' id='line_1_6' title="bbox 331 1045 1885 1103; baseline 0.008 -18"><span class='ocrx_word' id='word_1_24' title='bbox 331 1045 521 1097; x_wconf 81' lang='lat' dir='ltr'><strong>Decem,</strong></span> <span class='ocrx_word' id='word_1_25' title='bbox 542 1059 568 1087; x_wconf 91' lang='lat' dir='ltr'><strong>a</strong></span> <span class='ocrx_word' id='word_1_26' title='bbox 585 1047 869 1090; x_wconf 77' lang='lat' dir='ltr'><strong>discessione</strong></span> <span class='ocrx_word' id='word_1_27' title='bbox 886 1050 935 1091; x_wconf 90' lang='lat' dir='ltr'><strong>P.</strong></span> <span class='ocrx_word' id='word_1_28' title='bbox 957 1050 1191 1103; x_wconf 85' lang='lat' dir='ltr'><strong>Symonis,</strong></span> <span class='ocrx_word' id='word_1_29' title='bbox 1213 1054 1374 1095; x_wconf 88' lang='lat' dir='ltr'><strong>diebus</strong></span> <span class='ocrx_word' id='word_1_30' title='bbox 1391 1055 1521 1096; x_wconf 85' lang='lat' dir='ltr'><strong>affuit</strong></span> <span class='ocrx_word' id='word_1_31' title='bbox 1542 1055 1595 1097; x_wconf 88' lang='lat' dir='ltr'><strong>R.</strong></span> <span class='ocrx_word' id='word_1_32' title='bbox 1612 1057 1664 1097; x_wconf 88' lang='lat' dir='ltr'><strong>T.</strong></span> <span class='ocrx_word' id='word_1_33' title='bbox 1684 1056 1733 1096; x_wconf 87' lang='lat' dir='ltr'><strong>P.</strong></span> <span class='ocrx_word' id='word_1_34' title='bbox 1754 1057 1885 1098; x_wconf 90' lang='lat' dir='ltr'><strong>Com-</strong></span> 
     </span>
     <span class='ocr_line' id='line_1_7' title="bbox 251 1116 1885 1174; baseline 0.009 -19"><span class='ocrx_word' id='word_1_35' title='bbox 251 1116 496 1157; x_wconf 89' lang='lat' dir='ltr'><strong>missarius</strong></span> <span class='ocrx_word' id='word_1_36' title='bbox 513 1117 560 1159; x_wconf 89' lang='lat' dir='ltr'><strong>P.</strong></span> <span class='ocrx_word' id='word_1_37' title='bbox 581 1118 899 1172; x_wconf 85' lang='lat' dir='ltr'><strong>Hieronymus</strong></span> <span class='ocrx_word' id='word_1_38' title='bbox 915 1122 1110 1174; x_wconf 79' lang='lat' dir='ltr'><strong>NataliS,</strong></span> <span class='ocrx_word' id='word_1_39' title='bbox 1129 1123 1378 1165; x_wconf 83' lang='lat' dir='ltr'><strong>Societatis</strong></span> <span class='ocrx_word' id='word_1_40' title='bbox 1395 1127 1531 1167; x_wconf 91' lang='lat' dir='ltr'><strong>nobis</strong></span> <span class='ocrx_word' id='word_1_41' title='bbox 1548 1127 1760 1168; x_wconf 89' lang='lat' dir='ltr'><strong>deferens</strong></span> <span class='ocrx_word' id='word_1_42' title='bbox 1778 1140 1885 1168; x_wconf 91' lang='lat' dir='ltr'><strong>con-</strong></span> 
     </span>
     <span class='ocr_line' id='line_1_8' title="bbox 251 1187 1884 1246; baseline 0.009 -20"><span class='ocrx_word' id='word_1_43' title='bbox 251 1187 536 1239; x_wconf 90' lang='lat' dir='ltr'><strong>stitutiones,</strong></span> <span class='ocrx_word' id='word_1_44' title='bbox 576 1200 777 1241; x_wconf 87' lang='lat' dir='ltr'><strong>quarum</strong></span> <span class='ocrx_word' id='word_1_45' title='bbox 815 1192 956 1232; x_wconf 91' lang='lat' dir='ltr'><strong>editio</strong></span> <span class='ocrx_word' id='word_1_46' title='bbox 991 1194 1229 1246; x_wconf 86' lang='lat' dir='ltr'><strong>ipsiusque</strong></span> <span class='ocrx_word' id='word_1_47' title='bbox 1269 1196 1500 1237; x_wconf 87' lang='lat' dir='ltr'><strong>adventus</strong></span> <span class='ocrx_word' id='word_1_48' title='bbox 1534 1204 1714 1238; x_wconf 91' lang='lat' dir='ltr'><strong>tantam</strong></span> <span class='ocrx_word' id='word_1_49' title='bbox 1750 1200 1884 1240; x_wconf 88' lang='lat' dir='ltr'><strong>nobis</strong></span> 
     </span>
     <span class='ocr_line' id='line_1_9' title="bbox 249 1258 1883 1309; baseline 0.008 -12"><span class='ocrx_word' id='word_1_50' title='bbox 249 1258 463 1299; x_wconf 87' lang='lat' dir='ltr'><strong>omnibus</strong></span> <span class='ocrx_word' id='word_1_51' title='bbox 490 1260 537 1300; x_wconf 90' lang='lat' dir='ltr'><strong>in</strong></span> <span class='ocrx_word' id='word_1_52' title='bbox 566 1260 769 1302; x_wconf 90' lang='lat' dir='ltr'><strong>Domino</strong></span> <span class='ocrx_word' id='word_1_53' title='bbox 794 1262 1020 1303; x_wconf 77' lang='lat' dir='ltr'><strong>laetitiam</strong></span> <span class='ocrx_word' id='word_1_54' title='bbox 1047 1271 1091 1304; x_wconf 90' lang='lat' dir='ltr'><strong>et</strong></span> <span class='ocrx_word' id='word_1_55' title='bbox 1119 1271 1298 1306; x_wconf 89' lang='lat' dir='ltr'><strong>tantam</strong></span> <span class='ocrx_word' id='word_1_56' title='bbox 1332 1267 1595 1308; x_wconf 89' lang='lat' dir='ltr'><strong>animorum</strong></span> <span class='ocrx_word' id='word_1_57' title='bbox 1625 1269 1883 1309; x_wconf 81' lang='lat' dir='ltr'><strong>innovatio-</strong></span> 
     </span>
     <span class='ocr_line' id='line_1_10' title="bbox 250 1331 1882 1387; baseline 0.008 -19"><span class='ocrx_word' id='word_1_58' title='bbox 250 1340 357 1369; x_wconf 88' lang='lat' dir='ltr'><strong>nem</strong></span> <span class='ocrx_word' id='word_1_59' title='bbox 377 1331 551 1381; x_wconf 87' lang='lat' dir='ltr'><strong>attulit,</strong></span> <span class='ocrx_word' id='word_1_60' title='bbox 576 1338 800 1383; x_wconf 85' lang='lat' dir='ltr'><strong>quantam</strong></span> <span class='ocrx_word' id='word_1_61' title='bbox 821 1334 1059 1385; x_wconf 74' lang='lat' dir='ltr'><strong>explicare</strong></span> <span class='ocrx_word' id='word_1_62' title='bbox 1080 1347 1173 1375; x_wconf 88' lang='lat' dir='ltr'><strong>non</strong></span> <span class='ocrx_word' id='word_1_63' title='bbox 1200 1337 1444 1387; x_wconf 89' lang='lat' dir='ltr'><strong>possimus.</strong></span> <span class='ocrx_word' id='word_1_64' title='bbox 1469 1338 1672 1379; x_wconf 85' lang='lat' dir='ltr'><strong>Cernere</strong></span> <span class='ocrx_word' id='word_1_65' title='bbox 1699 1346 1800 1380; x_wconf 90' lang='lat' dir='ltr'><strong>erat</strong></span> <span class='ocrx_word' id='word_1_66' title='bbox 1819 1341 1882 1380; x_wconf 90' lang='lat' dir='ltr'><strong>in-</strong></span> 
     </span>
     <span class='ocr_line' id='line_1_11' title="bbox 249 1401 1882 1461; baseline 0.007 -22"><span class='ocrx_word' id='word_1_67' title='bbox 249 1401 520 1441; x_wconf 84' lang='lat' dir='ltr'><strong>credibilem</strong></span> <span class='ocrx_word' id='word_1_68' title='bbox 541 1404 841 1444; x_wconf 77' lang='lat' dir='ltr'><strong>concordiam</strong></span> <span class='ocrx_word' id='word_1_69' title='bbox 863 1410 907 1444; x_wconf 92' lang='lat' dir='ltr'><strong>et</strong></span> <span class='ocrx_word' id='word_1_70' title='bbox 936 1417 1101 1456; x_wconf 89' lang='lat' dir='ltr'><strong>pacem</strong></span> <span class='ocrx_word' id='word_1_71' title='bbox 1123 1407 1350 1459; x_wconf 89' lang='lat' dir='ltr'><strong>omnibus,</strong></span> <span class='ocrx_word' id='word_1_72' title='bbox 1374 1414 1418 1449; x_wconf 91' lang='lat' dir='ltr'><strong>et</strong></span> <span class='ocrx_word' id='word_1_73' title='bbox 1439 1421 1613 1450; x_wconf 90' lang='lat' dir='ltr'><strong>novum</strong></span> <span class='ocrx_word' id='word_1_74' title='bbox 1635 1410 1882 1461; x_wconf 82' lang='lat' dir='ltr'><strong>quemdam</strong></span> 
     </span>
     <span class='ocr_line' id='line_1_12' title="bbox 250 1471 1881 1533; baseline 0.007 -23"><span class='ocrx_word' id='word_1_75' title='bbox 250 1471 509 1521; x_wconf 87' lang='lat' dir='ltr'><strong>fervorem,</strong></span> <span class='ocrx_word' id='word_1_76' title='bbox 548 1474 846 1526; x_wconf 87' lang='lat' dir='ltr'><strong>acrioresque</strong></span> <span class='ocrx_word' id='word_1_77' title='bbox 875 1476 934 1516; x_wconf 91' lang='lat' dir='ltr'><strong>ad</strong></span> <span class='ocrx_word' id='word_1_78' title='bbox 960 1477 1295 1527; x_wconf 87' lang='lat' dir='ltr'><strong>perfectionem</strong></span> <span class='ocrx_word' id='word_1_79' title='bbox 1325 1481 1662 1530; x_wconf 82' lang='lat' dir='ltr'><strong>capessendam</strong></span> <span class='ocrx_word' id='word_1_80' title='bbox 1691 1482 1881 1533; x_wconf 87' lang='lat' dir='ltr'><strong>spiritus</strong></span> 
     </span>
     <span class='ocr_line' id='line_1_13' title="bbox 248 1543 1880 1603; baseline 0.007 -22"><span class='ocrx_word' id='word_1_81' title='bbox 248 1549 474 1593; x_wconf 88' lang='lat' dir='ltr'><strong>sumptos.</strong></span> <span class='ocrx_word' id='word_1_82' title='bbox 500 1543 662 1596; x_wconf 90' lang='lat' dir='ltr'><strong>Coepit</strong></span> <span class='ocrx_word' id='word_1_83' title='bbox 686 1545 841 1597; x_wconf 89' lang='lat' dir='ltr'><strong>itaque</strong></span> <span class='ocrx_word' id='word_1_84' title='bbox 861 1546 933 1587; x_wconf 88' lang='lat' dir='ltr'><strong>P.r</strong></span> <span class='ocrx_word' id='word_1_85' title='bbox 955 1547 1271 1600; x_wconf 89' lang='lat' dir='ltr'><strong>Hieronymus</strong></span> <span class='ocrx_word' id='word_1_86' title='bbox 1291 1549 1472 1590; x_wconf 90' lang='lat' dir='ltr'><strong>Natalis</strong></span> <span class='ocrx_word' id='word_1_87' title='bbox 1489 1551 1757 1603; x_wconf 88' lang='lat' dir='ltr'><strong>Olisiponae</strong></span> <span class='ocrx_word' id='word_1_88' title='bbox 1775 1565 1880 1593; x_wconf 93' lang='lat' dir='ltr'><strong>con-</strong></span> 
     </span>
     <span class='ocr_line' id='line_1_14' title="bbox 248 1613 1882 1672; baseline 0.008 -21"><span class='ocrx_word' id='word_1_89' title='bbox 248 1613 514 1654; x_wconf 78' lang='lat' dir='ltr'><strong>stitutiones</strong></span> <span class='ocrx_word' id='word_1_90' title='bbox 545 1616 696 1667; x_wconf 89' lang='lat' dir='ltr'><strong>edere,</strong></span> <span class='ocrx_word' id='word_1_91' title='bbox 736 1617 783 1656; x_wconf 93' lang='lat' dir='ltr'><strong>in</strong></span> <span class='ocrx_word' id='word_1_92' title='bbox 813 1618 980 1669; x_wconf 90' lang='lat' dir='ltr'><strong>quibus</strong></span> <span class='ocrx_word' id='word_1_93' title='bbox 1010 1624 1190 1660; x_wconf 86' lang='lat' dir='ltr'><strong>tantam</strong></span> <span class='ocrx_word' id='word_1_94' title='bbox 1217 1626 1403 1672; x_wconf 92' lang='lat' dir='ltr'><strong>tamque</strong></span> <span class='ocrx_word' id='word_1_95' title='bbox 1434 1623 1646 1662; x_wconf 89' lang='lat' dir='ltr'><strong>omnibus</strong></span> <span class='ocrx_word' id='word_1_96' title='bbox 1676 1624 1882 1664; x_wconf 86' lang='lat' dir='ltr'><strong>numeris</strong></span> 
     </span>
     <span class='ocr_line' id='line_1_15' title="bbox 248 1684 1878 1741; baseline 0.008 -19"><span class='ocrx_word' id='word_1_97' title='bbox 248 1684 510 1725; x_wconf 82' lang='lat' dir='ltr'><strong>absolutam</strong></span> <span class='ocrx_word' id='word_1_98' title='bbox 531 1687 868 1738; x_wconf 86' lang='lat' dir='ltr'><strong>perfectionem</strong></span> <span class='ocrx_word' id='word_1_99' title='bbox 889 1690 1135 1741; x_wconf 89' lang='lat' dir='ltr'><strong>sensimus,</strong></span> <span class='ocrx_word' id='word_1_100' title='bbox 1154 1698 1204 1731; x_wconf 92' lang='lat' dir='ltr'><strong>ut</strong></span> <span class='ocrx_word' id='word_1_101' title='bbox 1225 1703 1347 1732; x_wconf 90' lang='lat' dir='ltr'><strong>nunc</strong></span> <span class='ocrx_word' id='word_1_102' title='bbox 1365 1693 1554 1733; x_wconf 89' lang='lat' dir='ltr'><strong>tandem</strong></span> <span class='ocrx_word' id='word_1_103' title='bbox 1575 1694 1707 1734; x_wconf 90' lang='lat' dir='ltr'><strong>nobis</strong></span> <span class='ocrx_word' id='word_1_104' title='bbox 1724 1694 1878 1734; x_wconf 82' lang='lat' dir='ltr'><strong>videa-</strong></span> 
     </span>
     <span class='ocr_line' id='line_1_16' title="bbox 248 1758 1876 1816; baseline 0.007 -22"><span class='ocrx_word' id='word_1_105' title='bbox 248 1766 350 1794; x_wconf 89' lang='lat' dir='ltr'><strong>mur</strong></span> <span class='ocrx_word' id='word_1_106' title='bbox 377 1768 541 1797; x_wconf 87' lang='lat' dir='ltr'><strong>verum</strong></span> <span class='ocrx_word' id='word_1_107' title='bbox 568 1758 696 1798; x_wconf 90' lang='lat' dir='ltr'><strong>illum</strong></span> <span class='ocrx_word' id='word_1_108' title='bbox 726 1758 974 1800; x_wconf 85' lang='lat' dir='ltr'><strong>Societatis</strong></span> <span class='ocrx_word' id='word_1_109' title='bbox 1002 1761 1216 1812; x_wconf 90' lang='lat' dir='ltr'><strong>spiritum</strong></span> <span class='ocrx_word' id='word_1_110' title='bbox 1241 1773 1500 1814; x_wconf 80' lang='lat' dir='ltr'><strong>agnoscere</strong></span> <span class='ocrx_word' id='word_1_111' title='bbox 1528 1770 1572 1804; x_wconf 91' lang='lat' dir='ltr'><strong>et</strong></span> <span class='ocrx_word' id='word_1_112' title='bbox 1602 1765 1876 1816; x_wconf 82' lang='lat' dir='ltr'><strong>intelligere,</strong></span> 
     </span>
     <span class='ocr_line' id='line_1_17' title="bbox 245 1828 1879 1886; baseline 0.007 -21"><span class='ocrx_word' id='word_1_113' title='bbox 245 1837 303 1865; x_wconf 89' lang='lat' dir='ltr'><strong>ac</strong></span> <span class='ocrx_word' id='word_1_114' title='bbox 323 1838 446 1867; x_wconf 90' lang='lat' dir='ltr'><strong>nunc</strong></span> <span class='ocrx_word' id='word_1_115' title='bbox 473 1828 670 1879; x_wconf 88' lang='lat' dir='ltr'><strong>denique</strong></span> <span class='ocrx_word' id='word_1_116' title='bbox 692 1830 880 1870; x_wconf 90' lang='lat' dir='ltr'><strong>uberem</strong></span> <span class='ocrx_word' id='word_1_117' title='bbox 908 1837 952 1871; x_wconf 91' lang='lat' dir='ltr'><strong>et</strong></span> <span class='ocrx_word' id='word_1_118' title='bbox 980 1831 1245 1872; x_wconf 87' lang='lat' dir='ltr'><strong>affluentem</strong></span> <span class='ocrx_word' id='word_1_119' title='bbox 1272 1834 1460 1874; x_wconf 88' lang='lat' dir='ltr'><strong>divinae</strong></span> <span class='ocrx_word' id='word_1_120' title='bbox 1485 1836 1668 1886; x_wconf 83' lang='lat' dir='ltr'><strong>gratiae</strong></span> <span class='ocrx_word' id='word_1_121' title='bbox 1699 1836 1746 1876; x_wconf 92' lang='lat' dir='ltr'><strong>in</strong></span> <span class='ocrx_word' id='word_1_122' title='bbox 1776 1848 1879 1876; x_wconf 89' lang='lat' dir='ltr'><strong>eam</strong></span> 
     </span>
     <span class='ocr_line' id='line_1_18' title="bbox 247 1897 1878 1958; baseline 0.007 -23"><span class='ocrx_word' id='word_1_123' title='bbox 247 1897 473 1938; x_wconf 85' lang='lat' dir='ltr'><strong>influxum</strong></span> <span class='ocrx_word' id='word_1_124' title='bbox 489 1900 745 1951; x_wconf 83' lang='lat' dir='ltr'><strong>percipere.</strong></span> <span class='ocrx_word' id='word_1_125' title='bbox 763 1900 921 1942; x_wconf 90' lang='lat' dir='ltr'><strong>Facile</strong></span> <span class='ocrx_word' id='word_1_126' title='bbox 939 1904 1166 1954; x_wconf 83' lang='lat' dir='ltr'><strong>explicari</strong></span> <span class='ocrx_word' id='word_1_127' title='bbox 1181 1916 1274 1944; x_wconf 90' lang='lat' dir='ltr'><strong>non</strong></span> <span class='ocrx_word' id='word_1_128' title='bbox 1290 1911 1443 1955; x_wconf 90' lang='lat' dir='ltr'><strong>potest</strong></span> <span class='ocrx_word' id='word_1_129' title='bbox 1460 1914 1635 1957; x_wconf 88' lang='lat' dir='ltr'><strong>quanto</strong></span> <span class='ocrx_word' id='word_1_130' title='bbox 1651 1906 1752 1946; x_wconf 80' lang='lat' dir='ltr'><strong>Rex</strong></span> <span class='ocrx_word' id='word_1_131' title='bbox 1767 1918 1878 1958; x_wconf 85' lang='lat' dir='ltr'><strong>gau-</strong></span> 
     </span>
     <span class='ocr_line' id='line_1_19' title="bbox 248 1966 1879 2028; baseline 0.007 -22"><span class='ocrx_word' id='word_1_132' title='bbox 248 1966 324 2006; x_wconf 91' lang='lat' dir='ltr'><strong>dio</strong></span> <span class='ocrx_word' id='word_1_133' title='bbox 351 1967 490 2008; x_wconf 87' lang='lat' dir='ltr'><strong>fuerit</strong></span> <span class='ocrx_word' id='word_1_134' title='bbox 526 1969 734 2021; x_wconf 84' lang='lat' dir='ltr'><strong>affectus,</strong></span> <span class='ocrx_word' id='word_1_135' title='bbox 768 1971 877 2011; x_wconf 91' lang='lat' dir='ltr'><strong>dum</strong></span> <span class='ocrx_word' id='word_1_136' title='bbox 905 1974 1260 2014; x_wconf 88' lang='lat' dir='ltr'><strong>constitutiones</strong></span> <span class='ocrx_word' id='word_1_137' title='bbox 1286 1975 1536 2027; x_wconf 83' lang='lat' dir='ltr'><strong>praelegit,</strong></span> <span class='ocrx_word' id='word_1_138' title='bbox 1568 1988 1687 2028; x_wconf 85' lang='lat' dir='ltr'><strong>quae</strong></span> <span class='ocrx_word' id='word_1_139' title='bbox 1716 1983 1765 2017; x_wconf 91' lang='lat' dir='ltr'><strong>ut</strong></span> <span class='ocrx_word' id='word_1_140' title='bbox 1792 1978 1879 2018; x_wconf 89' lang='lat' dir='ltr'><strong>sibi</strong></span> 
     </span>
     <span class='ocr_line' id='line_1_20' title="bbox 244 2039 1880 2098; baseline 0.007 -21"><span class='ocrx_word' id='word_1_141' title='bbox 244 2039 539 2090; x_wconf 86' lang='lat' dir='ltr'><strong>conscriptae</strong></span> <span class='ocrx_word' id='word_1_142' title='bbox 573 2040 869 2082; x_wconf 88' lang='lat' dir='ltr'><strong>traderentur</strong></span> <span class='ocrx_word' id='word_1_143' title='bbox 905 2045 1108 2094; x_wconf 82' lang='lat' dir='ltr'><strong>rogavit.</strong></span> <span class='ocrx_word' id='word_1_144' title='bbox 1148 2045 1380 2085; x_wconf 88' lang='lat' dir='ltr'><strong>Videntur</strong></span> <span class='ocrx_word' id='word_1_145' title='bbox 1414 2058 1598 2098; x_wconf 89' lang='lat' dir='ltr'><strong>semper</strong></span> <span class='ocrx_word' id='word_1_146' title='bbox 1630 2047 1819 2088; x_wconf 89' lang='lat' dir='ltr'><strong>lusitani</strong></span> <span class='ocrx_word' id='word_1_147' title='bbox 1848 2049 1880 2088; x_wconf 91' lang='lat' dir='ltr'><strong>ii</strong></span> 
     </span>
     <span class='ocr_line' id='line_1_21' title="bbox 245 2109 1876 2161; baseline 0.007 -13"><span class='ocrx_word' id='word_1_148' title='bbox 245 2109 480 2161; x_wconf 90' lang='lat' dir='ltr'><strong>principes</strong></span> <span class='ocrx_word' id='word_1_149' title='bbox 501 2110 660 2151; x_wconf 87' lang='lat' dir='ltr'><strong>divino</strong></span> <span class='ocrx_word' id='word_1_150' title='bbox 682 2112 904 2154; x_wconf 90' lang='lat' dir='ltr'><strong>instinctu</strong></span> <span class='ocrx_word' id='word_1_151' title='bbox 926 2114 985 2154; x_wconf 92' lang='lat' dir='ltr'><strong>ad</strong></span> <span class='ocrx_word' id='word_1_152' title='bbox 1002 2113 1285 2156; x_wconf 83' lang='lat' dir='ltr'><strong>Societatem</strong></span> <span class='ocrx_word' id='word_1_153' title='bbox 1305 2122 1516 2157; x_wconf 89' lang='lat' dir='ltr'><strong>nostram</strong></span> <span class='ocrx_word' id='word_1_154' title='bbox 1534 2124 1578 2157; x_wconf 91' lang='lat' dir='ltr'><strong>et</strong></span> <span class='ocrx_word' id='word_1_155' title='bbox 1595 2130 1876 2160; x_wconf 90' lang='lat' dir='ltr'><strong>conservan-</strong></span> 
     </span>
     <span class='ocr_line' id='line_1_22' title="bbox 245 2180 847 2232; baseline 0.005 -14"><span class='ocrx_word' id='word_1_156' title='bbox 245 2180 354 2219; x_wconf 88' lang='lat' dir='ltr'><strong>dam</strong></span> <span class='ocrx_word' id='word_1_157' title='bbox 374 2187 418 2220; x_wconf 93' lang='lat' dir='ltr'><strong>et</strong></span> <span class='ocrx_word' id='word_1_158' title='bbox 439 2182 705 2232; x_wconf 80' lang='lat' dir='ltr'><strong>augendam</strong></span> <span class='ocrx_word' id='word_1_159' title='bbox 726 2182 847 2223; x_wconf 92' lang='lat' dir='ltr'><strong>duci.</strong></span> 
     </span>
    </p>

    <p class='ocr_par' dir='ltr' id='par_1_6' title="bbox 240 2250 1877 2872">
     <span class='ocr_line' id='line_1_23' title="bbox 324 2250 1877 2310; baseline 0.007 -20"><span class='ocrx_word' id='word_1_160' title='bbox 324 2250 487 2302; x_wconf 86' lang='lat' dir='ltr'><strong>Coepit</strong></span> <span class='ocrx_word' id='word_1_161' title='bbox 509 2253 665 2304; x_wconf 88' lang='lat' dir='ltr'><strong>itaque</strong></span> <span class='ocrx_word' id='word_1_162' title='bbox 687 2265 908 2294; x_wconf 89' lang='lat' dir='ltr'><strong>numerus</strong></span> <span class='ocrx_word' id='word_1_163' title='bbox 927 2267 1101 2307; x_wconf 90' lang='lat' dir='ltr'><strong>eorum,</strong></span> <span class='ocrx_word' id='word_1_164' title='bbox 1122 2257 1201 2308; x_wconf 92' lang='lat' dir='ltr'><strong>qui</strong></span> <span class='ocrx_word' id='word_1_165' title='bbox 1221 2262 1319 2297; x_wconf 91' lang='lat' dir='ltr'><strong>tum</strong></span> <span class='ocrx_word' id='word_1_166' title='bbox 1336 2258 1393 2297; x_wconf 90' lang='lat' dir='ltr'><strong>ad</strong></span> <span class='ocrx_word' id='word_1_167' title='bbox 1412 2259 1676 2310; x_wconf 86' lang='lat' dir='ltr'><strong>conciones,</strong></span> <span class='ocrx_word' id='word_1_168' title='bbox 1699 2266 1797 2301; x_wconf 92' lang='lat' dir='ltr'><strong>tum</strong></span> <span class='ocrx_word' id='word_1_169' title='bbox 1818 2262 1877 2301; x_wconf 89' lang='lat' dir='ltr'><strong>ad</strong></span> 
     </span>
     <span class='ocr_line' id='line_1_24' title="bbox 242 2321 1877 2381; baseline 0.007 -21"><span class='ocrx_word' id='word_1_170' title='bbox 242 2321 416 2361; x_wconf 85' lang='lat' dir='ltr'><strong>Christi</strong></span> <span class='ocrx_word' id='word_1_171' title='bbox 438 2322 699 2364; x_wconf 85' lang='lat' dir='ltr'><strong>doctrinam</strong></span> <span class='ocrx_word' id='word_1_172' title='bbox 721 2325 1002 2365; x_wconf 90' lang='lat' dir='ltr'><strong>audiendam</strong></span> <span class='ocrx_word' id='word_1_173' title='bbox 1023 2326 1331 2379; x_wconf 87' lang='lat' dir='ltr'><strong>confluebant,</strong></span> <span class='ocrx_word' id='word_1_174' title='bbox 1362 2328 1426 2368; x_wconf 89' lang='lat' dir='ltr'><strong>ita</strong></span> <span class='ocrx_word' id='word_1_175' title='bbox 1453 2330 1632 2381; x_wconf 85' lang='lat' dir='ltr'><strong>augeri,</strong></span> <span class='ocrx_word' id='word_1_176' title='bbox 1669 2336 1718 2371; x_wconf 89' lang='lat' dir='ltr'><strong>ut</strong></span> <span class='ocrx_word' id='word_1_177' title='bbox 1744 2332 1877 2372; x_wconf 89' lang='lat' dir='ltr'><strong>multi</strong></span> 
     </span>
     <span class='ocr_line' id='line_1_25' title="bbox 243 2392 1872 2454; baseline 0.007 -23"><span class='ocrx_word' id='word_1_178' title='bbox 243 2392 433 2432; x_wconf 90' lang='lat' dir='ltr'><strong>domum</strong></span> <span class='ocrx_word' id='word_1_179' title='bbox 454 2394 674 2445; x_wconf 86' lang='lat' dir='ltr'><strong>redirent,</strong></span> <span class='ocrx_word' id='word_1_180' title='bbox 699 2395 822 2446; x_wconf 93' lang='lat' dir='ltr'><strong>quod</strong></span> <span class='ocrx_word' id='word_1_181' title='bbox 843 2407 922 2436; x_wconf 92' lang='lat' dir='ltr'><strong>eos</strong></span> <span class='ocrx_word' id='word_1_182' title='bbox 944 2398 1182 2449; x_wconf 87' lang='lat' dir='ltr'><strong>templum,</strong></span> <span class='ocrx_word' id='word_1_183' title='bbox 1206 2399 1293 2438; x_wconf 92' lang='lat' dir='ltr'><strong>etsi</strong></span> <span class='ocrx_word' id='word_1_184' title='bbox 1310 2400 1424 2440; x_wconf 85' lang='lat' dir='ltr'><strong>satis</strong></span> <span class='ocrx_word' id='word_1_185' title='bbox 1446 2412 1612 2451; x_wconf 82' lang='lat' dir='ltr'><strong>capax,</strong></span> <span class='ocrx_word' id='word_1_186' title='bbox 1632 2413 1724 2441; x_wconf 90' lang='lat' dir='ltr'><strong>non</strong></span> <span class='ocrx_word' id='word_1_187' title='bbox 1742 2414 1872 2454; x_wconf 89' lang='lat' dir='ltr'><strong>cape-</strong></span> 
     </span>
     <span class='ocr_line' id='line_1_26' title="bbox 245 2463 1875 2523; baseline 0.007 -22"><span class='ocrx_word' id='word_1_188' title='bbox 245 2468 330 2502; x_wconf 88' lang='lat' dir='ltr'><strong>ret.</strong></span> <span class='ocrx_word' id='word_1_189' title='bbox 368 2463 462 2503; x_wconf 89' lang='lat' dir='ltr'><strong>Alii</strong></span> <span class='ocrx_word' id='word_1_190' title='bbox 495 2476 609 2504; x_wconf 85' lang='lat' dir='ltr'><strong>vero</strong></span> <span class='ocrx_word' id='word_1_191' title='bbox 641 2466 843 2506; x_wconf 89' lang='lat' dir='ltr'><strong>mirabili</strong></span> <span class='ocrx_word' id='word_1_192' title='bbox 880 2467 1084 2518; x_wconf 87' lang='lat' dir='ltr'><strong>quodam</strong></span> <span class='ocrx_word' id='word_1_193' title='bbox 1118 2467 1305 2509; x_wconf 86' lang='lat' dir='ltr'><strong>fervore</strong></span> <span class='ocrx_word' id='word_1_194' title='bbox 1340 2471 1386 2510; x_wconf 92' lang='lat' dir='ltr'><strong>in</strong></span> <span class='ocrx_word' id='word_1_195' title='bbox 1418 2472 1612 2523; x_wconf 89' lang='lat' dir='ltr'><strong>templo,</strong></span> <span class='ocrx_word' id='word_1_196' title='bbox 1650 2473 1875 2514; x_wconf 89' lang='lat' dir='ltr'><strong>concione</strong></span> 
     </span>
     <span class='ocr_line' id='line_1_27' title="bbox 244 2534 1873 2590; baseline 0.007 -18"><span class='ocrx_word' id='word_1_197' title='bbox 244 2534 423 2584; x_wconf 88' lang='lat' dir='ltr'><strong>audita,</strong></span> <span class='ocrx_word' id='word_1_198' title='bbox 447 2534 587 2574; x_wconf 88' lang='lat' dir='ltr'><strong>ieiuni</strong></span> <span class='ocrx_word' id='word_1_199' title='bbox 608 2537 872 2587; x_wconf 88' lang='lat' dir='ltr'><strong>manebant,</strong></span> <span class='ocrx_word' id='word_1_200' title='bbox 898 2549 955 2577; x_wconf 91' lang='lat' dir='ltr'><strong>ne</strong></span> <span class='ocrx_word' id='word_1_201' title='bbox 976 2544 1081 2589; x_wconf 90' lang='lat' dir='ltr'><strong>post</strong></span> <span class='ocrx_word' id='word_1_202' title='bbox 1101 2540 1350 2590; x_wconf 87' lang='lat' dir='ltr'><strong>prandium</strong></span> <span class='ocrx_word' id='word_1_203' title='bbox 1371 2541 1502 2581; x_wconf 91' lang='lat' dir='ltr'><strong>locus</strong></span> <span class='ocrx_word' id='word_1_204' title='bbox 1523 2541 1582 2582; x_wconf 89' lang='lat' dir='ltr'><strong>ad</strong></span> <span class='ocrx_word' id='word_1_205' title='bbox 1604 2542 1777 2583; x_wconf 90' lang='lat' dir='ltr'><strong>Christi</strong></span> <span class='ocrx_word' id='word_1_206' title='bbox 1797 2544 1873 2584; x_wconf 92' lang='lat' dir='ltr'><strong>do-</strong></span> 
     </span>
     <span class='ocr_line' id='line_1_28' title="bbox 242 2604 1873 2665; baseline 0.008 -23"><span class='ocrx_word' id='word_1_207' title='bbox 242 2604 443 2644; x_wconf 88' lang='lat' dir='ltr'><strong>ctrinam</strong></span> <span class='ocrx_word' id='word_1_208' title='bbox 479 2605 758 2646; x_wconf 88' lang='lat' dir='ltr'><strong>audiendam</strong></span> <span class='ocrx_word' id='word_1_209' title='bbox 794 2607 990 2648; x_wconf 89' lang='lat' dir='ltr'><strong>deesset.</strong></span> <span class='ocrx_word' id='word_1_210' title='bbox 1027 2609 1386 2651; x_wconf 92' lang='lat' dir='ltr'><strong>Confessionum</strong></span> <span class='ocrx_word' id='word_1_211' title='bbox 1421 2618 1577 2652; x_wconf 88' lang='lat' dir='ltr'><strong>autem</strong></span> <span class='ocrx_word' id='word_1_212' title='bbox 1612 2613 1873 2665; x_wconf 87' lang='lat' dir='ltr'><strong>frequentia</strong></span> 
     </span>
     <span class='ocr_line' id='line_1_29' title="bbox 242 2677 1871 2729; baseline 0.008 -17"><span class='ocrx_word' id='word_1_213' title='bbox 242 2680 424 2714; x_wconf 83' lang='lat' dir='ltr'><strong>tantum</strong></span> <span class='ocrx_word' id='word_1_214' title='bbox 445 2677 641 2727; x_wconf 89' lang='lat' dir='ltr'><strong>sumpsit</strong></span> <span class='ocrx_word' id='word_1_215' title='bbox 663 2677 1014 2729; x_wconf 89' lang='lat' dir='ltr'><strong>incrementum,</strong></span> <span class='ocrx_word' id='word_1_216' title='bbox 1044 2685 1094 2719; x_wconf 94' lang='lat' dir='ltr'><strong>ut</strong></span> <span class='ocrx_word' id='word_1_217' title='bbox 1121 2692 1207 2720; x_wconf 93' lang='lat' dir='ltr'><strong>nec</strong></span> <span class='ocrx_word' id='word_1_218' title='bbox 1229 2681 1475 2722; x_wconf 90' lang='lat' dir='ltr'><strong>duodecim</strong></span> <span class='ocrx_word' id='word_1_219' title='bbox 1495 2694 1554 2722; x_wconf 83' lang='lat' dir='ltr'><strong>ex</strong></span> <span class='ocrx_word' id='word_1_220' title='bbox 1581 2685 1753 2724; x_wconf 89' lang='lat' dir='ltr'><strong>nostris</strong></span> <span class='ocrx_word' id='word_1_221' title='bbox 1775 2692 1871 2725; x_wconf 88' lang='lat' dir='ltr'><strong>tan-</strong></span> 
     </span>
     <span class='ocr_line' id='line_1_30' title="bbox 240 2746 1871 2804; baseline 0.007 -21"><span class='ocrx_word' id='word_1_222' title='bbox 240 2750 316 2783; x_wconf 82' lang='lat' dir='ltr'><strong>tae</strong></span> <span class='ocrx_word' id='word_1_223' title='bbox 337 2746 619 2786; x_wconf 85' lang='lat' dir='ltr'><strong>multitudini</strong></span> <span class='ocrx_word' id='word_1_224' title='bbox 640 2747 915 2799; x_wconf 88' lang='lat' dir='ltr'><strong>sufficerent,</strong></span> <span class='ocrx_word' id='word_1_225' title='bbox 935 2748 1242 2802; x_wconf 85' lang='lat' dir='ltr'><strong>effectumque</strong></span> <span class='ocrx_word' id='word_1_226' title='bbox 1268 2757 1338 2791; x_wconf 87' lang='lat' dir='ltr'><strong>est</strong></span> <span class='ocrx_word' id='word_1_227' title='bbox 1364 2758 1411 2791; x_wconf 88' lang='lat' dir='ltr'><strong>ut</strong></span> <span class='ocrx_word' id='word_1_228' title='bbox 1433 2764 1516 2804; x_wconf 91' lang='lat' dir='ltr'><strong>per</strong></span> <span class='ocrx_word' id='word_1_229' title='bbox 1540 2760 1685 2794; x_wconf 86' lang='lat' dir='ltr'><strong>totam</strong></span> <span class='ocrx_word' id='word_1_230' title='bbox 1702 2754 1871 2795; x_wconf 92' lang='lat' dir='ltr'><strong>hebdo-</strong></span> 
     </span>
     <span class='ocr_line' id='line_1_31' title="bbox 242 2815 1870 2872; baseline 0.007 -18"><span class='ocrx_word' id='word_1_231' title='bbox 242 2815 443 2867; x_wconf 85' lang='lat' dir='ltr'><strong>madam,</strong></span> <span class='ocrx_word' id='word_1_232' title='bbox 468 2823 566 2856; x_wconf 90' lang='lat' dir='ltr'><strong>tum</strong></span> <span class='ocrx_word' id='word_1_233' title='bbox 588 2819 960 2859; x_wconf 86' lang='lat' dir='ltr'><strong>confessionibus</strong></span> <span class='ocrx_word' id='word_1_234' title='bbox 981 2820 1236 2872; x_wconf 90' lang='lat' dir='ltr'><strong>audiendis,</strong></span> <span class='ocrx_word' id='word_1_235' title='bbox 1256 2827 1353 2862; x_wconf 92' lang='lat' dir='ltr'><strong>tum</strong></span> <span class='ocrx_word' id='word_1_236' title='bbox 1375 2823 1670 2864; x_wconf 83' lang='lat' dir='ltr'><strong>sanctissimo</strong></span> <span class='ocrx_word' id='word_1_237' title='bbox 1692 2825 1870 2866; x_wconf 88' lang='lat' dir='ltr'><strong>Eucha-</strong></span> 
     </span>
    </p>
   </div>
   <div class='ocr_carea' id='block_1_5' title="bbox 300 2975 1158 3012">
    <p class='ocr_par' dir='ltr' id='par_1_7' title="bbox 300 2975 1158 3012">
     <span class='ocr_line' id='line_1_32' title="bbox 300 2975 1158 3012; baseline 0.005 -11"><span class='ocrx_word' id='word_1_238' title='bbox 300 2976 307 2993; x_wconf 73' lang='grc' dir='ltr'>ί</span> <span class='ocrx_word' id='word_1_239' title='bbox 348 2975 604 3010; x_wconf 83' lang='lat' dir='ltr'><strong>Apographum,</strong></span> <span class='ocrx_word' id='word_1_240' title='bbox 620 2976 652 3003; x_wconf 88' lang='lat' dir='ltr'><strong>in</strong></span> <span class='ocrx_word' id='word_1_241' title='bbox 668 2977 747 3004; x_wconf 86' lang='lat' dir='ltr'><strong>folio</strong></span> <span class='ocrx_word' id='word_1_242' title='bbox 763 2977 897 3012; x_wconf 84' lang='lat' dir='ltr'><strong>duplici,</strong></span> <span class='ocrx_word' id='word_1_243' title='bbox 914 2986 967 3005; x_wconf 89' lang='lat' dir='ltr'><strong>nn.</strong></span> <span class='ocrx_word' id='word_1_244' title='bbox 982 2978 1035 3005; x_wconf 81' lang='lat'><strong>623</strong></span> <span class='ocrx_word' id='word_1_245' title='bbox 1050 2984 1082 3005; x_wconf 87' lang='lat' dir='ltr'><strong>et</strong></span> <span class='ocrx_word' id='word_1_246' title='bbox 1097 2979 1158 3005; x_wconf 68' lang='lat'>6211.</span> 
     </span>
    </p>
   </div>
  </div>
 </body>
</html>
