2080 3392
294 205 364 242 626
805 201 1031 238 LITTERAE
1058 212 1415 244 QUADRIMESTRES

294 300 433 341 Patre
466 305 626 339 nostro
662 298 815 349 coepit
851 297 1071 348 colloqui,
1101 297 1253 348 coepit
1286 297 1395 336 item
1424 298 1650 348 paulatim
1686 304 1924 350 tepescere

294 371 481 410 fervens
502 369 579 408 illa
600 368 690 418 ira,
715 368 854 407 cessit
875 368 1004 418 rigor
1026 367 1100 406 ille
1121 378 1312 417 saxeus,
1337 367 1526 418 deponit
1547 367 1621 407 vir
1644 368 1801 409 odium
1819 402 1825 419 ,
1861 370 1925 410 in-

289 440 459 491 juriam
480 439 692 486 remittit,
723 449 1032 489 uxoremque,
1063 438 1212 489 sopita
1245 437 1495 477 abolitione
1527 438 1626 487 lite,
1659 438 1707 478 in
1737 439 1925 480 domum

294 510 492 560 reducit,
522 510 758 560 multoque
784 520 908 548 nunc
935 508 1101 559 majori
1131 520 1271 559 quam
1297 520 1503 560 unquam
1531 509 1705 549 amoris
1735 509 1924 551 vinculo

296 579 656 631 conjunguntur.
679 579 830 619 Tanta
852 585 920 619 est
941 579 1013 618 vis
1034 579 1225 630 spiritus
1247 579 1393 619 divini
1413 585 1601 631 tamque
1629 580 1828 631 ignitum
1856 586 1925 620 est

295 651 490 691 verbum
516 650 625 701 Dei,
656 657 705 690 ut
732 662 758 689 a
793 650 913 690 facie
947 650 1089 700 illius,
1128 650 1444 701 quamtumvis
1480 650 1730 691 durissima
1763 651 1923 699 corda,

294 722 412 761 sicut
447 733 575 772 cera,
608 721 881 773 liquescant.
916 720 1068 760 Ambo
1104 732 1227 760 nunc
1262 720 1583 760 communibus
1619 721 1743 761 votis
1773 733 1926 761 corre-

295 793 437 832 ctioni
456 792 581 831 vitae
602 792 820 831 insistunt
841 797 883 831 et
904 796 1308 831 sacramentorum
1338 790 1650 842 frequentiam
1681 798 1922 843 exoptant,

294 867 344 902 ut
363 863 497 902 facile
519 863 626 902 hinc
647 862 798 902 cuivis
819 867 1044 913 appareat
1066 872 1183 912 opus
1202 861 1323 901 illius
1351 860 1514 911 fuisse,
1545 863 1623 913 qui
1657 874 1817 902 omnes
1845 862 1924 902 ho-

293 933 439 973 mines
460 934 558 972 vult
579 933 740 972 salvos
761 932 861 972 fieri
880 938 924 972 et
946 932 1005 971 ad
1027 932 1314 982 agnitionem
1335 932 1548 972 veritatis
1569 933 1746 972 venire.

371 1003 459 1044 Sed
482 1004 642 1055 accipe
661 1015 784 1044 nunc
802 1004 998 1043 alterum
1015 1002 1122 1042 huic
1138 1014 1232 1042 non
1249 1002 1485 1042 dissimile.
1507 1003 1707 1053 Quidam
1726 1004 1923 1055 colapho

293 1086 459 1114 caesus
481 1081 573 1124 est,
597 1086 692 1114 non
712 1074 897 1114 infimae
919 1073 1196 1114 conditionis
1219 1074 1379 1124 homo,
1404 1080 1449 1113 et
1471 1073 1517 1113 id
1538 1074 1724 1125 quidem
1745 1075 1792 1114 in
1813 1081 1924 1114 tem-

292 1146 389 1195 plo,
413 1145 534 1196 quod
557 1146 676 1185 inter
696 1144 951 1196 Hispaniae
973 1145 1276 1184 celeberrima
1296 1157 1390 1184 non
1418 1150 1487 1184 est
1517 1145 1750 1196 ultimum,
1785 1151 1924 1196 atque

291 1216 338 1254 in
359 1215 590 1267 frequenti
611 1215 850 1256 hominum
872 1221 1126 1265 conventu3
1159 1227 1278 1266 quae
1308 1214 1476 1266 injuria
1510 1215 1715 1255 omnium
1744 1216 1922 1266 gravis-

294 1287 413 1326 sima
435 1287 558 1337 apud
578 1292 813 1326 nostrates
835 1292 1050 1326 censetur
1072 1297 1157 1325 nec
1185 1286 1274 1325 nisi
1301 1292 1451 1326 morte
1481 1292 1560 1326 aut
1592 1287 1820 1337 sanguine
1849 1299 1924 1326 ex-

288 1357 407 1408 piari
432 1358 564 1396 solet.
589 1356 741 1407 Quam
762 1356 1018 1396 vindictam
1039 1357 1177 1396 homo
1200 1357 1274 1396 ille
1291 1355 1389 1407 jam
1414 1357 1634 1408 parabat,
1669 1358 1924 1397 instructus

290 1428 547 1467 amicorum
569 1427 796 1476 consiliis,
822 1428 1061 1467 accinctus
1083 1427 1288 1467 affinium
1309 1427 1468 1479 copiis.
1492 1427 1710 1468 Habebat
1732 1428 1856 1467 enim
1877 1428 1923 1468 in

289 1511 342 1538 ea
363 1499 476 1538 urbe
497 1510 590 1538 non
620 1510 820 1549 anCOS,
850 1510 935 1538 nec
962 1492 1211 1549 ignobiles,
1245 1498 1322 1550 qui
1357 1511 1410 1538 eo
1438 1499 1684 1549 urgentius
1717 1499 1923 1539 animum

287 1567 488 1609 hominis
516 1570 574 1609 ad
604 1570 650 1609 id
681 1569 988 1620 instigabant,
1027 1582 1117 1620 quo
1152 1570 1303 1620 magis
1339 1570 1426 1609 sibi
1458 1576 1793 1621 persuaserant
1829 1582 1923 1610 non

287 1641 420 1680 aliter
442 1641 667 1680 honorem
689 1641 867 1680 laesum
888 1640 973 1679 sibi
994 1651 1130 1691 posse
1153 1640 1346 1680 restitui.
1370 1635 1649 1680 Induruerat
1680 1652 1792 1691 ergo
1822 1642 1918 1681 ani-

286 1723 389 1751 mus
415 1711 615 1751 hominis
642 1711 701 1751 ad
727 1711 911 1750 illorum
938 1722 1101 1761 voces,
1132 1711 1207 1762 qui
1240 1711 1367 1751 illum
1394 1711 1453 1751 ad
1484 1712 1920 1752 reconciliationem

285 1782 670 1831 exhortabantur,
695 1788 754 1831 et,
779 1793 868 1832 quo
890 1782 1042 1831 magis
1064 1782 1300 1831 orabatur,
1326 1794 1379 1821 eo
1401 1782 1737 1822 inexorabilior
1758 1782 1911 1822 fiebat.

284 1853 386 1892 Hoc
408 1865 549 1892 unum
567 1852 756 1892 tandem
773 1853 830 1891 ab
847 1853 923 1892 illo
941 1853 1209 1903 impetravit
1226 1853 1298 1892 vir
1316 1853 1504 1904 quidam
1522 1864 1734 1893 summae
1754 1853 1914 1893 autho-

283 1923 435 1963 ritatis
457 1930 501 1963 et
524 1923 746 1972 nominis,
771 1921 902 1973 cujus
923 1923 1019 1962 vita
1042 1929 1085 1962 et
1107 1923 1320 1963 doctrina
1343 1923 1467 1974 apud
1499 1929 1685 1963 nostros
1715 1936 1840 1964 nunc
1872 1924 1919 1964 in

283 1995 432 2045 pretio
454 1994 698 2043 habentur,
730 2000 778 2033 ut
805 2005 963 2033 secum
994 1995 1133 2033 Vellet
1163 1995 1221 2033 ad
1247 2006 1331 2034 nos
1360 1995 1536 2034 venire.
1567 1995 1746 2034 Annuit
1778 1994 1918 2034 homo

284 2070 327 2104 et
349 2065 471 2116 quod
493 2065 736 2115 impudens
753 2064 1000 2103 videbatur
1022 2064 1109 2103 viri
1125 2064 1395 2115 gravissimi
1416 2071 1511 2104 tarn
1530 2064 1685 2115 justae
1702 2065 1913 2115 petitioni

283 2147 376 2175 non
398 2136 696 2186 acquiescere
719 2140 762 2175 et
784 2134 907 2186 quod
929 2141 1110 2174 tantum
1137 2135 1223 2175 sibi
1254 2135 1309 2175 de
1339 2135 1505 2175 duritie
1539 2137 1609 2175 sui
1641 2136 1786 2176 animi
1815 2147 1919 2187 pro·

283 2206 492 2256 miserat,
518 2212 566 2245 ut
586 2207 723 2246 nullis
744 2205 960 2256 precibus
981 2206 1105 2245 nullo
1129 2205 1325 2257 denique
1347 2206 1484 2246 modo
1505 2218 1643 2257 posse
1664 2206 1789 2246 flecti
1821 2207 1915 2246 exi-

283 2277 508 2316 stimaret.
529 2277 744 2317 Nondum
767 2278 888 2317 enim
911 2283 1130 2328 expertus
1150 2276 1301 2316 suerat
1324 2278 1446 2328 quod
1463 2283 1644 2328 postea,
1667 2277 1826 2317 divina
1849 2278 1916 2317 sic

281 2348 467 2387 volente
488 2348 823 2397 misericordia,
849 2360 967 2399 quae
989 2348 1128 2387 etiam
1150 2348 1379 2399 fugientes
1403 2348 1461 2388 ad
1483 2360 1531 2387 se
1551 2349 1769 2396 attrahit,
1798 2349 1845 2388 in
1866 2360 1915 2388 se

282 2418 489 2469 periculo
513 2419 860 2469 comprobavit,
882 2424 1055 2470 quanta
1077 2419 1133 2458 sit
1156 2419 1288 2458 verbi
1311 2418 1456 2458 divini
1478 2418 1690 2469 dulcedo,
1715 2430 1805 2470 qua
1828 2419 1912 2469 nil,

284 2489 584 2539 quantumvis
608 2501 841 2540 asperum,
864 2501 956 2528 non
979 2489 1220 2539 mollescit,
1245 2495 1416 2540 quanta
1438 2490 1496 2528 sit
1519 2490 1668 2529 virtus
1686 2496 1730 2529 et
1753 2496 1914 2540 poten-

281 2560 346 2599 tia
366 2568 414 2598 ut
436 2559 673 2609 duritiem,
695 2560 995 2610 quantumvis
1016 2571 1223 2609 saxeam,
1247 2560 1394 2610 possit
1421 2559 1686 2610 effringere.
1720 2559 1914 2599 Duobus

281 2630 403 2669 enim
425 2637 503 2669 aut
524 2630 669 2669 tribus
691 2642 784 2669 non
801 2631 904 2681 plus
925 2642 1029 2669 cum
1051 2630 1189 2670 Patre
1210 2630 1412 2681 quodam
1433 2631 1675 2682 colloquiis
1698 2630 1914 2670 effectum

282 2707 351 2740 est
372 2706 420 2740 ut
442 2701 589 2750 illam,
615 2712 753 2752 quam
774 2707 1042 2751 paraverat,
1066 2701 1359 2751 tragoediam
1382 2701 1638 2751 omitteret,
1669 2707 1913 2752 totumque

278 2770 501 2821 judicium
536 2771 884 2822 componendae
916 2771 1009 2810 litis
1043 2772 1141 2811 viro
1168 2772 1244 2811 illo
1273 2771 1577 2822 gravissimo,
1612 2771 1688 2822 qui
1719 2783 1824 2811 cum
1858 2782 1913 2810 eo

281 2841 370 2880 huc
393 2842 527 2880 simul
549 2848 765 2892 venerat,
786 2842 1083 2892 relinqueret.

361 2911 444 2951 His
467 2918 621 2951 autem
644 2911 822 2951 duobus
844 2924 935 2952 non
956 2912 1107 2952 minus
1129 2924 1287 2953 rarum
1318 2913 1530 2953 minusve
1561 2913 1753 2963 dignum
1784 2911 1909 2963 quod

283 2981 341 3021 ad
362 2988 406 3021 te
434 2983 678 3032 scribatur,
703 2982 826 3034 quod
847 2983 1068 3034 sequitur,
1094 2983 1320 3024 existimo.
1351 2984 1550 3024 Venisse
1572 2983 1820 3034 quemdam
1853 2982 1911 3021 ad
