2080 3392
274 175 345 211 3715
786 174 1013 211 LITTERAE
1040 185 1396 217 QUADRIMESTRES

270 264 619 320 transmissam,
651 282 675 309 e
697 271 863 321 quibus
893 278 1116 321 magnam
1138 271 1455 311 confitentium
1487 278 1531 312 et
1560 274 1905 313 communican-

275 342 390 381 tium
411 342 614 380 habuere
635 341 783 380 nostri
806 347 1061 381 catervam.

355 412 529 451 Eodem
550 410 597 450 P.
625 411 812 451 Canisio
835 417 1073 463 tamquam
1102 413 1337 452 ordinario
1367 413 1701 453 concionatore
1733 425 1758 453 a
1788 413 1906 454 festo

276 483 574 522 Pentecostes
595 482 819 522 hactenus
841 494 925 522 usa
947 488 1015 522 est
1036 482 1184 533 Regia
1215 482 1457 534 Majestas,
1490 483 1734 523 dominicis
1763 496 1817 524 ac
1847 484 1907 524 fe-

274 552 357 592 stis
379 552 554 592 diebus.
578 552 769 592 Placent
790 553 912 592 enim
934 553 997 592 illi
1019 553 1267 593 conciones
1289 560 1480 605 propter
1502 555 1651 593 zelum
1673 560 1716 594 et
1738 554 1904 594 doctri-

273 635 383 662 nam
419 634 558 674 quam
589 634 695 662 cum
724 623 985 674 eloquentia
1015 624 1155 663 etiam
1176 624 1446 674 germanica
1481 623 1738 675 conjunxit.
1773 625 1908 665 Hunc

274 694 583 744 aemulantur,
607 705 693 733 nec
714 705 826 733 sane
855 694 1113 744 infeliciter,
1145 694 1321 746 aliquot
1347 693 1443 745 jam
1472 707 1530 734 ex
1558 694 1767 734 inferiori
1799 694 1908 735 Ger-

273 765 431 804 mania
465 764 635 804 fratres
662 765 829 816 nostri,
861 765 937 816 qui
966 766 1105 805 etiam
1133 765 1205 805 his
1233 764 1415 815 diebus,
1449 771 1756 816 posteaquam
1790 766 1910 805 inter

274 835 476 886 parietes
497 835 707 886 privatos
729 847 831 875 sese
852 836 898 875 in
919 835 1140 875 discenda
1158 836 1317 887 lingua
1339 835 1558 886 gnaviter
1580 842 1907 885 exercuerunt,

273 906 548 956 prodierunt
569 906 612 946 in
636 906 894 958 publicum,
919 912 963 946 et
993 918 1099 946 cum
1126 906 1280 956 gratia
1302 912 1347 946 et
1369 905 1692 946 aedificatione
1724 906 1908 945 audien-

275 977 390 1016 tium
410 977 705 1028 praeclarum
727 977 969 1017 ediderunt
997 989 1187 1017 suorum
1219 977 1429 1016 laborum
1459 977 1708 1027 specimen.
1742 977 1813 1017 Ex
1841 977 1912 1016 h1s

274 1048 491 1098 primitiis
520 1049 690 1099 poterit
719 1048 878 1098 Regia
907 1047 915 1066 ¹
946 1047 1167 1099 Majestas
1195 1048 1250 1087 de
1281 1048 1470 1099 reliquis
1498 1047 1724 1098 jndz'care
1756 1047 1795 1097 ²,
1834 1048 1912 1098 qui

275 1119 378 1158 illos
416 1119 541 1158 velut
575 1126 933 1169 praecurrentes
967 1124 1238 1169 sequuntur.
1281 1118 1528 1158 Praeterea
1568 1129 1663 1157 non
1702 1124 1910 1169 praeter-

275 1190 550 1230 mittendum
571 1190 682 1229 duxi
703 1196 874 1240 quanta
894 1190 1120 1229 charitate
1143 1189 1306 1229 Patres
1336 1195 1379 1228 et
1407 1188 1576 1229 fratres
1599 1200 1741 1239 opera
1764 1189 1906 1239 pieta-

277 1261 337 1301 tis
357 1261 649 1301 exhibuerint
671 1260 885 1310 infirmis,
910 1260 1033 1311 apud
1054 1271 1171 1311 quos
1194 1259 1332 1299 officii
1360 1271 1503 1299 causa
1535 1265 1657 1299 totos
1687 1259 1785 1299 dies
1812 1271 1907 1310 per-

277 1332 468 1382 sistunt,
511 1339 672 1371 noctes
711 1331 943 1371 interdum
979 1330 1152 1371 ducunt
1188 1331 1450 1381 insomnes3
1492 1329 1759 1381 hujusmodi
1800 1342 1912 1370 sane

280 1403 554 1443 occasiones
576 1402 864 1442 exercendae
885 1402 1070 1453 pietatis
1091 1413 1330 1453 nunquam
1351 1402 1397 1441 in
1419 1402 1506 1441 hac
1540 1401 1730 1441 civitate
1753 1401 1913 1441 deesse

280 1475 512 1524 videntur,
546 1474 623 1513 ubi
652 1473 827 1524 passim
855 1479 921 1513 tot
950 1473 1181 1522 homines,
1212 1472 1412 1512 diversis
1442 1472 1616 1512 morbis
1647 1470 1909 1522 occupats³‚

278 1545 483 1597 quotidie
504 1545 651 1584 vitam
673 1556 778 1584 cum
798 1550 947 1584 morte
968 1550 1269 1583 commutant.
1294 1543 1377 1583 His
1398 1548 1648 1583 annectere
1670 1543 1778 1582 libet
1801 1548 1908 1582 stre·

281 1630 371 1658 nue
396 1629 421 1657 a
449 1616 621 1656 nostris
648 1615 865 1656 Patribus
896 1615 1157 1655 laboratum
1187 1626 1288 1654 csse
1318 1620 1387 1664 ut,
1421 1614 1674 1654 inimicitiis
1701 1613 1911 1662 sublatis,

280 1689 514 1728 amicitiae
551 1686 858 1739 quorumdam
884 1686 1077 1726 firmiter
1103 1685 1557 1736 redintegrarentur;
1591 1691 1634 1725 et
1662 1684 1913 1736 praecipue

283 1760 329 1800 id
362 1760 566 1800 muneris
600 1759 694 1807 egit
726 1759 782 1798 D.
820 1758 1033 1799 Victoria
1064 1757 1093 1804 ⁴,
1130 1758 1207 1808 qui
1242 1757 1476 1806 diversos,
1513 1763 1612 1797 tum
1646 1756 1781 1796 italos
1816 1762 1913 1795 tum

282 1832 526 1883 hispanos,
551 1843 643 1870 non
665 1830 849 1870 infimae
869 1830 1010 1869 etiam
1031 1829 1171 1869 sortis
1199 1829 1345 1878 viros,
1377 1828 1576 1868 diversis
1602 1826 1914 1867 simultatibus

283 1904 573 1949 laborantes,
601 1902 657 1941 ad
679 1913 843 1953 pacem
865 1907 908 1940 et
933 1901 1231 1940 concordiam
1261 1899 1518 1940 revocavit.
1552 1899 1609 1939 Et
1640 1898 1716 1949 qui
1743 1898 1915 1937 diutius

282 1980 474 2025 propter
497 1973 602 2012 odia
626 1984 651 2011 a
674 1972 990 2012 saluberrimis
1012 1971 1317 2011 confessionis
1340 1977 1383 2010 et
1406 1970 1617 2021 corporis
1642 1969 1814 2010 Christi
1837 1968 1912 2008 Sa-

282 2044 536 2084 cramentis
560 2044 882 2083 abstinuerant
905 2043 1058 2093 gavisi
1080 2048 1186 2081 sunt
1207 2042 1455 2093 plurimum
1487 2041 1588 2080 Deo
1620 2046 1664 2080 et
1690 2039 1915 2091 proximis

283 2127 333 2154 56
355 2116 535 2165 integre
562 2114 902 2154 reconciliatos.
932 2113 1057 2153 idem
1084 2113 1212 2152 Deus
1242 2124 1315 2163 op.
1345 2124 1469 2152 max.
1501 2123 1586 2151 nos
1616 2111 1703 2150 sibi
1733 2121 1915 2161 quoque

283 2186 608 2226 reconciliatos
635 2185 681 2224 in
715 2196 848 2224 suum
883 2195 1079 2234 regnum
1114 2183 1313 2223 finaliter
1348 2182 1620 2232 transferat,
1651 2181 1773 2233 quod
1800 2181 1913 2220 futu-

283 2269 387 2297 rum
422 2256 697 2297 confidimus
726 2254 950 2305 suffragio
986 2261 1251 2294 vestrarum
1280 2254 1565 2303 orationum,
1600 2264 1714 2304 quas
1750 2258 1797 2291 ut
1832 2261 1916 2302 pro

284 2328 418 2368 nobis
441 2327 498 2367 ad
520 2328 671 2378 ipsum
693 2326 896 2378 quotidie
917 2325 1125 2365 fundatis
1149 2325 1318 2364 obnixe
1341 2336 1602 2376 precamur.
1628 2322 1793 2363 Amen.

364 2398 578 2438 Viennae
599 2397 820 2437 Austriae
842 2397 955 2448 ipsis
977 2396 1182 2437 calendis
1204 2396 1489 2447 Septembris
1514 2395 1628 2435 1533.

367 2469 588 2520 Indignus
609 2475 715 2509 tuus
737 2468 972 2518 servulus,

1187 2609 1408 2649 ERARDUS
1437 2609 1727 2649 LEODIENSIS.

345 2847 350 2864 ¹
394 2854 458 2872 sun
485 2846 647 2872 Erardus.

344 2895 357 2912 ‘2
397 2895 599 2920 aeslimare.
616 2893 780 2919 Erardus.

344 2943 358 2960 Γ·
396 2942 544 2968 visitati.
563 2941 722 2967 Erardus.

341 2992 359 3009 ⁴
398 2989 430 3015 Ι).
447 2989 592 3022 Joanncs
608 2989 645 3015 de
662 2988 827 3014 Victoria.
