2080 3392
345 176 416 214 450
856 176 1082 214 LITTERAE
1110 188 1466 220 QUADmMEsrREs

346 274 559 314 omnibus
590 272 635 312 in
665 273 867 313 Domino
894 274 1119 314 laetitiam
1144 279 1188 314 et
1218 280 1398 314 tantam
1427 275 1688 315 animorum
1715 277 1976 318 innovatio-⁷

343 357 449 384 nem
485 344 658 394 attulit,
695 350 917 394 quantam
951 356 1009 383 ex
1042 350 1138 384 tam
1173 344 1427 385 abundanti
1460 346 1672 386 laborum
1703 352 1860 398 segete
1887 360 1973 388 nos

344 426 526 465 semper
548 425 908 465 speraveramus
926 415 1218 454 collecturos.
1237 414 1462 455 Mundata
1483 416 1577 455 iam
1597 416 1734 457 domo
1757 423 1800 457 et
1821 418 1879 458 ab
1899 419 1971 468 iis,

342 485 506 536 quibus
528 483 832 535 inficiebatur,
856 491 1078 535 purgata,
1104 496 1294 525 cernere
1315 491 1417 525 erat
1437 486 1754 527 incredibilem
1783 500 1972 528 concor-

343 555 467 595 diam
499 561 543 594 et
572 566 737 606 pacem
773 555 985 595 omnibus
1012 561 1057 594 et
1082 567 1259 595 novum
1285 556 1535 607 quemdam
1564 557 1798 598 fervorem
1827 559 1972 598 acrio-

340 637 507 676 resque
529 626 588 665 ad
617 625 950 675 perfectionem
971 625 1309 676 capessendam
1329 627 1518 678 spiritus
1549 634 1772 679 sumptos.
1805 628 1971 681 Coepit

341 698 498 748 itaque
514 696 563 736 P.
586 696 902 747 Hieronymus
919 695 1100 736 Natalis
1117 696 1409 748 Olissiponae
1427 697 1794 739 Constitutiones
1816 700 1968 750 edere,

341 768 387 808 in
415 768 581 819 quibus
610 772 789 807 tantam
823 772 1010 818 tamque
1041 767 1254 807 omnibus
1288 768 1494 808 numeris
1529 769 1790 809 absolutam
1822 770 1968 821 perfe-

339 839 540 879 ctionem
560 838 804 885 sensimus,
822 844 872 878 ut
887 850 1011 878 nunc
1032 838 1221 878 tandem
1237 838 1371 878 nobis
1391 838 1635 879 videamur
1655 851 1820 880 verum
1840 841 1968 881 illum

337 908 584 950 Societatis
605 909 819 959 spiritum
839 920 1126 959 cognoscere
1153 915 1196 948 et
1222 909 1505 960 intelligere,
1538 922 1593 950 ac.
1620 922 1743 950 nunc
1773 911 1972 963 denique

337 980 527 1020 uberem
549 986 592 1020 et
615 979 880 1020 affluentem
901 980 1088 1019 divinae
1108 980 1290 1030 gratiae
1317 980 1364 1020 in
1386 992 1440 1020 ea
1461 980 1687 1022 influxum
1707 983 1965 1034 percipere.

336 1049 494 1091 Facile
516 1051 741 1101 explicari
762 1062 856 1090 non
876 1056 1028 1101 potest
1050 1056 1223 1101 quanto
1246 1051 1559 1102 amplissimus
1581 1063 1664 1092 rex
1680 1052 1852 1103 gaudio
1874 1053 1969 1094 fue-

338 1121 397 1161 rit
419 1121 632 1171 affectus‚
657 1121 767 1161 dum
788 1121 1153 1162 Constitutiones
1174 1122 1392 1172 perlegit,
1423 1134 1541 1173 quae
1569 1128 1618 1162 ut
1646 1123 1734 1163 sibi
1765 1125 1969 1164 conscri-

336 1198 443 1244 ptae
464 1192 761 1232 traderentur
781 1192 982 1243 rogavit.
1006 1191 1238 1231 Videntur
1268 1203 1452 1244 semper
1481 1193 1695 1234 Lusitani
1721 1194 1769 1234 hi
1799 1195 1967 1246 princi-

336 1275 419 1315 pes
446 1263 604 1303 divino
632 1263 853 1302 instinctu
887 1262 944 1301 ad
974 1261 1256 1302 Societatem
1284 1269 1495 1303 nostram
1522 1269 1566 1304 et
1597 1265 1979 1305 conservandam,

341 1339 385 1374 et
408 1333 671 1384 augendam
694 1333 815 1373 duci.

417 1403 579 1455 Coepit
599 1404 756 1455 itaque
783 1416 1005 1444 numerus
1034 1416 1217 1455 eorum,
1247 1405 1324 1456 qui
1349 1410 1447 1444 tum
1477 1405 1536 1445 ad
1565 1406 1838 1457 conciones,
1873 1412 1974 1446 tum

339 1475 398 1515 ad
431 1475 604 1515 Christi
634 1475 896 1515 doctrinam
929 1475 1231 1524 audiendam,
1263 1476 1577 1525 confluebant,
1610 1476 1674 1516 ita
1703 1477 1888 1528 augeri,
1920 1484 1970 1517 ut

333 1546 465 1586 multi
487 1546 676 1586 domurn
696 1546 914 1596 redirent,
936 1545 1057 1597 quod
1079 1558 1158 1585 eos
1180 1547 1402 1597 templum
1424 1546 1526 1597 (etsi
1547 1547 1662 1586 satis
1683 1547 1851 1598 capax)
1872 1559 1966 1588 non

334 1623 537 1669 caperet;
558 1618 635 1657 alii
656 1629 783 1665 vero,
803 1617 1003 1657 mirabili
1024 1618 1224 1668 quodam
1245 1616 1445 1667 fervore,
1466 1617 1512 1657 in
1534 1619 1720 1668 templo,
1742 1619 1974 1658 concione*

333 1688 506 1738 audita,
530 1688 669 1727 ieiuni
690 1688 964 1737 manebant,
987 1700 1044 1727 ne
1065 1696 1169 1738 post
1189 1688 1437 1739 prandium
1459 1689 1588 1728 locus
1609 1688 1670 1728 ad
1693 1688 1866 1729 Christi
1887 1690 1962 1729 do-

333 1759 531 1798 ctrinam
567 1759 844 1798 audiendam
881 1758 1074 1798 deesset.
1113 1758 1470 1799 Confessionum
1508 1765 1665 1799 autem
1704 1759 1964 1811 frequentia

331 1836 512 1869 tanturn
533 1829 727 1880 sumpsit
749 1830 1105 1879 incrementum,
1130 1836 1179 1869 ut
1200 1841 1286 1869 nec
1307 1828 1551 1869 duodecim
1580 1841 1637 1869 ex
1664 1831 1838 1870 nostris
1867 1836 1964 1870 tan-

331 1907 405 1940 tae
427 1900 707 1940 multitudini
728 1899 1011 1951 sufficerent,
1036 1899 1340 1951 effectumque
1362 1906 1431 1940 est
1452 1906 1501 1940 ut
1522 1912 1605 1951 per
1626 1906 1773 1941 totam
1794 1901 1961 1941 hebdo-

333 1971 542 2020 madam,
581 1977 678 2010 tum
707 1971 1075 2010 confessionibus
1107 1971 1370 2020 audiendis,
1409 1976 1505 2010 tum
1539 1970 1842 2012 Sanctissimo
1877 1972 1965 2012 Eu-

332 2042 582 2082 charistiae
618 2041 922 2082 Sacramento
953 2041 1201 2091 tradendo,
1241 2048 1467 2081 vacarent
1497 2041 1682 2092 Patres3
1712 2055 1798 2082 nec
1825 2043 1966 2093 enim,

331 2114 407 2152 vel
437 2112 566 2153 festis
595 2113 671 2153 vel
700 2112 944 2152 dominicis
979 2112 1160 2162 diebus,
1200 2113 1413 2152 omnibus
1446 2112 1583 2152 simul
1615 2119 1830 2164 poterant
1861 2115 1964 2154 sub-

338 2184 509 2223 Venire.

410 2253 538 2304 Sunt,
559 2260 607 2294 ut
628 2255 855 2305 videmus,
874 2254 927 2294 R.
951 2254 1017 2304 P„
1041 2255 1374 2294 Lusitanorum
1396 2255 1600 2294 omnium
1623 2255 1764 2297 animi
1786 2255 1960 2305 (divino

329 2325 567 2375 beneficio)
590 2325 635 2364 in
657 2332 866 2365 nostram
894 2325 1268 2365 benevolentiam
1301 2325 1508 2376 adducti,
1540 2327 1775 2377 multaque
1804 2326 1958 2365 subse-

329 2403 486 2447 quuta,
512 2408 631 2447 quae
652 2396 940 2447 singularem
960 2395 1048 2435 Dei
1068 2396 1216 2436 nostri
1238 2396 1516 2436 charitatem
1532 2396 1578 2436 in
1600 2396 1881 2436 Societatem
1896 2397 1960 2436 fa-

329 2467 414 2507 cile
436 2467 697 2517 declarant,
723 2479 841 2518 quae
862 2467 957 2507 iam
976 2479 1098 2507 nunc
1119 2479 1315 2507 narrare
1338 2467 1572 2518 incipiam.
1601 2467 1807 2507 Primum
1834 2479 1960 2506 nam-

327 2549 414 2589 que
436 2538 760 2577 sanctissimus
781 2549 886 2587 rex,
911 2537 1033 2589 quod
1054 2537 1146 2577 iam
1168 2544 1305 2577 antea
1327 2549 1466 2589 saepe
1488 2538 1812 2587 constituerat,
1836 2549 1960 2577 nunc

325 2609 512 2648 omnino
535 2608 756 2656 decrevit,
778 2614 843 2658 ut,
867 2608 1066 2657 scilicet,
1090 2620 1147 2647 ex
1168 2608 1340 2648 nostris
1363 2608 1529 2659 aliquis
1551 2608 1806 2659 provinciis
1829 2620 1959 2658 prae-

324 2686 391 2718 ste
407 2679 602 2732 Joannis
618 2678 895 2718 Patriarcha
912 2677 1224 2729 praeficiatur,
1245 2678 1376 2718 cuius
1397 2684 1493 2718 tam
1514 2679 1577 2730 pii
1594 2678 1811 2718 desiderii
1831 2677 1958 2718 Sum-

325 2761 450 2789 mum
470 2749 762 2797 Pontificem,
785 2749 989 2799 legatum
1012 2760 1168 2799 suum,
1192 2761 1372 2788 necnon
1401 2755 1528 2789 tuam
1556 2749 1608 2789 R.
1641 2750 1767 2789 pyem
1796 2749 1956 2788 certio-

322 2832 421 2859 rem
440 2820 563 2867 fecit‚
585 2820 659 2859 cui
680 2820 820 2859 totius
842 2831 1071 2859 summam
1092 2825 1135 2859 et
1155 2825 1435 2870 potestatem
1455 2820 1521 2859 rei
1539 2819 1741 2870 delegat.
1763 2819 1897 2870 Quod
1917 2819 1958 2858 si

321 2889 419 2940 fiat,
444 2890 728 2929 incredibilis
750 2890 1010 2929 animarum
1031 2889 1210 2930 fructus
1232 2896 1464 2940 sequetur,
1488 2897 1536 2929 ut
1558 2902 1641 2941 pro
1665 2896 1792 2930 certo
1815 2890 1951 2929 habe-

320 2971 443 3011 mus3
480 2967 524 2999 et
560 2961 636 3011 qui
664 2972 717 3000 eo
749 2972 808 3000 ex
835 2959 1068 3000 Societate
1097 2961 1285 3011 iverint,
1319 2961 1586 3011 probandos
1622 2972 1732 3000 vere
1765 2961 1956 3008 scimus,
