2080 3392
894 183 978 220 ΑΝ.
1010 183 1100 221 1553
1748 184 1819 220 277

179 280 321 319 velim
352 279 554 319 maxime
588 280 884 331 exploratum
911 280 1101 330 habeas,
1131 279 1268 319 Pater
1297 280 1482 331 optime,
1515 291 1601 319 nos
1635 279 1818 320 dedisse

180 362 371 402 operam
391 357 440 390 ut
459 362 620 390 omnes
637 351 863 402 homines,
887 351 964 402 qui
987 350 1045 390 ad
1062 362 1147 391 nos
1164 352 1358 402 praevia
1376 351 1530 402 gratia
1549 351 1815 399 veniebant,

180 422 540 462 adhortaremur
564 422 623 462 ad
651 422 961 463 confessionis
987 422 1300 474 frequentiam
1336 435 1391 463 ac
1425 423 1701 463 doceremus
1729 423 1818 463 hoc

179 504 322 532 unum
344 504 446 533 esse
468 493 707 544 singulare
729 494 1121 533 medicamentum
1152 494 1210 533 ad
1233 494 1470 534 sanandas
1497 494 1641 534 animi
1667 494 1816 545 aegri-

177 564 360 604 tudines
382 570 427 604 et
458 563 757 615 depellendas
784 565 1006 604 vitiorum
1026 565 1378 616 propensiones.
1414 565 1486 605 Ac
1509 564 1655 604 Dnus.
1689 565 1819 605 Iesus

177 636 273 675 vim
309 646 364 675 ac
397 635 620 676 virtutem
651 647 735 675 suo
766 635 911 675 Verbo
933 647 1016 686 per
1043 646 1129 674 nos
1150 636 1461 686 pronunciato
1484 636 1737 687 praestitit,
1762 636 1818 675 si-

177 705 364 757 quidem
399 718 426 746 a
452 706 630 757 pascha
666 707 905 746 hominum
939 717 1177 756 numerus,
1211 707 1289 757 qui
1324 708 1820 747 commemorationem

177 777 341 817 mortis
364 777 626 817 dominicae
648 778 901 827 celebrant,
936 783 1101 817 auctus
1124 783 1208 823 est,
1234 784 1276 817 et
1299 778 1345 816 in
1373 778 1472 817 dies
1500 779 1725 828 nonnulli,
1750 790 1818 818 re-

177 849 264 889 bus
285 849 535 889 mundanis
558 849 805 900 despectis,
832 849 1077 888 accedunt.

256 919 373 961 Sunt
403 920 634 972 quaedam
656 927 902 960 matronae
930 919 1076 960 divini
1106 921 1259 960 cultus
1290 920 1574 971 percupidae
1610 933 1665 960 ac
1701 921 1816 961 chri.

175 992 355 1042 gloriae
378 992 746 1041 amantissimae,
771 1003 904 1042 quae,
929 1003 1123 1042 prorsus
1144 1003 1228 1042 pro
1246 991 1390 1031 nihilo
1408 992 1567 1031 habito
1585 993 1758 1032 mundo
1775 999 1819 1032 et

175 1063 301 1103 omni
323 1063 530 1103 humana
553 1062 937 1103 reformidatione
965 1064 1173 1115 expulsa,
1198 1074 1371 1113 magno
1394 1063 1548 1103 studio
1577 1063 1819 1114 piscantur

175 1142 272 1174 tam
302 1135 432 1175 viros
463 1146 604 1186 quam
630 1134 859 1174 foeminas
887 1146 942 1174 ac
977 1135 1203 1186 plurimos
1235 1134 1474 1174 adducunt
1502 1146 1662 1175 secum
1689 1141 1732 1174 et
1761 1134 1820 1174 ad

178 1205 519 1246 confessionem
542 1212 585 1245 et
608 1206 667 1245 ad
689 1206 961 1245 convivium
989 1206 1205 1245 coeleste.
1240 1205 1481 1256 Quaedam
1504 1205 1646 1256 igitur
1669 1218 1727 1245 ex
1748 1206 1821 1245 his

177 1288 284 1317 cum
301 1277 454 1317 virum
471 1288 606 1317 suum
623 1288 718 1316 non
735 1283 893 1328 posset
911 1277 1100 1316 allicere
1117 1277 1176 1316 ad
1196 1277 1505 1316 confessionis
1522 1277 1816 1327 medicinam,

175 1359 277 1388 sese
305 1347 365 1388 ad
393 1348 491 1388 eius
524 1348 723 1399 proiecit
752 1348 896 1400 pedes
922 1360 978 1388 ac
1007 1354 1139 1388 tanto
1169 1348 1326 1388 animo
1355 1360 1403 1387 se
1438 1349 1599 1399 gessit,
1638 1355 1687 1388 ut
1721 1349 1820 1388 voti

173 1431 364 1471 compos
402 1419 547 1459 fieret.
592 1419 700 1460 Alia
735 1426 784 1459 ut
818 1420 892 1459 vir
925 1419 1107 1459 audiret
1146 1420 1339 1459 verbum
1380 1419 1475 1467 dei,
1513 1431 1539 1458 a
1575 1431 1666 1471 quo
1706 1431 1820 1459 sane

174 1491 474 1542 abhorrebat,
498 1491 637 1531 toties
655 1503 762 1531 eum
782 1498 851 1531 est
872 1499 1065 1543 precata
1085 1498 1128 1531 et
1153 1491 1405 1531 adhortata
1428 1499 1475 1531 ut
1498 1491 1636 1531 modo
1660 1491 1820 1531 veniat

174 1562 233 1602 ad
256 1563 524 1603 conciones.
549 1562 650 1602 Hae
675 1563 874 1614 denique
897 1570 1091 1603 sanctae
1114 1562 1188 1603 Χ.ἰ
1216 1570 1462 1602 matronae
1485 1570 1591 1602 sunt
1616 1562 1819 1603 artifices

174 1633 482 1685 plurimorum
517 1634 792 1674 meritorum
826 1635 873 1674 in
904 1634 1154 1674 ecclesiam
1187 1641 1231 1674 et
1259 1635 1513 1674 multarum
1553 1634 1817 1674 animarum

169 1705 542 1756 gubernatriceS.
563 1705 778 1756 Quodam
794 1705 867 1745 die
888 1706 1125 1745 sex-simul
1140 1712 1384 1745 matronae
1402 1716 1556 1745 novae
1574 1717 1676 1745 sese
1693 1711 1817 1745 totas

169 1776 477 1826 tradiderunt,
502 1776 548 1816 in
570 1777 710 1816 rebus
733 1776 919 1826 divinis,
945 1776 1238 1817 obedientiae
1260 1777 1378 1817 Pris.
1402 1777 1564 1816 nostri.

247 1848 294 1888 In
318 1854 481 1887 nostro
504 1849 675 1899 templo
703 1848 993 1899 praelegitur
1026 1848 1188 1888 diebus
1219 1847 1464 1888 dominicis
1498 1848 1708 1888 chriana.
1739 1848 1816 1888 do-

168 1919 333 1970 ctrina,
358 1931 448 1970 quo
478 1926 732 1959 accurrunt
762 1925 830 1959 tot
857 1919 1085 1970 homines,
1120 1931 1175 1959 ac
1195 1920 1405 1959 nonnulli
1434 1919 1574 1969 docti,
1605 1927 1654 1959 ut
1686 1920 1816 1959 locus

166 1991 225 2030 sit
260 1990 511 2031 admodum
547 1997 777 2041 angustus
814 2003 898 2031 nec
933 2003 1012 2031 eos
1049 2003 1218 2043 capere
1259 1991 1421 2042 possit.
1470 1990 1695 2031 Omnibus
1730 2003 1815 2043 pro

168 2061 347 2102 viribus
375 2062 562 2111 satisfit,
593 2063 718 2113 quod
744 2063 947 2102 maxime
975 2062 1065 2103 hoc
1093 2063 1317 2114 probatur
1346 2069 1640 2113 argumento,
1676 2062 1814 2114 quod,

169 2133 369 2173 lectione
392 2134 621 2183 absoluta,
645 2133 833 2185 plurimi
855 2134 1198 2173 confessionem
1221 2134 1409 2173 adeunt.

250 2203 482 2244 Visuntur
504 2211 549 2244 et
573 2216 804 2256 pauperes
835 2205 1017 2255 aegroti
1038 2205 1084 2244 in
1105 2204 1413 2244 Xenodochio
1444 2216 1499 2243 ac
1531 2204 1817 2244 adiuvantur

169 2282 267 2315 tum
289 2276 607 2326 concionibus,
638 2283 737 2315 tum
758 2276 957 2326 privatis
985 2276 1406 2325 exhortationibus,
1436 2282 1534 2315 tum
1565 2275 1813 2315 confessio-

167 2346 318 2396 nibus,
338 2346 415 2386 ubi
432 2358 525 2386 non
546 2347 796 2387 mediocris
812 2346 992 2386 fructus
1011 2347 1222 2387 nascitur
1243 2359 1301 2386 ex
1319 2347 1501 2396 animis,
1522 2354 1570 2386 ut
1586 2358 1815 2398 persaepe

167 2429 290 2468 pres.
328 2417 486 2457 dicant
508 2429 558 2457 se
580 2430 633 2458 eo
662 2431 688 2457 a
714 2417 816 2458 Deo
853 2418 973 2458 mitti
1001 2418 1057 2458 ob
1086 2430 1162 2458 res
1196 2429 1385 2469 graves,
1423 2429 1542 2469 quae
1577 2417 1811 2457 accidunt.

166 2488 343 2528 Eodem
377 2494 516 2539 pacto
547 2495 592 2528 et
619 2488 665 2539 ii,
697 2489 776 2539 qui
804 2489 853 2528 in
881 2489 1094 2529 custodia
1130 2495 1238 2529 sunt
1270 2489 1472 2540 publica,
1511 2488 1809 2539 adiuvantur,

167 2560 334 2611 quibus
355 2559 572 2611 quamvis
592 2560 652 2599 sit
674 2560 872 2600 arduum
890 2572 945 2600 ac
965 2559 1147 2600 difficile
1170 2559 1308 2600 fidem
1331 2560 1487 2600 facere
1508 2566 1556 2599 ut
1590 2560 1810 2600 adversa-

166 2631 248 2670 riis
277 2637 490 2682 parcant,
524 2631 827 2671 nihilominus
857 2639 1014 2671 tamen
1036 2638 1166 2671 tanto
1199 2638 1371 2671 conatu
1398 2631 1443 2670 id
1470 2631 1726 2683 peragitur,
1761 2640 1810 2671 ut

166 2702 313 2742 divini
329 2702 461 2743 verbi
484 2703 531 2741 vi
548 2702 737 2742 tandem
754 2703 1035 2743 deliniantur
1053 2710 1096 2743 et
1118 2704 1164 2743 in
1181 2703 1385 2753 gratiam
1401 2702 1685 2743 reducantur
1701 2715 1810 2743 cum

166 2773 380 2824 inimicis,
406 2779 451 2814 et
473 2774 615 2813 etiam
635 2773 725 2813 hoc
746 2774 886 2814 modo
914 2774 974 2814 ad
994 2775 1331 2826 poenitentiam
1353 2780 1397 2814 et
1417 2774 1692 2825 patientiam
1722 2786 1808 2826 pro

166 2845 281 2884 chri.
306 2857 466 2885 amore
488 2844 836 2896 suscipiendam
857 2845 1164 2885 deducantur.

246 2915 297 2955 ln
317 2916 408 2956 hoc
430 2916 628 2967 collegio
656 2927 900 2956 manemus
925 2928 1112 2966 novem,
1144 2924 1188 2956 et
1223 2917 1406 2973 iuvenis
1434 2917 1637 2968 quidam,
1668 2923 1808 2962 natus

166 2987 354 3027 circiter
375 2987 466 3027 XX
487 2997 650 3037 annos,
675 2988 859 3028 deditus
880 2994 949 3027 est
971 2987 1210 3038 Societati,
1242 2995 1285 3027 et
1307 3000 1332 3027 a
1360 2988 1512 3037 nobis,
1542 2989 1652 3039 pris.
1685 3000 1807 3028 com—
