2080 3392
833 175 918 212 ΑΝ.
950 175 1042 212 1554
1692 174 1762 211 693

120 271 351 323 latiusque
374 279 696 325 construatur,
721 274 796 314 cui
816 273 883 314 rei
905 284 1042 313 suurn
1061 273 1258 313 libenter
1274 272 1479 312 studium
1496 278 1635 324 atque
1658 284 1761 324 ope-

120 353 223 382 ram
244 344 543 394 pollicentur.
580 344 677 385 Nec
713 344 980 385 dubitamus
1011 343 1112 384 fore
1156 344 1288 396 quin,
1326 344 1364 384 si
1399 344 1445 384 id
1484 344 1758 396 erigeretur,

119 413 242 454 bona
263 422 385 455 esset
413 417 570 467 populi
601 428 712 468 pars
743 416 838 468 <qui
866 415 965 467 ejus
993 416 1038 456 in
1070 427 1156 455 nos
1183 422 1253 455 est
1282 415 1428 466 amor)
1461 416 1519 456 ad
1550 422 1761 455 nostrum

119 487 342 537 templum
363 487 525 527 diebus
547 488 679 528 festis
701 499 968 528 accessura.
992 487 1151 528 Potest
1167 487 1256 527 hoc
1273 488 1349 527 vel
1370 499 1428 527 ex
1445 499 1499 527 eo
1516 487 1653 527 facile
1672 488 1760 527 col-

119 556 222 607 ligi,
262 557 385 608 quod
421 565 634 599 nostrum
668 570 792 599 nunc
829 559 1076 608 sacellum,
1114 571 1208 598 non
1244 559 1393 598 solum
1433 559 1757 609 perexiguum,

118 639 283 667 Verum
304 629 443 668 etiam
465 629 522 669 ab
545 630 658 669 urbe
681 636 913 670 remotum
936 641 1042 670 cum
1064 631 1142 680 sit,
1167 630 1231 669 ita
1261 630 1326 670 illi
1355 630 1640 670 dominicum
1664 641 1761 669 cor—

117 711 204 750 pus
223 700 435 751 recipere
467 707 717 751 conantur,
750 708 799 741 ut
829 702 1043 753 paschali
1073 701 1213 741 etiam
1245 700 1624 741 Resurrectionis
1650 707 1760 741 tem-

116 783 229 822 pore
259 771 306 810 in
335 778 496 811 nostro
527 773 700 813 sacello
736 773 1115 813 communicandi
1151 773 1336 824 copiam
1374 786 1400 812 a
1435 773 1531 812 suis
1566 773 1761 812 vicariis

116 848 293 893 petant.

197 913 332 964 Quod
355 914 414 954 ad
436 915 794 955 concionatores
812 915 1036 967 pertinet,
1056 914 1105 954 P.
1128 915 1326 966 Corrca,
1352 915 1649 955 Novitiorum
1667 915 1761 955 Ma-

115 985 281 1036 gister,
307 985 385 1036 qui
404 985 672 1026 doctrinam
692 987 922 1038 praelegit
945 986 1274 1037 christianam,
1305 987 1514 1027 externis
1545 987 1761 1026 omnibus

120 1057 421 1097 vehementer
458 1058 684 1109 probatur
728 1058 1079 1109 maximumque
1122 1064 1279 1098 movet
1320 1058 1462 1098 etiam
1500 1058 1762 1098 durissimis

117 1127 336 1168 affectum
359 1128 639 1169 devotionis.
664 1128 761 1170 Nec
790 1130 944 1169 minus
973 1129 1050 1180 qui
1082 1129 1311 1169 hactenus
1338 1129 1435 1169 fere
1464 1141 1648 1181 semper
1670 1129 1759 1169 die-

116 1200 202 1239 bus
230 1199 476 1239 dominicis
512 1201 820 1241 concionatus
855 1207 945 1251 est,
982 1200 1031 1240 Ρ.
1071 1200 1305 1251 Georgius
1341 1199 1593 1251 Serranus,
1629 1199 1761 1251 cujus

115 1271 288 1322 ingenii
313 1272 621 1311 subtilitatem
649 1284 705 1312 ac
732 1273 779 1312 in
808 1272 1004 1312 dicendo
1036 1272 1183 1312 salem
1213 1272 1400 1323 saepius
1431 1283 1519 1323 ego
1548 1284 1641 1312 non
1671 1273 1760 1312 col-

116 1343 362 1382 laudantes
384 1344 537 1383 solum
559 1343 870 1384 scholasticos
892 1344 1061 1383 multos
1082 1355 1247 1383 verum
1269 1353 1313 1383 et
1336 1344 1625 1384 admirantes
1647 1344 1757 1383 vidi.

117 1413 295 1464 Quibus
316 1421 473 1454 tamen
498 1415 745 1466 (omnium,
776 1421 826 1455 ut
854 1414 1015 1465 credO,
1046 1413 1236 1465 judicio)
1260 1414 1401 1455 Pater
1423 1415 1580 1462 Cotta,
1606 1415 1694 1455 etsi
1714 1416 1761 1455 in

116 1496 171 1525 ea
192 1498 243 1525 re
266 1485 419 1526 adhuc
441 1486 551 1536 tiro,
577 1498 672 1526 non
693 1486 816 1527 cedit
837 1497 1153 1538 magnamque
1175 1486 1390 1527 omnibus
1411 1493 1455 1526 et
1477 1486 1760 1526 aedificatio-

116 1569 222 1597 nem
244 1562 289 1597 et
311 1557 671 1598 admirationem
692 1564 866 1598 movet.

197 1628 314 1669 Cum
334 1628 581 1669 duodecim
602 1641 726 1669 nunc
744 1628 989 1669 audiendis
1007 1629 1380 1670 confessionibus
1399 1629 1578 1679 Patres,
1600 1629 1761 1669 diebus

116 1706 274 1740 tamen
296 1706 479 1740 tantum
501 1700 768 1752 dominicis,
799 1707 991 1751 vacent,
1024 1713 1118 1741 non
1148 1708 1345 1753 possunt
1373 1708 1531 1742 tamen
1562 1708 1650 1751 tot,
1685 1702 1761 1752 qui

115 1771 322 1822 quotidie
340 1772 403 1821 (ut
420 1771 650 1813 ducentos
667 1773 870 1823 circiter,
889 1773 967 1825 qui
985 1772 1230 1813 dominicis
1248 1773 1410 1813 diebus
1427 1773 1549 1813 idem
1566 1773 1758 1820 faciunt,

114 1844 506 1894 praetermittam)
543 1844 602 1884 ad
635 1856 721 1884 nos
751 1852 949 1896 peccata
979 1845 1152 1885 fassuri
1183 1845 1437 1895 accedunt,
1470 1834 1757 1884 satisfacere.

115 1914 205 1955 Sed
227 1921 324 1955 tam
346 1915 421 1966 pio
444 1915 709 1956 devotionis
738 1916 907 1956 affectu
939 1917 1002 1956 illi
1034 1923 1161 1966 sunt,
1186 1922 1256 1966 ut,
1281 1928 1388 1956 cum
1410 1916 1485 1956 hic
1507 1915 1760 1956 multitudi-

112 1986 184 2026 nis
206 1986 460 2038 aliquando
491 1999 636 2027 causa
664 1987 708 2027 id
730 1999 825 2027 non
855 1988 1015 2037 liceat,
1050 1988 1114 2028 ita
1145 1988 1357 2039 patribus
1391 1987 1758 2035 consulentibus,

113 2058 254 2098 alium
277 2059 502 2109 aliquem,
527 2059 601 2099 cui
622 2059 882 2109 fateantur,
908 2066 1152 2111 quaerant.
1178 2059 1366 2110 Iamque
1394 2059 1510 2098 haec
1535 2059 1580 2098 in
1603 2070 1758 2098 sacra-

112 2130 280 2170 mentis
301 2130 616 2181 percipiendis
639 2130 892 2171 assiduitas
914 2131 959 2171 in
982 2130 1118 2182 hujus
1139 2131 1269 2171 urbis
1292 2131 1466 2170 civium
1488 2130 1670 2170 animos
1694 2131 1758 2170 ita

112 2201 340 2252 paulatim
372 2202 629 2253 subrepsit,
653 2208 702 2242 ut
728 2202 775 2242 in
805 2203 1022 2242 omnibus
1050 2202 1236 2253 templis
1264 2202 1397 2242 multi
1424 2202 1537 2251 iam,
1570 2208 1760 2253 praeter

113 2283 254 2323 quam
275 2272 398 2323 quod
419 2279 615 2324 peccata
637 2273 859 2323 fatentur,
883 2273 1211 2314 Eucharistiae
1230 2273 1464 2324 accipiant
1482 2272 1757 2313 Sacramen-

114 2351 224 2383 tum.
247 2342 317 2383 Ob
335 2355 476 2395 quam
497 2350 680 2385 tantam
699 2356 885 2385 morum
900 2346 947 2385 in
966 2345 1129 2385 melius
1151 2345 1241 2385 hac
1259 2345 1305 2384 in
1321 2345 1435 2384 urbe
1452 2345 1759 2384 mutationem

112 2414 344 2455 maximas
366 2426 547 2465 omnes,
573 2422 616 2456 et
639 2416 703 2456 illi
724 2418 1003 2467 praesertim
1031 2417 1109 2468 qui
1137 2416 1343 2462 caeteris
1366 2416 1592 2466 eminent,
1616 2416 1757 2456 bono-

111 2497 215 2525 rum
237 2486 443 2526 omnium
465 2486 638 2537 datori,
670 2487 771 2528 Deo
800 2489 981 2539 gratias
1012 2494 1172 2539 agunt.
1206 2486 1303 2527 Nec
1332 2487 1456 2527 enim
1482 2487 1528 2527 in
1556 2487 1757 2538 privatis

111 2558 261 2597 solum
282 2557 571 2609 hominibus,
596 2570 762 2599 Verum
784 2566 828 2599 et
849 2559 896 2599 in
918 2559 1045 2599 omni
1065 2559 1307 2599 hominum
1327 2570 1500 2609 genere
1523 2571 1579 2599 ac
1601 2558 1756 2598 condi-

109 2629 249 2677 tione,
290 2640 474 2669 morum
508 2629 626 2670 haec
663 2632 970 2671 commutatio
1003 2631 1225 2671 cernitur.
1263 2630 1488 2681 Multique
1524 2630 1645 2671 inter
1677 2643 1756 2671 eos

110 2700 363 2751 praecipue
394 2706 523 2751 sunt,
554 2701 633 2752 qui
662 2701 926 2742 animarum
957 2714 1149 2742 suarum
1178 2703 1377 2742 salutem
1408 2702 1649 2753 cupientes
1669 2714 1754 2753 pro

111 2771 233 2810 virili
252 2771 491 2823 consequi,
515 2772 804 2823 spiritalibus
834 2774 974 2813 rebus
1001 2773 1442 2824 mortificationique
1464 2785 1512 2813 se
1535 2780 1658 2813 totos
1680 2774 1754 2813 de-

108 2840 236 2882 dant.
262 2841 352 2892 Qui
370 2842 581 2893 profecto
603 2855 688 2883 nos
711 2844 757 2883 in
779 2843 981 2884 Domino
1004 2845 1257 2896 plurimum
1285 2845 1612 2895 consolantur,
1648 2856 1755 2885 cum

109 2914 378 2953 saeculares
405 2914 638 2965 homines,
670 2915 718 2954 in
748 2915 912 2955 mediis
943 2916 1254 2956 tentationum
1284 2916 1499 2956 fluctibus
1532 2917 1751 2957 constitu-

109 2990 207 3034 tos,
232 2990 328 3024 tarn
349 2985 451 3025 Deo
471 2985 728 3026 familiares
752 2987 1108 3038 animarumque
1130 2988 1295 3027 salutis
1314 2994 1548 3027 amatores
1566 2994 1609 3028 et
1627 2988 1750 3039 quie—
