2080 3392
816 171 900 208 AN.
932 170 1022 208 1553
1665 171 1736 207 247

91 276 252 322 posset
282 268 415 320 eripi:
445 268 509 308 ita
544 274 716 318 tamen,
753 273 1002 319 postquam
1037 267 1096 307 ad
1130 279 1216 307 nos
1252 267 1466 317 accessit,
1504 267 1734 307 Dominus

94 342 221 381 illurn
242 339 480 388 excitavit,
507 339 630 390 quod
651 351 745 378 non
767 339 1065 379 occasionem
1085 339 1234 378 solum
1263 338 1594 378 exterminavit
1613 371 1621 389 ,
1653 339 1735 378 sed

95 412 234 452 etiam
268 417 397 450 caste
432 409 676 461 proposuit
711 409 931 460 deinceps
965 409 1128 449 Vivere
1163 415 1208 449 et
1247 420 1519 449 assuescere
1546 408 1732 449 confes-

97 482 229 522 sioni.

176 552 309 604 Quod
331 559 484 592 autem
509 552 674 592 attinet
702 552 760 591 ad
789 552 880 591 alia
903 551 1149 599 exercitia,
1181 563 1299 602 quae
1326 550 1426 590 Rae
1455 550 1525 590 Ρ.ί
1558 551 1657 592 Tae
1686 552 1734 592 in

90 624 198 664 -aliis
219 623 365 663 literis
388 623 720 674 expressimus,
745 622 909 663 eadem
929 622 1256 674 prosequimur
1276 622 1501 662 hilariter.

174 694 475 735 Dominicani
497 705 679 746 quoque
700 694 835 733 nobis
856 693 1016 733 favere
1038 704 1152 744 prae
1174 704 1223 733 se
1244 693 1399 733 ferunt
1421 706 1476 733 ac
1498 705 1583 733 nos
1602 693 1732 733 fami-

95 766 270 806 liariter
291 766 465 816 visunt,
490 777 597 805 cum
618 765 828 817 patribus
849 763 1097 805 Societatis
1118 775 1358 804 sermones
1380 764 1593 804 conferre
1616 764 1732 805 desi-

88 837 326 877 derantes.

173 907 400 959 Denique,
427 908 506 959 qui
526 907 602 947 hic
624 918 881 958 manemus5
902 907 1130 957 valemuS,
1154 912 1199 946 et
1230 917 1391 946 omnes
1419 906 1607 946 student
1637 907 1731 958 pla-

87 992 198 1020 -cere
219 979 335 1019 Deo.
361 978 430 1019 Sit
451 979 585 1019 nobis
608 978 782 1019 auxilio
804 978 858 1018 R.
883 977 932 1018 P.
957 978 1009 1018 T.
1033 984 1077 1017 et
1099 977 1365 1018 charissimi
1387 984 1544 1029 patres
1566 989 1621 1017 ac
1643 977 1733 1018 fra-

92 1059 188 1092 tres
208 1051 340 1091 istius
362 1050 527 1090 domus
549 1050 645 1090 suis
668 1050 959 1090 orationibus
980 1056 1024 1090 et
1045 1049 1303 1089 sacrificiis.

173 1121 325 1162 Vallis
348 1121 472 1171 Oliti‚
498 1121 716 1162 Calendis
737 1121 850 1161 Maii
875 1120 989 1161 1553.

174 1194 398 1244 Indignus
420 1198 464 1233 et
484 1193 661 1233 inutilis

175 1264 228 1305 R.
253 1264 302 1304 P.
326 1265 379 1305 T.
402 1264 540 1312 filius,

1207 1407 1520 1447 BENEmcrus.

179 1673 548 1726 Superscriptz'o.
568 1638 801 1715 IIIis—Al
824 1687 936 1728 muy
953 1674 1055 1716 R.d0
1070 1675 1143 1716 Ρ.Ε
1165 1687 1222 1716 en
1239 1675 1335 1716 ihu.
1358 1676 1477 1728 Xpo.
1503 1687 1603 1715 nro.
1627 1674 1673 1715 S.
1693 1677 1736 1715 el

95 1763 240 1814 padre
261 1774 347 1803 mr.
372 1763 555 1814 Ignatio
576 1764 819 1816 preposito
841 1765 1035 1816 general
1057 1765 1113 1805 de
1134 1765 1180 1805 la
1204 1763 1463 1816 Compafiia
1485 1764 1542 1805 de
1562 1728 1653 1806 Isis

176 1846 234 1874 en
253 1834 418 1875 Roma.

176 1906 240 1945 Et
260 1905 357 1946 alsa
380 1917 544 1946 mauu:
567 1906 622 1958 Q.
645 1906 930 1948 Valladolid.
955 1907 1054 1948 Cal.
1079 1908 1191 1948 Maii
1216 1907 1332 1948 1553.

177 1977 230 2029 Q.
263 1977 320 2018 V.
