2080 3392
850 161 934 198 Ax.
969 161 1061 198 1553
1714 161 1786 198 397

212 257 264 297 In
297 258 426 298 hisce
455 258 681 298 bellorum
709 258 982 298 tumultibus
1017 264 1061 298 et
1088 258 1365 298 barbaricae
1394 258 1560 298 classis
1592 256 1601 276 ¹
1634 265 1778 307 metu,

132 329 344 380 plerique
367 329 568 369 confessi
591 335 719 380 sunt,
744 328 853 369 data
874 329 1154 380 praesertim
1170 328 1362 380 jubilaei
1383 329 1650 369 occasione.
1669 329 1780 369 Post

134 411 318 451 quoque
347 401 563 452 permulti
597 407 903 452 perseverant
938 400 1038 440 Deo
1075 412 1124 440 se
1158 400 1425 451 frequenter
1452 400 1775 451 reconciliare,

134 478 184 510 ut
205 471 285 511 vix
306 483 512 523 unquam
531 471 642 511 Rdis
663 471 900 522 Patribus,
925 472 1066 511 etiarn
1087 483 1181 511 non
1202 471 1382 511 feriatis
1405 472 1592 521 diebus,
1618 472 1782 512 abesse

135 554 163 581 a
195 544 366 594 templo
402 543 552 583 liceat.
587 542 801 582 Remissa
832 543 953 582 inter
988 543 1106 582 haec
1142 543 1271 592 odia,
1309 554 1452 593 paces
1489 543 1784 591 conciliatae,

138 614 372 665 prohibita
393 614 640 654 homicidia
667 613 1010 665 veneficiaque,
1045 613 1274 654 adulteria
1298 615 1549 665 dirempta,
1582 622 1626 655 et
1657 626 1784 666 repe—

136 685 224 725 tita
247 684 466 736 conjugia
495 685 711 736 (quarum
742 696 900 725 rerum
924 685 1132 724 omnium
1162 697 1405 736 nunquam
1432 686 1509 726 hic
1537 686 1666 726 deest
1692 697 1786 726 ma-

136 756 287 806 teria).
307 756 431 796 Nihil
453 756 656 796 arbitror
679 756 876 796 attinere
897 762 946 796 ut
969 756 1156 807 singula
1175 756 1450 807 referamus,
1472 769 1577 797 cum
1598 769 1684 797 nec
1706 763 1785 797 tua

137 827 183 867 id
202 827 316 867 velit
337 827 623 877 Paternitas,
647 839 734 868 nec
759 839 845 868 nos
868 839 1051 879 quoque
1073 826 1211 867 facile
1232 828 1480 879 possimus
1505 828 1713 868 Tametsi
1741 829 1788 868 in

138 899 209 938 his
231 899 407 949 aliquot
429 899 711 950 insigniora,
736 905 784 939 ut
806 899 930 950 quod
954 911 1134 939 veneno
1156 899 1321 938 tollere
1342 898 1485 938 filiam
1506 905 1640 950 pater
1662 900 1786 950 cogi-

137 970 271 1020 tarit,
295 970 592 1010 hortantibus
615 970 828 1022 cognatis
849 976 900 1010 ut
920 969 967 1010 id
989 968 1192 1019 faceret;
1216 976 1367 1009 mater
1388 970 1620 1021 quaedam
1640 1002 1648 1020 ,
1673 971 1785 1010 mul-

139 1047 212 1081 tos
229 1039 327 1092 jam
349 1053 496 1082 annos
525 1042 759 1092 adultera,
791 1041 933 1081 filiam
962 1053 1095 1081 suam
1129 1041 1337 1081 nondum
1364 1041 1590 1092 nubilem,
1622 1042 1669 1081 in
1696 1048 1789 1081 tur-

140 1112 360 1163 pissimos
383 1125 438 1153 ac
459 1112 823 1153 nefandissimos
847 1124 958 1153 usus
981 1111 1264 1162 vendiderit,
1285 1118 1328 1152 et
1350 1113 1421 1152 his
1443 1113 1535 1152 alia
1551 1124 1646 1152 non
1669 1113 1788 1152 absi—

141 1184 284 1224 milia.
309 1184 504 1231 Harum,
528 1196 651 1224 nunc
674 1191 844 1236 mater,
880 1184 983 1224 viro
1011 1184 1340 1234 reconciliata,
1375 1182 1788 1224 Sacramentorum

141 1255 427 1306 praesidium
461 1255 732 1307 frequenter
764 1256 987 1307 percipit;
1019 1255 1114 1296 filia
1146 1255 1288 1295 etiam
1309 1254 1550 1306 religionis
1580 1255 1789 1295 habitum

143 1326 336 1366 induere
359 1338 407 1367 se
429 1328 549 1367 velle
570 1327 831 1378 profitetur.

222 1398 434 1438 Illuditur
456 1399 643 1438 interim
664 1405 708 1438 et
732 1399 932 1438 daemon
953 1398 1141 1450 suisque
1163 1398 1262 1450 ipse
1284 1398 1462 1438 artibus
1480 1398 1678 1450 capitur.
1697 1397 1786 1438 Vir

141 1469 265 1509 enim
287 1469 496 1520 quidam,
522 1469 599 1520 qui
622 1470 668 1509 in
700 1469 929 1509 adulterio
961 1476 1184 1509 octavum
1214 1470 1385 1520 agebat
1413 1481 1610 1520 annum,
1644 1481 1699 1510 eo
1732 1469 1791 1510 ad

139 1541 414 1581 concionem
435 1541 602 1592 spiritu
624 1541 855 1581 adductus
875 1548 925 1581 ut
952 1541 1199 1581 moecham
1228 1552 1384 1592 suam,
1409 1540 1507 1593 jam
1536 1553 1562 1581 a
1590 1548 1787 1592 peccato

141 1612 425 1663 digressam,
450 1612 511 1652 ibi
532 1613 791 1664 aspiceret,
815 1612 1053 1653 inescatus
1074 1619 1143 1653 est
1175 1619 1219 1652 et
1245 1613 1365 1664 ipse,
1396 1619 1678 1664 captumque
1710 1623 1790 1652 ore

140 1684 331 1724 hamum
352 1684 485 1724 verbi
512 1683 702 1724 Domini
729 1681 792 1724 ita
825 1690 1098 1724 constanter
1125 1684 1293 1734 tenuit,
1322 1690 1371 1723 ut
1400 1683 1557 1723 facere
1585 1696 1680 1723 non
1713 1696 1790 1735 po-

140 1755 280 1795 tuerit
302 1755 435 1806 quin,
461 1762 661 1806 urgente
685 1755 997 1805 conscientia,
1022 1766 1129 1795 cum
1158 1754 1260 1794 Deo
1282 1755 1460 1806 pariter
1490 1761 1535 1794 et
1566 1766 1713 1795 uxore
1745 1755 1791 1794 in

139 1827 348 1878 gratiam
370 1827 562 1866 rediret.
586 1826 711 1876 Hoc,
735 1827 844 1878 quia
874 1826 1085 1866 nonnihil
1113 1827 1288 1867 habere
1315 1826 1499 1878 gratiae
1527 1826 1789 1876 videbatur,

143 1898 318 1938 referre
340 1898 483 1938 volui.
509 1897 709 1938 Caetera
731 1897 870 1949 hujus
891 1898 1080 1949 generis
1108 1906 1368 1950 praetereo.
1402 1897 1562 1950 Neque
1594 1909 1791 1938 comme-

143 1981 330 2009 morare
353 1970 606 2020 aggredior
635 1981 776 2021 quarn
806 1969 959 2019 multi,
991 1981 1018 2009 a
1046 1969 1259 2020 pluribus
1287 1969 1423 2009 annis
1450 1981 1543 2009 non
1570 1969 1786 2018 confessi,

149 2040 208 2080 ad
234 2047 393 2092 patres
420 2049 608 2081 nostros
637 2041 948 2091 accesserint,
982 2046 1082 2091 aut,
1114 2041 1172 2080 ab
1202 2041 1449 2092 impudicis
1477 2047 1521 2081 et
1550 2041 1738 2080 omnino
1770 2052 1796 2079 a

147 2112 340 2163 perditis
362 2113 568 2152 moribus
591 2112 806 2163 abducti,
832 2112 996 2152 salutis
1017 2123 1130 2152 suae
1153 2118 1373 2164 coeptum
1394 2112 1482 2152 iter
1503 2112 1663 2152 sedulo
1694 2123 1796 2163 pro-

147 2190 419 2234 sequantur.

228 2253 379 2305 Hujus
407 2255 810 2296 evidentissimum
840 2262 908 2296 est
940 2255 1162 2296 indicium
1191 2254 1471 2296 devotorum
1499 2261 1542 2295 et
1570 2265 1792 2294 numerus

150 2325 313 2377 major,
338 2333 381 2366 et
402 2327 449 2366 in
471 2327 569 2366 dies
590 2326 867 2377 ferventior,
891 2333 1031 2379 atque
1063 2327 1123 2367 ad
1153 2339 1290 2367 omne
1319 2338 1436 2378 opus
1463 2327 1635 2366 bonum
1662 2338 1796 2377 para-

149 2398 254 2438 tior.
278 2398 328 2438 In
351 2409 440 2448 quo
468 2410 560 2438 non
590 2398 813 2449 privatim
841 2399 1012 2449 solum,
1044 2397 1125 2438 sed
1153 2398 1335 2450 publice
1362 2398 1526 2448 etiam,
1562 2397 1792 2437 orationis

150 2469 356 2509 studium
379 2469 541 2509 crevit.
572 2469 672 2520 Quo
705 2470 828 2510 enim
856 2476 1066 2521 tempore
1097 2469 1356 2509 adventare
1386 2469 1648 2509 Turcarum
1679 2469 1796 2508 clas-

151 2541 216 2581 sis
237 2540 493 2590 dicebatur,
517 2541 703 2592 publica
727 2541 877 2581 oratio
910 2541 956 2581 in
985 2542 1159 2592 templo
1188 2546 1349 2580 nostro
1381 2540 1593 2580 instituta
1621 2546 1714 2590 est,
1748 2546 1798 2579 ut

151 2612 467 2663 quadraginta
488 2612 710 2652 horarum
730 2612 882 2663 spatio
905 2612 1031 2663 (quot
1060 2612 1204 2652 horas
1234 2611 1435 2651 iacuisse
1464 2611 1510 2651 in
1537 2611 1790 2662 sepulchro

151 2682 413 2724 Salvatoris
453 2683 644 2723 Domini
677 2683 788 2736 J'esu
827 2682 1003 2724 Christi
1042 2682 1226 2734 Corpus
1265 2682 1492 2732 creditur)
1532 2693 1789 2733 nunquam,

152 2755 343 2795 deesent
364 2755 442 2806 qui
464 2761 653 2795 orarent
671 2754 748 2795 diu
765 2761 998 2806 noctuque
1015 2753 1044 2795 ⁶³.
1065 2753 1157 2795 Sed
1179 2754 1382 2794 interdiu
1399 2754 1632 2805 mulieres,
1657 2759 1799 2793 noctu

210 2940 217 2959 ¹
260 2939 448 2966 Turcarum
464 2939 595 2966 classis.

207 2987 220 3004 Ξ
262 2987 346 3014 Vide
363 2994 449 3021 quae
462 2987 501 3014 de
513 2987 577 3014 hac
588 2987 723 3021 publica
735 2986 890 3013 oratione
903 2986 994 3013 dicta
1009 2986 1134 3013 suntin
1145 2985 1305 3019 PoLANffl,
1322 2985 1547 3019 Clzron.,t.111,
1558 2993 1637 3020 pag.
1655 2985 1716 3020 193,
1729 2993 1759 3012 n.
1776 2987 1800 3014 l.
