2080 3392
290 156 360 193 280
800 157 1026 192 LITTERAE
1053 166 1409 198 QUADRIMESTRES

284 252 501 292 Existunt
523 251 728 302 quidam,
753 263 857 291 cum
878 251 1076 302 praediti
1098 263 1270 303 magno
1293 252 1495 303 ingenio,
1513 258 1611 292 tum
1632 265 1851 304 magnam
1870 255 1916 294 in

284 323 521 362 literarum
543 321 694 361 studia
717 333 910 372 operam
931 322 1238 373 conserentes,
1263 324 1483 374 quocirca
1513 323 1637 363 haud
1657 324 1918 364 mediocres

286 393 458 432 habent
489 392 535 431 in
557 392 771 431 doctrina
798 403 1091 443 progressus.
1123 392 1257 443 Quod
1286 400 1467 444 spectat
1495 393 1553 433 ad
1581 394 1804 443 fructum,
1837 396 1916 446 qui

286 472 382 502 tum
404 462 549 502 divini
574 463 704 502 verbi
730 463 1056 510 instrumentO,
1086 469 1183 503 tum
1210 464 1487 504 salutarium
1515 471 1915 505 sacramentorum

284 533 406 573 dono
441 533 696 584 percipitur
717 564 724 582 ‚
761 546 847 573 nec
878 534 916 573 is
952 534 1137 585 quidem
1168 535 1306 574 modo
1342 547 1518 586 parvus
1552 535 1793 575 habendus
1828 542 1912 586 est,

286 604 453 654 quippe
476 615 581 643 cum
601 604 802 655 plurimi,
827 605 984 645 statim
1005 605 1051 644 in
1073 605 1317 656 principio,
1341 610 1390 645 ut
1411 604 1506 645 fere
1524 605 1587 656 fit,
1611 606 1746 645 nobis
1762 606 1916 646 infesti

286 675 561 725 existerent,
594 687 648 714 ac
675 675 808 715 nobis
841 687 925 726 per
954 676 1116 715 urbem
1146 676 1360 716 euntibus
1389 683 1691 717 occurrerent
1713 683 1792 717 aut
1813 679 1913 717 sub-

288 751 593 796 sequerentur
621 746 838 786 irrisores
872 747 1023 787 nostri
1048 747 1265 796 instituti,
1304 759 1359 787 ac
1386 747 1519 787 nobis
1553 747 1840 799 hypocrisim
1873 754 1917 789 et

286 817 487 868 plurima
508 817 623 856 vitia
646 817 949 867 obiectarent,
974 817 1051 857 alii
1072 824 1281 869 tempore
1302 818 1515 869 hyberno
1546 819 1702 858 nivem
1724 819 1916 870 proiice-

287 895 402 927 rent.
426 887 695 938 Enimvero,
720 900 826 928 cum
845 888 1009 940 perdiu
1031 889 1459 929 animadverterent
1478 901 1504 928 a
1525 889 1658 929 nobis
1679 901 1764 929 sua
1780 891 1917 930 male-

287 958 410 998 dicta
428 966 472 998 et
488 959 796 999 contumelias
809 960 1056 1010 contemni,
1072 959 1280 999 deterriti
1295 960 1505 1000 nonnulli
1522 966 1628 1000 sunt
1646 961 1704 1000 ab
1721 961 1914 1011 iniuriis,

286 1040 340 1069 ac
362 1035 540 1069 restant
561 1029 650 1070 Dei
671 1030 858 1081 quidem
878 1031 1166 1081 benignitate
1187 1030 1325 1070 valde
1341 1037 1501 1070 nostro
1520 1030 1674 1070 affecti
1690 1031 1915 1071 instituto.

286 1099 444 1151 Itaque
466 1101 604 1140 modo
625 1101 759 1141 nobis
780 1102 935 1141 acrius
952 1102 1191 1152 negotium
1208 1113 1368 1141 corum
1386 1102 1629 1153 obsequia,
1657 1114 1796 1153 quam
1812 1114 1914 1153 pro-

289 1171 424 1211 ximis
453 1171 613 1212 diebus
641 1178 936 1223 contemptus
969 1179 1047 1212 aut
1074 1173 1457 1224 vituperationes,
1486 1173 1739 1213 facessunt.
1762 1173 1917 1224 Atque

286 1243 374 1282 hac
401 1243 617 1293 proxima
649 1243 1011 1294 quadragesima
1039 1243 1233 1284 Praetor
1259 1244 1395 1283 huius
1426 1244 1555 1284 urbis
1583 1244 1692 1284 visit
1719 1256 1829 1295 nos,
1861 1257 1916 1284 ac

286 1324 392 1353 cum
413 1313 480 1352 rei
501 1312 687 1353 divinae
708 1303 968 1364 interesset,
992 1314 1140 1354 voluit
1162 1314 1395 1354 introduci
1415 1315 1462 1354 in
1483 1315 1733 1366 gymnasia
1754 1326 1809 1354 ac
1841 1315 1917 1355 do-

285 1396 425 1434 mum,
449 1396 503 1423 ac
524 1385 697 1435 petenti
720 1386 950 1425 rationem
972 1386 1284 1426 instituendae
1303 1387 1573 1436 iuventutis,
1593 1386 1792 1426 traditae
1811 1394 1917 1426 sunt

286 1456 476 1505 regulae
499 1456 906 1506 scholasticorum,
937 1468 1055 1508 quas
1082 1457 1280 1508 perlegit
1307 1469 1362 1497 ac
1391 1468 1684 1508 summopere
1707 1463 1919 1497 nostrum

287 1537 465 1566 morem
487 1533 531 1566 et
554 1527 814 1567 institutum
836 1528 1196 1577 commendavit,
1221 1540 1276 1567 ac
1307 1528 1520 1568 omnibus
1552 1528 1749 1579 denique
1779 1528 1920 1568 rebus

287 1596 421 1636 valde
457 1605 719 1637 commotus
750 1610 851 1637 sese
887 1605 1034 1638 totum
1063 1599 1226 1638 obtulit
1257 1597 1501 1648 Societati,
1532 1599 1755 1649 pollicens
1785 1610 1918 1638 suum

287 1667 491 1706 studium
514 1674 558 1706 et
580 1680 771 1718 operam
792 1681 1023 1720 nusquam
1040 1669 1175 1709 nobis
1192 1669 1469 1709 defuturam.
1491 1669 1563 1709 Ad
1580 1669 1669 1709 hoc
1689 1669 1805 1709 civis
1825 1671 1920 1721 qui-

286 1738 394 1777 dam
414 1738 673 1778 honoratus
695 1751 748 1779 ac
771 1740 884 1780 iuris
906 1741 1082 1791 peritus
1103 1748 1145 1780 et
1168 1741 1296 1780 senio
1318 1741 1630 1790 venerandus,
1650 1752 1789 1792 quum
1812 1753 1918 1792 quo-

285 1808 392 1848 dam
427 1809 499 1848 die
530 1810 712 1849 audiret
747 1811 1022 1851 concionem
1053 1812 1099 1851 in
1131 1817 1292 1851 nostro
1323 1811 1509 1862 templo,
1543 1811 1700 1851 divino
1731 1811 1918 1851 numine

286 1879 401 1919 adeo
424 1880 641 1920 incensus
662 1881 746 1920 fuit
769 1881 827 1921 ad
848 1882 1121 1932 religionem
1144 1882 1463 1930 christianam,
1489 1889 1537 1921 ut
1559 1881 1721 1921 eodem
1743 1882 1815 1922 die
1836 1881 1917 1921 Pa-

286 1957 403 1990 trem
425 1951 712 1991 allocuturus
732 1959 1004 2003 reverteret,
1030 1965 1099 2003 ac,
1124 1965 1178 1992 eo
1200 1965 1292 1993 non
1314 1959 1514 2004 reperto,
1538 1953 1602 1992 ita
1623 1959 1723 1992 erat
1744 1952 1917 1992 infiam-

286 2027 456 2071 matus,
480 2028 528 2061 ut
550 2022 631 2061 Vix
653 2022 841 2062 modum
862 2030 1019 2063 tenere
1041 2024 1193 2071 sciret,
1231 2024 1452 2075 quocirca
1484 2023 1734 2063 accersivit
1765 2035 1916 2074 quem-

285 2091 393 2132 dam
410 2104 469 2132 ex
484 2093 707 2133 fratribus
726 2106 780 2133 ac
795 2095 836 2133 ei
853 2106 986 2134 suam
998 2101 1199 2134 mentem
1218 2095 1463 2146 expressit,
1480 2094 1569 2133 hoc
1588 2101 1671 2144 est,
1691 2106 1740 2134 se
1756 2106 1919 2146 percu-

286 2175 396 2213 pere
414 2163 641 2203 inservire
660 2164 820 2214 pietati
838 2177 893 2204 ac
910 2176 959 2204 se
976 2171 1126 2205 totum
1143 2165 1328 2205 tradere
1346 2166 1482 2204 rebus
1496 2165 1681 2215 divinis3
1701 2165 1917 2205 addebat-

285 2245 374 2283 que
395 2245 444 2273 se
466 2234 692 2274 hactenus
713 2247 805 2274 non
827 2235 1109 2275 intellexisse
1127 2236 1235 2287 quid
1253 2244 1373 2275 esset
1393 2236 1579 2275 divinus
1598 2237 1762 2275 cultus.
1782 2235 1917 2275 Prae-

286 2311 412 2343 terea
435 2305 619 2355 quidem
642 2317 690 2344 se
712 2303 767 2345 ac
789 2317 950 2345 omnes
971 2306 1183 2346 fortunas
1205 2318 1312 2345 suas
1335 2306 1626 2346 obedientiae
1653 2306 1806 2346 Patris
1827 2313 1916 2346 tra-

288 2374 439 2424 debat,
466 2375 712 2415 declarans
733 2388 781 2415 se
802 2388 1057 2427 percupere
1079 2376 1178 2416 fieri
1198 2376 1379 2416 fidelem
1408 2376 1492 2416 X.i
1517 2388 1719 2416 servum.
1750 2376 1822 2417 Ac
1850 2389 1917 2416 re-

287 2456 390 2484 rum
425 2452 550 2485 certe
580 2453 775 2486 eventus
803 2447 1011 2486 declarat
1040 2447 1241 2486 hominis
1279 2448 1496 2487 studium.
1534 2447 1717 2487 Etenim
1752 2447 1809 2487 ab
1840 2447 1918 2487 illo

288 2523 493 2567 tempore
511 2517 706 2568 sumpsit
722 2518 1003 2569 principium
1020 2518 1215 2568 singulis
1234 2519 1392 2558 diebus
1410 2518 1653 2558 dominicis
1671 2518 1916 2558 confitendi

288 2595 481 2636 peccata
509 2594 553 2627 et
584 2588 836 2628 accedendi
864 2589 923 2628 ad
957 2600 1150 2628 coenam
1181 2588 1262 2628 X.i
1290 2589 1477 2628 Domini
1499 2600 1604 2628 cum
1630 2599 1802 2639 magno
1832 2600 1915 2628 suo

286 2657 438 2696 fructu
470 2664 514 2697 et
548 2659 689 2698 totius
727 2658 946 2710 familiae3
981 2671 1101 2698 uxor
1136 2671 1336 2711 namque
1371 2671 1706 2711 saepenumero
1743 2659 1916 2710 excipit

286 2727 642 2768 Sanctissimum
662 2729 719 2769 X.
736 2729 743 2755 i
772 2724 966 2780 Corpus3
990 2729 1107 2769 adeo
1129 2730 1333 2769 animum
1352 2730 1409 2770 ad
1426 2741 1502 2769 res
1519 2730 1703 2770 divinas
1720 2730 1913 2777 confert,

287 2806 335 2837 ut
359 2799 569 2838 omnibus
591 2800 648 2838 sit
670 2801 896 2851 exemplo,
922 2812 976 2839 ac
998 2801 1131 2839 nobis
1153 2801 1415 2851 suppeditet
1432 2811 1654 2851 magnam
1671 2801 1914 2840 materiam

287 2868 521 2908 Christum
543 2870 795 2910 Dominum
817 2870 1051 2910 laudandi.
1076 2871 1204 2910 Haec
1228 2871 1391 2911 mulier
1413 2871 1596 2911 iuvenis
1618 2870 1802 2922 quidem
1819 2882 1913 2910 cer-

286 2940 410 2978 nitur
431 2947 599 2989 aetate,
624 2942 869 2991 prudentia
888 2948 1043 2981 autem
1060 2948 1103 2981 et
1119 2942 1343 2981 modestia
1363 2953 1519 2984 senex,
1543 2941 1751 2981 Efficitur
1767 2942 1916 2992 pisca>
