2080 3392
305 211 350 249 12
811 213 1036 250 LITTERAE
1064 221 1420 255 QUADRlMESTRES

301 314 385 348 est.
412 307 610 358 Quidam
632 309 770 348 etiam
792 309 837 348 in
858 308 1041 359 publico
1063 318 1253 347 carcere
1275 307 1479 346 salutare
1500 307 1611 347 illud
1633 307 1778 348 divini
1798 308 1931 348 verbi

302 391 461 418 semen
494 379 692 430 plurima
725 379 1020 429 captivorum
1049 377 1370 417 consolatione
1401 378 1710 429 seminarunt,
1743 378 1932 429 quidam

302 449 441 488 etiam
480 449 607 489 cives
647 449 875 489 exercitia
914 455 1076 488 nostra
1122 447 1347 487 fecerunt.
1387 447 1617 487 Doctrina
1657 448 1928 498 christiana,

300 530 420 570 quae
440 519 596 570 pueris
617 526 661 559 et
683 519 783 558 aliis
806 518 1080 558 adeuntibus
1097 517 1327 558 declarari
1344 519 1567 557 consueta
1584 524 1667 569 est,
1688 519 1906 558 continua
1920 542 1929 546 -

299 595 390 629 tur.
414 589 484 628 ΡΑ·
505 589 581 629 N.¹·
601 589 683 629 ΜΤ
706 589 944 629 Bobaclilla
971 587 981 606 ¹
1004 588 1166 628 eadem
1194 587 1471 627 dexteritate
1492 593 1537 627 et
1559 588 1825 629 auditorum
1845 589 1929 629 fre-

296 660 487 711 quentia
509 671 599 711 qua
622 666 838 710 coeperat
862 659 1109 709 epistolam
1127 658 1185 697 ad
1201 657 1437 697 Romanos
1458 657 1628 709 finivit,
1653 671 1816 699 verum
1837 671 1928 700 non

299 730 372 770 ille
402 730 583 770 felicius
614 731 787 770 destitit
822 741 961 781 quam
990 729 1061 768 P.1·
1092 727 1308 768 Andreas
1338 729 1625 778 psalmorum
1658 729 1929 781 interpreta-

299 801 423 840 tione
444 800 508 840 illi
528 802 773 850 successit,
806 813 891 840 nec
919 807 962 840 et
990 799 1158 839 minori
1185 799 1428 849 concione,
1462 800 1764 850 quantumvis
1790 801 1929 841 etiam

297 871 518 922 temporis
539 871 763 911 hactenus
784 882 955 921 magna
975 870 1112 909 fuerit
1133 870 1450 921 intemperies;
1475 881 1718 920 speramus
1740 882 1923 922 quoque

299 941 397 981 fore
418 949 466 981 ut
487 942 679 981 multum
701 942 829 981 multi
851 942 1027 981 vivent.

379 1012 590 1061 Fratres,
620 1013 704 1051 etsi
734 1013 972 1063 hucusque
1004 1011 1174 1062 partim
1201 1022 1362 1051 eorum
1392 1012 1710 1062 languidiores
1740 1012 1927 1061 fuerint,

305 1094 427 1122 nunc
455 1094 635 1133 omnes,
666 1083 818 1132 gratia
847 1082 957 1132 Dei,
990 1081 1132 1121 validi
1163 1093 1218 1121 ac
1244 1082 1401 1133 vegeti
1429 1088 1535 1122 sunt
1561 1090 1605 1122 et
1635 1082 1757 1134 quod
1783 1083 1927 1123 maxi-

299 1164 425 1192 mum
459 1159 547 1203 est,
577 1154 784 1192 universi
812 1165 894 1192 sua
922 1159 1048 1192 sorte
1079 1153 1440 1204 contentissimi,
1471 1154 1642 1203 singuli
1671 1165 1756 1194 sua
1778 1154 1927 1194 officia

296 1223 552 1263 domestica
581 1224 775 1274 habent,
807 1225 944 1274 inque
984 1224 1061 1274 iis,
1095 1224 1382 1274 temporibus
1418 1224 1569 1264 studio
1603 1236 1696 1264 non
1736 1225 1928 1276 perinde

284 1291 291 1293 ’
310 1294 508 1344 idoneis,
532 1305 633 1333 sese
655 1305 759 1333 cum
777 1294 1005 1333 charitate
1028 1299 1071 1333 et
1092 1294 1332 1344 diligentia
1355 1301 1590 1334 exercent.

378 1363 660 1415 Accepimus
704 1363 919 1414 juvenem
965 1363 1212 1414 quemdam
1257 1363 1484 1415 Siculum,
1522 1365 1762 1416 egregium
1798 1366 1924 1405 illum

292 1434 498 1485 quidem,
523 1434 621 1474 sive
642 1435 839 1485 litteras,
865 1435 962 1474 sive
985 1435 1122 1486 alias,
1153 1447 1271 1486 quae
1297 1436 1343 1475 in
1371 1448 1425 1475 eo
1452 1436 1679 1487 plurimae
1701 1437 1923 1487 relucent,

291 1505 507 1555 corporis
535 1511 578 1544 et
610 1505 748 1544 animi
777 1505 907 1545 dotes
933 1512 1136 1556 spectes,
1167 1512 1211 1545 et
1239 1506 1317 1546 alii
1348 1506 1438 1546 duo
1465 1506 1563 1558 Jam
1593 1507 1792 1546 accincti
1819 1514 1925 1547 sunt

297 1575 554 1625 profecturi
576 1575 792 1626 Romam,
819 1576 877 1615 ad
897 1575 956 1615 V.
981 1576 1029 1616 Ρ.
1053 1577 1297 1626 gremium.

375 1645 515 1685 Aliud
532 1647 688 1696 magni
702 1647 823 1697 quod
840 1647 1040 1686 scribam
1056 1659 1149 1687 non
1167 1647 1389 1697 occurrit,
1411 1648 1551 1688 immo
1568 1648 1762 1688 maximi
1775 1654 1823 1689 ut
1840 1649 1923 1689 sci-

298 1715 403 1754 licet
424 1727 582 1755 omnes
603 1728 687 1756 nos
709 1717 926 1757 minimos
959 1724 1063 1757 tuos
1090 1718 1135 1757 in
1165 1718 1348 1758 Christo
1370 1720 1583 1759 servulos
1605 1720 1855 1770 plurimum
1876 1720 1923 1759 in

296 1784 344 1825 Ρ.
368 1785 426 1825 V.
451 1787 738 1826 orationibus
759 1789 1107 1828 commendatos
1130 1789 1319 1829 habeas.
1344 1789 1468 1829 Idem
1490 1790 1547 1829 ab
1569 1790 1671 1829 aliis
1689 1790 1915 1841 omnibus,

296 1861 675 1907 tampraesentes
706 1870 843 1909 quam
873 1858 1034 1909 futuri,
1060 1871 1199 1910 quam
1229 1871 1477 1911 possumus
1508 1861 1761 1901 humillime
1799 1861 1919 1901 obte-

294 1932 488 1966 stamur.

374 1997 506 2037 Vale.

377 2067 590 2118 Neapoli,
615 2068 803 2108 Calend.
823 2068 1120 2120 Septembris.

377 2136 676 2178 Paternitatis
696 2139 818 2178 Vsass
844 2139 980 2191 Rsslae,
1001 2140 1132 2192 jussu
1155 2153 1255 2194 sup.

376 2208 593 2248 Minimus
613 2210 846 2258 servulus,

1130 2354 1413 2395 THEODORUS
1442 2355 1702 2397 PELTANUS.

347 2528 356 2546 ¹
397 2529 428 2555 P.
445 2530 602 2558 Nicolaus
612 2531 787 2560 Bobadilla
804 2535 902 2561 sociis
916 2536 1078 2568 omnibus,
1094 2535 1148 2569 qui
1159 2535 1300 2570 Neapoli
1317 2539 1555 2572 versabantur,
1570 2539 1664 2573 quasi
1681 2539 1916 2572 Provincialis.

291 2580 462 2609 praeerat,
475 2582 506 2602 et
523 2577 661 2612 Collegii
677 2579 891 2614 Neapolitani
907 2582 1188 2615 superintendens
1203 2588 1288 2611 erat.
