<?xml version="1.0" encoding="UTF-8"?>
<!DOCTYPE html PUBLIC "-//W3C//DTD XHTML 1.0 Transitional//EN"
    "http://www.w3.org/TR/xhtml1/DTD/xhtml1-transitional.dtd">
<html xmlns="http://www.w3.org/1999/xhtml" xml:lang="en" lang="en">
 <head>
  <title>
</title>
<meta http-equiv="Content-Type" content="text/html;charset=utf-8" />
  <meta name='ocr-system' content='tesseract 3.04.00' />
  <meta name='ocr-capabilities' content='ocr_page ocr_carea ocr_par ocr_line ocrx_word'/>
</head>
<body>
  <div class='ocr_page' id='page_1' title='image "./litteraequadrime14lain_0546.png"; bbox 0 0 2080 3392; ppageno 0'>
   <div class='ocr_carea' id='block_1_1' title="bbox 320 202 1444 246">
    <p class='ocr_par' dir='ltr' id='par_1_1' title="bbox 320 202 1444 246">
     <span class='ocr_line' id='line_1_1' title="bbox 320 202 1444 246; baseline 0.002 -7"><span class='ocrx_word' id='word_1_1' title='bbox 320 204 392 240; x_wconf 70' lang='lat'>54¹2</span> <span class='ocrx_word' id='word_1_2' title='bbox 832 202 1059 239; x_wconf 78' lang='lat' dir='ltr'>LITTERAE</span> <span class='ocrx_word' id='word_1_3' title='bbox 1085 213 1444 246; x_wconf 80' lang='lat' dir='ltr'>QUADRiMESTRES</span> 
     </span>
    </p>
   </div>
   <div class='ocr_carea' id='block_1_2' title="bbox 309 298 1951 3043">
    <p class='ocr_par' dir='ltr' id='par_1_2' title="bbox 309 298 1951 2831">
     <span class='ocr_line' id='line_1_2' title="bbox 318 298 1951 351; baseline 0.002 -13"><span class='ocrx_word' id='word_1_4' title='bbox 318 299 561 339; x_wconf 84' lang='lat' dir='ltr'>dominicis</span> <span class='ocrx_word' id='word_1_5' title='bbox 582 298 804 346; x_wconf 88' lang='lat' dir='ltr'>festisque</span> <span class='ocrx_word' id='word_1_6' title='bbox 825 298 1038 338; x_wconf 87' lang='lat' dir='ltr'>omnibus</span> <span class='ocrx_word' id='word_1_7' title='bbox 1059 300 1245 350; x_wconf 85' lang='lat' dir='ltr'>vesperi</span> <span class='ocrx_word' id='word_1_8' title='bbox 1265 311 1359 339; x_wconf 87' lang='lat' dir='ltr'>non</span> <span class='ocrx_word' id='word_1_9' title='bbox 1388 300 1557 340; x_wconf 91' lang='lat' dir='ltr'>minori</span> <span class='ocrx_word' id='word_1_10' title='bbox 1586 300 1773 351; x_wconf 86' lang='lat' dir='ltr'>quidem</span> <span class='ocrx_word' id='word_1_11' title='bbox 1805 302 1951 343; x_wconf 88' lang='lat' dir='ltr'>homi-</span> 
     </span>
     <span class='ocr_line' id='line_1_3' title="bbox 318 367 1951 420; baseline 0.003 -12"><span class='ocrx_word' id='word_1_12' title='bbox 318 382 428 409; x_wconf 88' lang='lat' dir='ltr'>num</span> <span class='ocrx_word' id='word_1_13' title='bbox 450 367 742 420; x_wconf 79' lang='lat' dir='ltr'>[frequentia]</span> <span class='ocrx_word' id='word_1_14' title='bbox 766 380 913 420; x_wconf 90' lang='lat' dir='ltr'>eaque</span> <span class='ocrx_word' id='word_1_15' title='bbox 934 370 1189 410; x_wconf 78' lang='lat' dir='ltr'>attentione</span> <span class='ocrx_word' id='word_1_16' title='bbox 1210 370 1474 410; x_wconf 82' lang='lat' dir='ltr'>doctrinam</span> <span class='ocrx_word' id='word_1_17' title='bbox 1494 370 1622 420; x_wconf 90' lang='lat' dir='ltr'>facit,</span> <span class='ocrx_word' id='word_1_18' title='bbox 1646 376 1695 410; x_wconf 93' lang='lat' dir='ltr'>ut</span> <span class='ocrx_word' id='word_1_19' title='bbox 1716 372 1951 413; x_wconf 81' lang='lat' dir='ltr'>maximae</span> 
     </span>
     <span class='ocr_line' id='line_1_4' title="bbox 319 439 1951 492; baseline 0.002 -13"><span class='ocrx_word' id='word_1_20' title='bbox 319 440 419 479; x_wconf 88' lang='lat' dir='ltr'>Deo</span> <span class='ocrx_word' id='word_1_21' title='bbox 435 440 619 491; x_wconf 88' lang='lat' dir='ltr'>gratiae</span> <span class='ocrx_word' id='word_1_22' title='bbox 635 440 727 480; x_wconf 90' lang='lat' dir='ltr'>sint</span> <span class='ocrx_word' id='word_1_23' title='bbox 740 439 966 490; x_wconf 85' lang='lat' dir='ltr'>agendae.</span> <span class='ocrx_word' id='word_1_24' title='bbox 981 440 1188 481; x_wconf 84' lang='lat' dir='ltr'>Maxima</span> <span class='ocrx_word' id='word_1_25' title='bbox 1200 452 1310 492; x_wconf 88' lang='lat' dir='ltr'>pars</span> <span class='ocrx_word' id='word_1_26' title='bbox 1330 452 1465 481; x_wconf 90' lang='lat' dir='ltr'>mane</span> <span class='ocrx_word' id='word_1_27' title='bbox 1479 441 1526 481; x_wconf 92' lang='lat' dir='ltr'>in</span> <span class='ocrx_word' id='word_1_28' title='bbox 1539 442 1727 492; x_wconf 91' lang='lat' dir='ltr'>templo,</span> <span class='ocrx_word' id='word_1_29' title='bbox 1742 447 1792 481; x_wconf 92' lang='lat' dir='ltr'>ut</span> <span class='ocrx_word' id='word_1_30' title='bbox 1814 453 1951 483; x_wconf 90' lang='lat' dir='ltr'>suum</span> 
     </span>
     <span class='ocr_line' id='line_1_5' title="bbox 319 511 1949 564; baseline 0.001 -14"><span class='ocrx_word' id='word_1_31' title='bbox 319 513 470 550; x_wconf 91' lang='lat' dir='ltr'>locum</span> <span class='ocrx_word' id='word_1_32' title='bbox 487 516 688 561; x_wconf 87' lang='lat' dir='ltr'>tueatur,</span> <span class='ocrx_word' id='word_1_33' title='bbox 712 517 936 560; x_wconf 79' lang='lat' dir='ltr'>remanet,</span> <span class='ocrx_word' id='word_1_34' title='bbox 960 522 1108 562; x_wconf 86' lang='lat' dir='ltr'>neque</span> <span class='ocrx_word' id='word_1_35' title='bbox 1129 522 1353 562; x_wconf 84' lang='lat' dir='ltr'>pransum</span> <span class='ocrx_word' id='word_1_36' title='bbox 1374 511 1422 562; x_wconf 89' lang='lat' dir='ltr'>it,</span> <span class='ocrx_word' id='word_1_37' title='bbox 1446 511 1524 551; x_wconf 90' lang='lat' dir='ltr'>alii</span> <span class='ocrx_word' id='word_1_38' title='bbox 1541 511 1694 552; x_wconf 91' lang='lat' dir='ltr'>cibum</span> <span class='ocrx_word' id='word_1_39' title='bbox 1715 511 1870 552; x_wconf 87' lang='lat' dir='ltr'>afferri</span> <span class='ocrx_word' id='word_1_40' title='bbox 1883 512 1949 564; x_wconf 88' lang='lat' dir='ltr'>ju-</span> 
     </span>
     <span class='ocr_line' id='line_1_6' title="bbox 317 581 1950 634; baseline 0.001 -13"><span class='ocrx_word' id='word_1_41' title='bbox 317 583 440 631; x_wconf 88' lang='lat' dir='ltr'>bent,</span> <span class='ocrx_word' id='word_1_42' title='bbox 463 582 509 621; x_wconf 90' lang='lat' dir='ltr'>in</span> <span class='ocrx_word' id='word_1_43' title='bbox 532 592 696 633; x_wconf 90' lang='lat' dir='ltr'>campo</span> <span class='ocrx_word' id='word_1_44' title='bbox 718 581 1017 632; x_wconf 81' lang='lat' dir='ltr'>manducant3</span> <span class='ocrx_word' id='word_1_45' title='bbox 1041 582 1118 622; x_wconf 90' lang='lat' dir='ltr'>ubi</span> <span class='ocrx_word' id='word_1_46' title='bbox 1140 593 1224 622; x_wconf 93' lang='lat' dir='ltr'>nos</span> <span class='ocrx_word' id='word_1_47' title='bbox 1245 582 1337 622; x_wconf 91' lang='lat' dir='ltr'>cibi</span> <span class='ocrx_word' id='word_1_48' title='bbox 1357 582 1572 634; x_wconf 86' lang='lat' dir='ltr'>capiendi</span> <span class='ocrx_word' id='word_1_49' title='bbox 1592 594 1736 622; x_wconf 91' lang='lat' dir='ltr'>causa</span> <span class='ocrx_word' id='word_1_50' title='bbox 1758 582 1814 623; x_wconf 90' lang='lat' dir='ltr'>de</span> <span class='ocrx_word' id='word_1_51' title='bbox 1833 590 1950 624; x_wconf 92' lang='lat' dir='ltr'>tem-</span> 
     </span>
     <span class='ocr_line' id='line_1_7' title="bbox 319 652 1949 705; baseline 0.001 -13"><span class='ocrx_word' id='word_1_52' title='bbox 319 654 394 703; x_wconf 89' lang='lat' dir='ltr'>plo</span> <span class='ocrx_word' id='word_1_53' title='bbox 417 652 721 703; x_wconf 81' lang='lat' dir='ltr'>discedimus,</span> <span class='ocrx_word' id='word_1_54' title='bbox 746 652 870 704; x_wconf 92' lang='lat' dir='ltr'>quod</span> <span class='ocrx_word' id='word_1_55' title='bbox 891 659 1017 692; x_wconf 90' lang='lat' dir='ltr'>certe</span> <span class='ocrx_word' id='word_1_56' title='bbox 1039 652 1098 692; x_wconf 91' lang='lat' dir='ltr'>ad</span> <span class='ocrx_word' id='word_1_57' title='bbox 1118 653 1358 693; x_wconf 84' lang='lat' dir='ltr'>meridiem</span> <span class='ocrx_word' id='word_1_58' title='bbox 1379 658 1458 692; x_wconf 89' lang='lat' dir='ltr'>aut</span> <span class='ocrx_word' id='word_1_59' title='bbox 1481 653 1629 693; x_wconf 88' lang='lat' dir='ltr'>serius</span> <span class='ocrx_word' id='word_1_60' title='bbox 1650 659 1841 705; x_wconf 89' lang='lat' dir='ltr'>propter</span> <span class='ocrx_word' id='word_1_61' title='bbox 1862 654 1949 694; x_wconf 87' lang='lat' dir='ltr'>fre-</span> 
     </span>
     <span class='ocr_line' id='line_1_8' title="bbox 316 723 1949 776; baseline 0.001 -13"><span class='ocrx_word' id='word_1_62' title='bbox 316 723 645 775; x_wconf 88' lang='lat' dir='ltr'>quentissimas</span> <span class='ocrx_word' id='word_1_63' title='bbox 662 723 981 764; x_wconf 89' lang='lat' dir='ltr'>confessiones</span> <span class='ocrx_word' id='word_1_64' title='bbox 997 723 1060 774; x_wconf 91' lang='lat' dir='ltr'>fit,</span> <span class='ocrx_word' id='word_1_65' title='bbox 1079 723 1176 763; x_wconf 87' lang='lat' dir='ltr'>fere</span> <span class='ocrx_word' id='word_1_66' title='bbox 1192 729 1339 764; x_wconf 91' lang='lat' dir='ltr'>totam</span> <span class='ocrx_word' id='word_1_67' title='bbox 1356 724 1604 764; x_wconf 88' lang='lat' dir='ltr'>ecclesiam</span> <span class='ocrx_word' id='word_1_68' title='bbox 1624 734 1904 776; x_wconf 84' lang='lat' dir='ltr'>occupatam</span> <span class='ocrx_word' id='word_1_69' title='bbox 1923 737 1949 765; x_wconf 92' lang='lat' dir='ltr'>a</span> 
     </span>
     <span class='ocr_line' id='line_1_9' title="bbox 316 794 1948 846; baseline 0.001 -11"><span class='ocrx_word' id='word_1_70' title='bbox 316 796 486 846; x_wconf 89' lang='lat' dir='ltr'>populo</span> <span class='ocrx_word' id='word_1_71' title='bbox 514 794 836 846; x_wconf 77' lang='lat' dir='ltr'>relinquimus,</span> <span class='ocrx_word' id='word_1_72' title='bbox 862 795 940 846; x_wconf 93' lang='lat' dir='ltr'>qui</span> <span class='ocrx_word' id='word_1_73' title='bbox 967 801 1149 834; x_wconf 90' lang='lat' dir='ltr'>tantum</span> <span class='ocrx_word' id='word_1_74' title='bbox 1179 794 1237 834; x_wconf 85' lang='lat' dir='ltr'>ad</span> <span class='ocrx_word' id='word_1_75' title='bbox 1265 795 1527 835; x_wconf 79' lang='lat' dir='ltr'>doctrinam</span> <span class='ocrx_word' id='word_1_76' title='bbox 1556 795 1763 835; x_wconf 89' lang='lat' dir='ltr'>confluit.</span> <span class='ocrx_word' id='word_1_77' title='bbox 1792 796 1948 836; x_wconf 90' lang='lat' dir='ltr'>Finito</span> 
     </span>
     <span class='ocr_line' id='line_1_10' title="bbox 315 866 1951 918; baseline 0.001 -13"><span class='ocrx_word' id='word_1_78' title='bbox 315 873 469 906; x_wconf 90' lang='lat' dir='ltr'>autem</span> <span class='ocrx_word' id='word_1_79' title='bbox 490 866 709 917; x_wconf 86' lang='lat' dir='ltr'>prandio,</span> <span class='ocrx_word' id='word_1_80' title='bbox 733 866 797 906; x_wconf 89' lang='lat' dir='ltr'>ita</span> <span class='ocrx_word' id='word_1_81' title='bbox 818 866 1040 906; x_wconf 82' lang='lat' dir='ltr'>refertam</span> <span class='ocrx_word' id='word_1_82' title='bbox 1062 866 1339 915; x_wconf 89' lang='lat' dir='ltr'>invenimus,</span> <span class='ocrx_word' id='word_1_83' title='bbox 1359 878 1464 905; x_wconf 92' lang='lat' dir='ltr'>cum</span> <span class='ocrx_word' id='word_1_84' title='bbox 1481 867 1539 906; x_wconf 91' lang='lat' dir='ltr'>sit</span> <span class='ocrx_word' id='word_1_85' title='bbox 1557 867 1882 918; x_wconf 88' lang='lat' dir='ltr'>capacissima,</span> <span class='ocrx_word' id='word_1_86' title='bbox 1902 873 1951 907; x_wconf 93' lang='lat' dir='ltr'>ut</span> 
     </span>
     <span class='ocr_line' id='line_1_11' title="bbox 314 936 1950 988; baseline 0.001 -12"><span class='ocrx_word' id='word_1_87' title='bbox 314 948 450 976; x_wconf 91' lang='lat' dir='ltr'>nemo</span> <span class='ocrx_word' id='word_1_88' title='bbox 471 936 592 976; x_wconf 89' lang='lat' dir='ltr'>intro</span> <span class='ocrx_word' id='word_1_89' title='bbox 615 936 795 976; x_wconf 85' lang='lat' dir='ltr'>admitti</span> <span class='ocrx_word' id='word_1_90' title='bbox 820 936 989 988; x_wconf 73' lang='lat' dir='ltr'>possit,</span> <span class='ocrx_word' id='word_1_91' title='bbox 1019 937 1065 976; x_wconf 91' lang='lat' dir='ltr'>id</span> <span class='ocrx_word' id='word_1_92' title='bbox 1087 936 1210 987; x_wconf 88' lang='lat' dir='ltr'>quod</span> <span class='ocrx_word' id='word_1_93' title='bbox 1231 948 1380 988; x_wconf 92' lang='lat' dir='ltr'>neque</span> <span class='ocrx_word' id='word_1_94' title='bbox 1401 937 1561 988; x_wconf 85' lang='lat' dir='ltr'>pluvia</span> <span class='ocrx_word' id='word_1_95' title='bbox 1589 949 1739 988; x_wconf 90' lang='lat' dir='ltr'>neque</span> <span class='ocrx_word' id='word_1_96' title='bbox 1761 938 1854 977; x_wconf 88' lang='lat' dir='ltr'>alia</span> <span class='ocrx_word' id='word_1_97' title='bbox 1875 949 1950 978; x_wconf 93' lang='lat' dir='ltr'>res</span> 
     </span>
     <span class='ocr_line' id='line_1_12' title="bbox 314 1007 1948 1059; baseline 0.001 -13"><span class='ocrx_word' id='word_1_98' title='bbox 314 1008 408 1046; x_wconf 92' lang='lat' dir='ltr'>ulla</span> <span class='ocrx_word' id='word_1_99' title='bbox 425 1007 636 1058; x_wconf 90' lang='lat' dir='ltr'>impedit,</span> <span class='ocrx_word' id='word_1_100' title='bbox 660 1019 753 1047; x_wconf 90' lang='lat' dir='ltr'>non</span> <span class='ocrx_word' id='word_1_101' title='bbox 770 1008 1019 1048; x_wconf 87' lang='lat' dir='ltr'>conciones</span> <span class='ocrx_word' id='word_1_102' title='bbox 1042 1008 1144 1047; x_wconf 87' lang='lat' dir='ltr'>aliis</span> <span class='ocrx_word' id='word_1_103' title='bbox 1166 1008 1212 1047; x_wconf 92' lang='lat' dir='ltr'>in</span> <span class='ocrx_word' id='word_1_104' title='bbox 1234 1007 1347 1047; x_wconf 90' lang='lat' dir='ltr'>locis</span> <span class='ocrx_word' id='word_1_105' title='bbox 1368 1008 1571 1059; x_wconf 88' lang='lat' dir='ltr'>habitae,</span> <span class='ocrx_word' id='word_1_106' title='bbox 1594 1019 1688 1048; x_wconf 89' lang='lat' dir='ltr'>non</span> <span class='ocrx_word' id='word_1_107' title='bbox 1711 1008 1948 1059; x_wconf 90' lang='lat' dir='ltr'>indulgen-</span> 
     </span>
     <span class='ocr_line' id='line_1_13' title="bbox 315 1077 1946 1130; baseline 0.001 -12"><span class='ocrx_word' id='word_1_108' title='bbox 315 1078 421 1118; x_wconf 89' lang='lat' dir='ltr'>tiae.</span> <span class='ocrx_word' id='word_1_109' title='bbox 446 1077 660 1130; x_wconf 88' lang='lat' dir='ltr'>Denique</span> <span class='ocrx_word' id='word_1_110' title='bbox 681 1084 812 1118; x_wconf 89' lang='lat' dir='ltr'>tanta</span> <span class='ocrx_word' id='word_1_111' title='bbox 834 1084 902 1118; x_wconf 92' lang='lat' dir='ltr'>est</span> <span class='ocrx_word' id='word_1_112' title='bbox 923 1078 1168 1118; x_wconf 89' lang='lat' dir='ltr'>multitudo</span> <span class='ocrx_word' id='word_1_113' title='bbox 1191 1090 1371 1129; x_wconf 89' lang='lat' dir='ltr'>eorum,</span> <span class='ocrx_word' id='word_1_114' title='bbox 1396 1079 1474 1130; x_wconf 89' lang='lat' dir='ltr'>qui</span> <span class='ocrx_word' id='word_1_115' title='bbox 1494 1079 1709 1130; x_wconf 86' lang='lat' dir='ltr'>veniunt,</span> <span class='ocrx_word' id='word_1_116' title='bbox 1734 1085 1783 1119; x_wconf 92' lang='lat' dir='ltr'>ut</span> <span class='ocrx_word' id='word_1_117' title='bbox 1805 1091 1946 1130; x_wconf 82' lang='lat' dir='ltr'>quam</span> 
     </span>
     <span class='ocr_line' id='line_1_14' title="bbox 315 1149 1948 1201; baseline 0.001 -12"><span class='ocrx_word' id='word_1_118' title='bbox 315 1149 586 1201; x_wconf 77' lang='lat' dir='ltr'>saepissime</span> <span class='ocrx_word' id='word_1_119' title='bbox 599 1150 754 1200; x_wconf 88' lang='lat' dir='ltr'>plures</span> <span class='ocrx_word' id='word_1_120' title='bbox 771 1160 910 1200; x_wconf 89' lang='lat' dir='ltr'>quam</span> <span class='ocrx_word' id='word_1_121' title='bbox 927 1155 1200 1189; x_wconf 84' lang='lat' dir='ltr'>remaneant</span> <span class='ocrx_word' id='word_1_122' title='bbox 1215 1155 1528 1197; x_wconf 72' lang='lat' dir='ltr'>revertantur,</span> <span class='ocrx_word' id='word_1_123' title='bbox 1553 1149 1676 1201; x_wconf 91' lang='lat' dir='ltr'>quod</span> <span class='ocrx_word' id='word_1_124' title='bbox 1694 1161 1799 1189; x_wconf 91' lang='lat' dir='ltr'>cum</span> <span class='ocrx_word' id='word_1_125' title='bbox 1811 1149 1948 1190; x_wconf 87' lang='lat' dir='ltr'>Prae-</span> 
     </span>
     <span class='ocr_line' id='line_1_15' title="bbox 314 1220 1946 1273; baseline 0.001 -13"><span class='ocrx_word' id='word_1_126' title='bbox 314 1221 493 1271; x_wconf 89' lang='lat' dir='ltr'>positus</span> <span class='ocrx_word' id='word_1_127' title='bbox 510 1226 669 1260; x_wconf 88' lang='lat' dir='ltr'>noster</span> <span class='ocrx_word' id='word_1_128' title='bbox 686 1220 1095 1270; x_wconf 84' lang='lat' dir='ltr'>animadverteret,</span> <span class='ocrx_word' id='word_1_129' title='bbox 1115 1232 1361 1260; x_wconf 89' lang='lat' dir='ltr'>necessum</span> <span class='ocrx_word' id='word_1_130' title='bbox 1377 1232 1479 1260; x_wconf 89' lang='lat' dir='ltr'>esse</span> <span class='ocrx_word' id='word_1_131' title='bbox 1496 1221 1796 1272; x_wconf 75' lang='lat' dir='ltr'>existimavit,</span> <span class='ocrx_word' id='word_1_132' title='bbox 1821 1220 1946 1273; x_wconf 89' lang='lat' dir='ltr'>[quo]</span> 
     </span>
     <span class='ocr_line' id='line_1_16' title="bbox 315 1291 1948 1343; baseline 0.001 -12"><span class='ocrx_word' id='word_1_133' title='bbox 315 1291 654 1331; x_wconf 85' lang='lat' dir='ltr'>ardentissimis</span> <span class='ocrx_word' id='word_1_134' title='bbox 674 1297 770 1331; x_wconf 89' lang='lat' dir='ltr'>tam</span> <span class='ocrx_word' id='word_1_135' title='bbox 791 1292 1027 1331; x_wconf 88' lang='lat' dir='ltr'>numerosi</span> <span class='ocrx_word' id='word_1_136' title='bbox 1048 1291 1205 1343; x_wconf 92' lang='lat' dir='ltr'>populi</span> <span class='ocrx_word' id='word_1_137' title='bbox 1227 1291 1391 1331; x_wconf 91' lang='lat' dir='ltr'>studiis</span> <span class='ocrx_word' id='word_1_138' title='bbox 1413 1292 1719 1342; x_wconf 83' lang='lat' dir='ltr'>satisfaceret,</span> <span class='ocrx_word' id='word_1_139' title='bbox 1743 1299 1793 1332; x_wconf 92' lang='lat' dir='ltr'>ut</span> <span class='ocrx_word' id='word_1_140' title='bbox 1809 1292 1948 1332; x_wconf 86' lang='lat' dir='ltr'>Pater</span> 
     </span>
     <span class='ocr_line' id='line_1_17' title="bbox 314 1361 1946 1415; baseline 0.001 -14"><span class='ocrx_word' id='word_1_141' title='bbox 314 1375 398 1413; x_wconf 88' lang='lat' dir='ltr'>pro</span> <span class='ocrx_word' id='word_1_142' title='bbox 420 1363 578 1413; x_wconf 91' lang='lat' dir='ltr'>templi</span> <span class='ocrx_word' id='word_1_143' title='bbox 600 1363 752 1402; x_wconf 85' lang='lat' dir='ltr'>valvis</span> <span class='ocrx_word' id='word_1_144' title='bbox 774 1363 1046 1402; x_wconf 85' lang='lat' dir='ltr'>concionari</span> <span class='ocrx_word' id='word_1_145' title='bbox 1062 1361 1316 1413; x_wconf 86' lang='lat' dir='ltr'>juberetur.</span> <span class='ocrx_word' id='word_1_146' title='bbox 1337 1362 1386 1402; x_wconf 92' lang='lat' dir='ltr'>Id</span> <span class='ocrx_word' id='word_1_147' title='bbox 1403 1362 1526 1413; x_wconf 90' lang='lat' dir='ltr'>quod</span> <span class='ocrx_word' id='word_1_148' title='bbox 1543 1363 1618 1402; x_wconf 91' lang='lat' dir='ltr'>ille</span> <span class='ocrx_word' id='word_1_149' title='bbox 1635 1375 1716 1414; x_wconf 92' lang='lat' dir='ltr'>per</span> <span class='ocrx_word' id='word_1_150' title='bbox 1735 1364 1946 1415; x_wconf 85' lang='lat' dir='ltr'>corporis</span> 
     </span>
     <span class='ocr_line' id='line_1_18' title="bbox 314 1433 1948 1485; baseline 0.001 -13"><span class='ocrx_word' id='word_1_151' title='bbox 314 1434 678 1473; x_wconf 83' lang='lat' dir='ltr'>imbecillitatem</span> <span class='ocrx_word' id='word_1_152' title='bbox 713 1440 756 1473; x_wconf 88' lang='lat' dir='ltr'>et</span> <span class='ocrx_word' id='word_1_153' title='bbox 784 1433 1100 1473; x_wconf 88' lang='lat' dir='ltr'>valetudinem</span> <span class='ocrx_word' id='word_1_154' title='bbox 1136 1433 1213 1473; x_wconf 88' lang='lat' dir='ltr'>diu</span> <span class='ocrx_word' id='word_1_155' title='bbox 1243 1434 1451 1485; x_wconf 86' lang='lat' dir='ltr'>nequivit</span> <span class='ocrx_word' id='word_1_156' title='bbox 1483 1434 1726 1474; x_wconf 88' lang='lat' dir='ltr'>sustinere.</span> <span class='ocrx_word' id='word_1_157' title='bbox 1760 1433 1852 1474; x_wconf 84' lang='lat' dir='ltr'>Sed</span> <span class='ocrx_word' id='word_1_158' title='bbox 1879 1440 1948 1474; x_wconf 90' lang='lat' dir='ltr'>est</span> 
     </span>
     <span class='ocr_line' id='line_1_19' title="bbox 314 1505 1946 1557; baseline 0.001 -13"><span class='ocrx_word' id='word_1_159' title='bbox 314 1516 427 1544; x_wconf 87' lang='lat' dir='ltr'>sane</span> <span class='ocrx_word' id='word_1_160' title='bbox 449 1505 635 1556; x_wconf 89' lang='lat' dir='ltr'>quidem</span> <span class='ocrx_word' id='word_1_161' title='bbox 656 1505 824 1544; x_wconf 90' lang='lat' dir='ltr'>mirum</span> <span class='ocrx_word' id='word_1_162' title='bbox 845 1505 1004 1544; x_wconf 82' lang='lat' dir='ltr'>videre</span> <span class='ocrx_word' id='word_1_163' title='bbox 1026 1517 1166 1556; x_wconf 89' lang='lat' dir='ltr'>quam</span> <span class='ocrx_word' id='word_1_164' title='bbox 1192 1505 1387 1545; x_wconf 88' lang='lat' dir='ltr'>libenter</span> <span class='ocrx_word' id='word_1_165' title='bbox 1421 1514 1687 1557; x_wconf 88' lang='lat' dir='ltr'>quantaque</span> <span class='ocrx_word' id='word_1_166' title='bbox 1717 1505 1946 1546; x_wconf 86' lang='lat' dir='ltr'>aviditate</span> 
     </span>
     <span class='ocr_line' id='line_1_20' title="bbox 315 1576 1947 1628; baseline 0.001 -13"><span class='ocrx_word' id='word_1_167' title='bbox 315 1588 474 1615; x_wconf 89' lang='lat' dir='ltr'>omnes</span> <span class='ocrx_word' id='word_1_168' title='bbox 498 1588 602 1615; x_wconf 89' lang='lat' dir='ltr'>eum</span> <span class='ocrx_word' id='word_1_169' title='bbox 625 1576 836 1626; x_wconf 89' lang='lat' dir='ltr'>audiant,</span> <span class='ocrx_word' id='word_1_170' title='bbox 862 1576 1029 1627; x_wconf 85' lang='lat' dir='ltr'>quippe</span> <span class='ocrx_word' id='word_1_171' title='bbox 1057 1576 1135 1628; x_wconf 90' lang='lat' dir='ltr'>qui</span> <span class='ocrx_word' id='word_1_172' title='bbox 1162 1582 1206 1616; x_wconf 91' lang='lat' dir='ltr'>et</span> <span class='ocrx_word' id='word_1_173' title='bbox 1235 1576 1479 1626; x_wconf 86' lang='lat' dir='ltr'>doctrinis,</span> <span class='ocrx_word' id='word_1_174' title='bbox 1512 1588 1631 1627; x_wconf 89' lang='lat' dir='ltr'>quae</span> <span class='ocrx_word' id='word_1_175' title='bbox 1666 1576 1783 1616; x_wconf 87' lang='lat' dir='ltr'>foris</span> <span class='ocrx_word' id='word_1_176' title='bbox 1811 1577 1947 1617; x_wconf 89' lang='lat' dir='ltr'>habe-</span> 
     </span>
     <span class='ocr_line' id='line_1_21' title="bbox 312 1647 1944 1698; baseline 0.001 -12"><span class='ocrx_word' id='word_1_177' title='bbox 312 1647 496 1697; x_wconf 78' lang='lat' dir='ltr'>bantur,</span> <span class='ocrx_word' id='word_1_178' title='bbox 521 1647 627 1686; x_wconf 90' lang='lat' dir='ltr'>licet</span> <span class='ocrx_word' id='word_1_179' title='bbox 648 1648 840 1698; x_wconf 87' lang='lat' dir='ltr'>plueret,</span> <span class='ocrx_word' id='word_1_180' title='bbox 871 1647 1172 1687; x_wconf 87' lang='lat' dir='ltr'>nihilominus</span> <span class='ocrx_word' id='word_1_181' title='bbox 1200 1653 1380 1687; x_wconf 83' lang='lat' dir='ltr'>tantum</span> <span class='ocrx_word' id='word_1_182' title='bbox 1411 1647 1475 1687; x_wconf 84' lang='lat' dir='ltr'>illi</span> <span class='ocrx_word' id='word_1_183' title='bbox 1508 1648 1742 1687; x_wconf 89' lang='lat' dir='ltr'>silentium</span> <span class='ocrx_word' id='word_1_184' title='bbox 1772 1648 1944 1688; x_wconf 90' lang='lat' dir='ltr'>tribue-</span> 
     </span>
     <span class='ocr_line' id='line_1_22' title="bbox 315 1718 1943 1769; baseline 0.001 -13"><span class='ocrx_word' id='word_1_185' title='bbox 315 1718 441 1768; x_wconf 86' lang='lat' dir='ltr'>bant,</span> <span class='ocrx_word' id='word_1_186' title='bbox 464 1723 689 1768; x_wconf 87' lang='lat' dir='ltr'>quantum</span> <span class='ocrx_word' id='word_1_187' title='bbox 712 1718 913 1757; x_wconf 81' lang='lat' dir='ltr'>maxime</span> <span class='ocrx_word' id='word_1_188' title='bbox 935 1729 1100 1757; x_wconf 87' lang='lat' dir='ltr'>serena</span> <span class='ocrx_word' id='word_1_189' title='bbox 1122 1724 1399 1769; x_wconf 86' lang='lat' dir='ltr'>tempestate</span> <span class='ocrx_word' id='word_1_190' title='bbox 1421 1718 1709 1758; x_wconf 85' lang='lat' dir='ltr'>tribuissent:</span> <span class='ocrx_word' id='word_1_191' title='bbox 1733 1730 1857 1759; x_wconf 91' lang='lat' dir='ltr'>nunc</span> <span class='ocrx_word' id='word_1_192' title='bbox 1879 1719 1943 1758; x_wconf 91' lang='lat' dir='ltr'>in-</span> 
     </span>
     <span class='ocr_line' id='line_1_23' title="bbox 314 1788 1943 1839; baseline 0.001 -12"><span class='ocrx_word' id='word_1_193' title='bbox 314 1795 388 1827; x_wconf 85' lang='lat' dir='ltr'>tus</span> <span class='ocrx_word' id='word_1_194' title='bbox 409 1788 728 1837; x_wconf 86' lang='lat' dir='ltr'>concionatur,</span> <span class='ocrx_word' id='word_1_195' title='bbox 749 1794 998 1839; x_wconf 83' lang='lat' dir='ltr'>tantusque</span> <span class='ocrx_word' id='word_1_196' title='bbox 1018 1795 1086 1828; x_wconf 88' lang='lat' dir='ltr'>est</span> <span class='ocrx_word' id='word_1_197' title='bbox 1105 1800 1376 1839; x_wconf 90' lang='lat' dir='ltr'>concursus,</span> <span class='ocrx_word' id='word_1_198' title='bbox 1395 1795 1443 1828; x_wconf 92' lang='lat' dir='ltr'>ut</span> <span class='ocrx_word' id='word_1_199' title='bbox 1460 1789 1595 1829; x_wconf 89' lang='lat' dir='ltr'>nobis</span> <span class='ocrx_word' id='word_1_200' title='bbox 1613 1801 1725 1828; x_wconf 87' lang='lat' dir='ltr'>sane</span> <span class='ocrx_word' id='word_1_201' title='bbox 1744 1789 1943 1829; x_wconf 89' lang='lat' dir='ltr'>admira-</span> 
     </span>
     <span class='ocr_line' id='line_1_24' title="bbox 315 1858 1944 1911; baseline 0.001 -13"><span class='ocrx_word' id='word_1_202' title='bbox 315 1860 428 1899; x_wconf 85' lang='lat' dir='ltr'>tioni</span> <span class='ocrx_word' id='word_1_203' title='bbox 448 1859 519 1898; x_wconf 90' lang='lat' dir='ltr'>sit.</span> <span class='ocrx_word' id='word_1_204' title='bbox 544 1858 662 1898; x_wconf 89' lang='lat' dir='ltr'>Nam</span> <span class='ocrx_word' id='word_1_205' title='bbox 684 1870 789 1898; x_wconf 89' lang='lat' dir='ltr'>cum</span> <span class='ocrx_word' id='word_1_206' title='bbox 805 1859 955 1898; x_wconf 88' lang='lat' dir='ltr'>sciant</span> <span class='ocrx_word' id='word_1_207' title='bbox 972 1865 1014 1898; x_wconf 85' lang='lat' dir='ltr'>et</span> <span class='ocrx_word' id='word_1_208' title='bbox 1033 1860 1278 1899; x_wconf 89' lang='lat' dir='ltr'>ecclesiam</span> <span class='ocrx_word' id='word_1_209' title='bbox 1298 1871 1390 1899; x_wconf 87' lang='lat' dir='ltr'>non</span> <span class='ocrx_word' id='word_1_210' title='bbox 1408 1872 1545 1911; x_wconf 89' lang='lat' dir='ltr'>posse</span> <span class='ocrx_word' id='word_1_211' title='bbox 1563 1866 1742 1899; x_wconf 83' lang='lat' dir='ltr'>tantam</span> <span class='ocrx_word' id='word_1_212' title='bbox 1759 1860 1944 1900; x_wconf 87' lang='lat' dir='ltr'>turbam</span> 
     </span>
     <span class='ocr_line' id='line_1_25' title="bbox 314 1930 1944 1981; baseline 0.001 -12"><span class='ocrx_word' id='word_1_213' title='bbox 314 1941 498 1980; x_wconf 87' lang='lat' dir='ltr'>capere,</span> <span class='ocrx_word' id='word_1_214' title='bbox 522 1936 589 1970; x_wconf 91' lang='lat' dir='ltr'>tot</span> <span class='ocrx_word' id='word_1_215' title='bbox 610 1930 761 1980; x_wconf 89' lang='lat' dir='ltr'>magis</span> <span class='ocrx_word' id='word_1_216' title='bbox 781 1930 1025 1981; x_wconf 81' lang='lat' dir='ltr'>magisque</span> <span class='ocrx_word' id='word_1_217' title='bbox 1047 1930 1093 1969; x_wconf 91' lang='lat' dir='ltr'>in</span> <span class='ocrx_word' id='word_1_218' title='bbox 1114 1930 1212 1970; x_wconf 90' lang='lat' dir='ltr'>dies</span> <span class='ocrx_word' id='word_1_219' title='bbox 1234 1930 1485 1980; x_wconf 87' lang='lat' dir='ltr'>confluunt,</span> <span class='ocrx_word' id='word_1_220' title='bbox 1509 1938 1559 1970; x_wconf 91' lang='lat' dir='ltr'>ut</span> <span class='ocrx_word' id='word_1_221' title='bbox 1581 1931 1710 1970; x_wconf 90' lang='lat' dir='ltr'>initio</span> <span class='ocrx_word' id='word_1_222' title='bbox 1746 1931 1801 1970; x_wconf 91' lang='lat' dir='ltr'>de</span> <span class='ocrx_word' id='word_1_223' title='bbox 1831 1931 1944 1971; x_wconf 89' lang='lat' dir='ltr'>dua-</span> 
     </span>
     <span class='ocr_line' id='line_1_26' title="bbox 312 2000 1946 2052; baseline 0.001 -12"><span class='ocrx_word' id='word_1_224' title='bbox 312 2001 398 2040; x_wconf 91' lang='lat' dir='ltr'>bus</span> <span class='ocrx_word' id='word_1_225' title='bbox 432 2013 538 2051; x_wconf 89' lang='lat' dir='ltr'>una,</span> <span class='ocrx_word' id='word_1_226' title='bbox 575 2012 698 2041; x_wconf 92' lang='lat' dir='ltr'>nunc</span> <span class='ocrx_word' id='word_1_227' title='bbox 726 2000 781 2040; x_wconf 89' lang='lat' dir='ltr'>de</span> <span class='ocrx_word' id='word_1_228' title='bbox 808 2001 956 2040; x_wconf 90' lang='lat' dir='ltr'>tribus</span> <span class='ocrx_word' id='word_1_229' title='bbox 990 2000 1135 2040; x_wconf 84' lang='lat' dir='ltr'>ferme</span> <span class='ocrx_word' id='word_1_230' title='bbox 1170 2001 1310 2051; x_wconf 88' lang='lat' dir='ltr'>duae,</span> <span class='ocrx_word' id='word_1_231' title='bbox 1336 2007 1521 2052; x_wconf 77' lang='lat' dir='ltr'>parteS,</span> <span class='ocrx_word' id='word_1_232' title='bbox 1547 2001 1689 2052; x_wconf 88' lang='lat' dir='ltr'>quod,</span> <span class='ocrx_word' id='word_1_233' title='bbox 1715 2008 1946 2052; x_wconf 80' lang='lat' dir='ltr'>occupata</span> 
     </span>
     <span class='ocr_line' id='line_1_27' title="bbox 309 2071 1944 2124; baseline 0.001 -14"><span class='ocrx_word' id='word_1_234' title='bbox 309 2071 405 2121; x_wconf 87' lang='lat' dir='ltr'>jam</span> <span class='ocrx_word' id='word_1_235' title='bbox 426 2071 640 2122; x_wconf 86' lang='lat' dir='ltr'>ecclesia,</span> <span class='ocrx_word' id='word_1_236' title='bbox 664 2083 755 2111; x_wconf 90' lang='lat' dir='ltr'>non</span> <span class='ocrx_word' id='word_1_237' title='bbox 777 2078 991 2122; x_wconf 87' lang='lat' dir='ltr'>poterant</span> <span class='ocrx_word' id='word_1_238' title='bbox 1019 2072 1199 2121; x_wconf 87' lang='lat' dir='ltr'>audire,</span> <span class='ocrx_word' id='word_1_239' title='bbox 1233 2071 1545 2111; x_wconf 80' lang='lat' dir='ltr'>discesserint.</span> <span class='ocrx_word' id='word_1_240' title='bbox 1577 2071 1781 2123; x_wconf 80' lang='lat' dir='ltr'>Singulis</span> <span class='ocrx_word' id='word_1_241' title='bbox 1814 2084 1944 2124; x_wconf 89' lang='lat' dir='ltr'>prae-</span> 
     </span>
     <span class='ocr_line' id='line_1_28' title="bbox 314 2142 1942 2194; baseline 0.001 -13"><span class='ocrx_word' id='word_1_242' title='bbox 314 2149 441 2181; x_wconf 88' lang='lat' dir='ltr'>terea</span> <span class='ocrx_word' id='word_1_243' title='bbox 476 2142 638 2182; x_wconf 87' lang='lat' dir='ltr'>diebus</span> <span class='ocrx_word' id='word_1_244' title='bbox 672 2143 892 2182; x_wconf 86' lang='lat' dir='ltr'>mercurii</span> <span class='ocrx_word' id='word_1_245' title='bbox 927 2142 1065 2182; x_wconf 90' lang='lat' dir='ltr'>habet</span> <span class='ocrx_word' id='word_1_246' title='bbox 1093 2143 1152 2182; x_wconf 89' lang='lat' dir='ltr'>ad</span> <span class='ocrx_word' id='word_1_247' title='bbox 1179 2142 1387 2193; x_wconf 84' lang='lat' dir='ltr'>Reginae</span> <span class='ocrx_word' id='word_1_248' title='bbox 1419 2143 1723 2194; x_wconf 83' lang='lat' dir='ltr'>pedissequas</span> <span class='ocrx_word' id='word_1_249' title='bbox 1752 2143 1942 2183; x_wconf 88' lang='lat' dir='ltr'>brevem</span> 
     </span>
     <span class='ocr_line' id='line_1_29' title="bbox 313 2213 1945 2264; baseline 0.001 -11"><span class='ocrx_word' id='word_1_250' title='bbox 313 2225 589 2263; x_wconf 81' lang='lat' dir='ltr'>sermonem,</span> <span class='ocrx_word' id='word_1_251' title='bbox 606 2213 786 2253; x_wconf 85' lang='lat' dir='ltr'>cuifere</span> <span class='ocrx_word' id='word_1_252' title='bbox 805 2214 954 2253; x_wconf 89' lang='lat' dir='ltr'>omnis</span> <span class='ocrx_word' id='word_1_253' title='bbox 970 2214 1101 2264; x_wconf 89' lang='lat' dir='ltr'>regia</span> <span class='ocrx_word' id='word_1_254' title='bbox 1118 2213 1295 2253; x_wconf 89' lang='lat' dir='ltr'>familia</span> <span class='ocrx_word' id='word_1_255' title='bbox 1311 2214 1518 2253; x_wconf 85' lang='lat' dir='ltr'>interest:</span> <span class='ocrx_word' id='word_1_256' title='bbox 1539 2214 1676 2253; x_wconf 88' lang='lat' dir='ltr'>habet</span> <span class='ocrx_word' id='word_1_257' title='bbox 1693 2214 1802 2253; x_wconf 89' lang='lat' dir='ltr'>item</span> <span class='ocrx_word' id='word_1_258' title='bbox 1821 2213 1945 2254; x_wconf 90' lang='lat' dir='ltr'>aliud</span> 
     </span>
     <span class='ocr_line' id='line_1_30' title="bbox 314 2283 1944 2336; baseline 0.001 -13"><span class='ocrx_word' id='word_1_259' title='bbox 314 2285 372 2323; x_wconf 90' lang='lat' dir='ltr'>ad</span> <span class='ocrx_word' id='word_1_260' title='bbox 393 2284 657 2336; x_wconf 85' lang='lat' dir='ltr'>Principem</span> <span class='ocrx_word' id='word_1_261' title='bbox 683 2284 921 2324; x_wconf 86' lang='lat' dir='ltr'>Elisabeth</span> <span class='ocrx_word' id='word_1_262' title='bbox 948 2296 1054 2324; x_wconf 87' lang='lat' dir='ltr'>cum</span> <span class='ocrx_word' id='word_1_263' title='bbox 1081 2285 1302 2324; x_wconf 83' lang='lat' dir='ltr'>universa</span> <span class='ocrx_word' id='word_1_264' title='bbox 1330 2285 1465 2324; x_wconf 86' lang='lat' dir='ltr'>simul</span> <span class='ocrx_word' id='word_1_265' title='bbox 1492 2283 1668 2323; x_wconf 80' lang='lat' dir='ltr'>familia</span> <span class='ocrx_word' id='word_1_266' title='bbox 1696 2284 1944 2336; x_wconf 89' lang='lat' dir='ltr'>multisque</span> 
     </span>
     <span class='ocr_line' id='line_1_31' title="bbox 313 2354 1939 2407; baseline 0 -13"><span class='ocrx_word' id='word_1_267' title='bbox 313 2361 556 2406; x_wconf 89' lang='lat' dir='ltr'>praeterea</span> <span class='ocrx_word' id='word_1_268' title='bbox 584 2355 766 2406; x_wconf 87' lang='lat' dir='ltr'>aulicis,</span> <span class='ocrx_word' id='word_1_269' title='bbox 799 2356 876 2407; x_wconf 91' lang='lat' dir='ltr'>qui</span> <span class='ocrx_word' id='word_1_270' title='bbox 908 2367 1013 2395; x_wconf 89' lang='lat' dir='ltr'>cum</span> <span class='ocrx_word' id='word_1_271' title='bbox 1041 2355 1141 2406; x_wconf 84' lang='lat' dir='ltr'>ipsa</span> <span class='ocrx_word' id='word_1_272' title='bbox 1170 2355 1217 2394; x_wconf 90' lang='lat' dir='ltr'>in</span> <span class='ocrx_word' id='word_1_273' title='bbox 1244 2355 1375 2406; x_wconf 87' lang='lat' dir='ltr'>regia</span> <span class='ocrx_word' id='word_1_274' title='bbox 1403 2355 1614 2394; x_wconf 87' lang='lat' dir='ltr'>habitant</span> <span class='ocrx_word' id='word_1_275' title='bbox 1643 2354 1730 2406; x_wconf 89' lang='lat' dir='ltr'>[et]</span> <span class='ocrx_word' id='word_1_276' title='bbox 1776 2355 1939 2395; x_wconf 92' lang='lat' dir='ltr'>eodem</span> 
     </span>
     <span class='ocr_line' id='line_1_32' title="bbox 311 2424 1942 2476; baseline -0.001 -11"><span class='ocrx_word' id='word_1_277' title='bbox 311 2426 612 2476; x_wconf 78' lang='lat' dir='ltr'>conveniunt;</span> <span class='ocrx_word' id='word_1_278' title='bbox 633 2427 805 2465; x_wconf 90' lang='lat' dir='ltr'>multae</span> <span class='ocrx_word' id='word_1_279' title='bbox 825 2426 992 2465; x_wconf 86' lang='lat' dir='ltr'>harum</span> <span class='ocrx_word' id='word_1_280' title='bbox 1013 2426 1257 2465; x_wconf 88' lang='lat' dir='ltr'>mulierum</span> <span class='ocrx_word' id='word_1_281' title='bbox 1274 2425 1499 2465; x_wconf 89' lang='lat' dir='ltr'>nobilium</span> <span class='ocrx_word' id='word_1_282' title='bbox 1523 2424 1839 2465; x_wconf 87' lang='lat' dir='ltr'>confessiones</span> <span class='ocrx_word' id='word_1_283' title='bbox 1855 2424 1942 2465; x_wconf 85' lang='lat' dir='ltr'>fre—</span> 
     </span>
     <span class='ocr_line' id='line_1_33' title="bbox 313 2495 1941 2548; baseline 0.001 -13"><span class='ocrx_word' id='word_1_284' title='bbox 313 2502 552 2547; x_wconf 85' lang='lat' dir='ltr'>quentant;</span> <span class='ocrx_word' id='word_1_285' title='bbox 577 2508 720 2548; x_wconf 89' lang='lat' dir='ltr'>quare</span> <span class='ocrx_word' id='word_1_286' title='bbox 741 2496 787 2536; x_wconf 91' lang='lat' dir='ltr'>in</span> <span class='ocrx_word' id='word_1_287' title='bbox 808 2496 1065 2536; x_wconf 83' lang='lat' dir='ltr'>maximum</span> <span class='ocrx_word' id='word_1_288' title='bbox 1086 2496 1174 2536; x_wconf 90' lang='lat' dir='ltr'>Dei</span> <span class='ocrx_word' id='word_1_289' title='bbox 1195 2496 1438 2536; x_wconf 90' lang='lat' dir='ltr'>servitium</span> <span class='ocrx_word' id='word_1_290' title='bbox 1469 2501 1513 2535; x_wconf 89' lang='lat' dir='ltr'>et</span> <span class='ocrx_word' id='word_1_291' title='bbox 1534 2495 1756 2546; x_wconf 85' lang='lat' dir='ltr'>gloriam,</span> <span class='ocrx_word' id='word_1_292' title='bbox 1780 2507 1941 2536; x_wconf 91' lang='lat' dir='ltr'>earum</span> 
     </span>
     <span class='ocr_line' id='line_1_34' title="bbox 315 2567 1941 2619; baseline 0.001 -14"><span class='ocrx_word' id='word_1_293' title='bbox 315 2567 490 2606; x_wconf 81' lang='lat' dir='ltr'>fructus</span> <span class='ocrx_word' id='word_1_294' title='bbox 512 2567 635 2617; x_wconf 87' lang='lat' dir='ltr'>(sunt</span> <span class='ocrx_word' id='word_1_295' title='bbox 656 2567 778 2607; x_wconf 89' lang='lat' dir='ltr'>enim</span> <span class='ocrx_word' id='word_1_296' title='bbox 801 2567 933 2619; x_wconf 86' lang='lat' dir='ltr'>quasi</span> <span class='ocrx_word' id='word_1_297' title='bbox 964 2568 1172 2607; x_wconf 84' lang='lat' dir='ltr'>civitatis</span> <span class='ocrx_word' id='word_1_298' title='bbox 1199 2567 1389 2617; x_wconf 85' lang='lat' dir='ltr'>lumina)</span> <span class='ocrx_word' id='word_1_299' title='bbox 1418 2567 1764 2607; x_wconf 85' lang='lat' dir='ltr'>redundaturus</span> <span class='ocrx_word' id='word_1_300' title='bbox 1796 2567 1941 2607; x_wconf 88' lang='lat' dir='ltr'>credi-</span> 
     </span>
     <span class='ocr_line' id='line_1_35' title="bbox 311 2637 1942 2689; baseline 0.001 -13"><span class='ocrx_word' id='word_1_301' title='bbox 311 2643 400 2676; x_wconf 88' lang='lat' dir='ltr'>tur.</span> <span class='ocrx_word' id='word_1_302' title='bbox 424 2637 562 2677; x_wconf 84' lang='lat' dir='ltr'>Pater</span> <span class='ocrx_word' id='word_1_303' title='bbox 584 2638 761 2678; x_wconf 88' lang='lat' dir='ltr'>Doctor</span> <span class='ocrx_word' id='word_1_304' title='bbox 782 2639 968 2688; x_wconf 90' lang='lat' dir='ltr'>Torres,</span> <span class='ocrx_word' id='word_1_305' title='bbox 993 2639 1071 2689; x_wconf 90' lang='lat' dir='ltr'>qui</span> <span class='ocrx_word' id='word_1_306' title='bbox 1098 2638 1173 2677; x_wconf 89' lang='lat' dir='ltr'>hic</span> <span class='ocrx_word' id='word_1_307' title='bbox 1203 2650 1326 2678; x_wconf 91' lang='lat' dir='ltr'>nunc</span> <span class='ocrx_word' id='word_1_308' title='bbox 1353 2644 1591 2688; x_wconf 86' lang='lat' dir='ltr'>versatur,</span> <span class='ocrx_word' id='word_1_309' title='bbox 1625 2638 1685 2677; x_wconf 90' lang='lat' dir='ltr'>ad</span> <span class='ocrx_word' id='word_1_310' title='bbox 1712 2637 1942 2689; x_wconf 88' lang='lat' dir='ltr'>Principis</span> 
     </span>
     <span class='ocr_line' id='line_1_36' title="bbox 312 2707 1942 2760; baseline 0.001 -13"><span class='ocrx_word' id='word_1_311' title='bbox 312 2708 614 2759; x_wconf 88' lang='lat' dir='ltr'>pedissequas</span> <span class='ocrx_word' id='word_1_312' title='bbox 634 2709 774 2749; x_wconf 89' lang='lat' dir='ltr'>habet</span> <span class='ocrx_word' id='word_1_313' title='bbox 806 2707 1128 2760; x_wconf 83' lang='lat' dir='ltr'>[concionem].</span> <span class='ocrx_word' id='word_1_314' title='bbox 1160 2708 1231 2748; x_wconf 80' lang='lat' dir='ltr'>Ex</span> <span class='ocrx_word' id='word_1_315' title='bbox 1260 2709 1331 2748; x_wconf 89' lang='lat' dir='ltr'>his</span> <span class='ocrx_word' id='word_1_316' title='bbox 1360 2710 1533 2748; x_wconf 89' lang='lat' dir='ltr'>multae</span> <span class='ocrx_word' id='word_1_317' title='bbox 1560 2708 1862 2757; x_wconf 87' lang='lat' dir='ltr'>confitentur,</span> <span class='ocrx_word' id='word_1_318' title='bbox 1894 2709 1942 2748; x_wconf 91' lang='lat' dir='ltr'>in</span> 
     </span>
     <span class='ocr_line' id='line_1_37' title="bbox 312 2779 1676 2831; baseline 0.001 -15"><span class='ocrx_word' id='word_1_319' title='bbox 312 2779 479 2828; x_wconf 84' lang='lat' dir='ltr'>quibus</span> <span class='ocrx_word' id='word_1_320' title='bbox 501 2780 641 2819; x_wconf 89' lang='lat' dir='ltr'>etiam</span> <span class='ocrx_word' id='word_1_321' title='bbox 661 2780 812 2830; x_wconf 88' lang='lat' dir='ltr'>magis</span> <span class='ocrx_word' id='word_1_322' title='bbox 834 2780 984 2831; x_wconf 89' lang='lat' dir='ltr'>pietas</span> <span class='ocrx_word' id='word_1_323' title='bbox 1007 2780 1168 2830; x_wconf 89' lang='lat' dir='ltr'>elucet,</span> <span class='ocrx_word' id='word_1_324' title='bbox 1193 2779 1348 2830; x_wconf 83' lang='lat' dir='ltr'>gratia</span> <span class='ocrx_word' id='word_1_325' title='bbox 1370 2785 1414 2819; x_wconf 93' lang='lat' dir='ltr'>et</span> <span class='ocrx_word' id='word_1_326' title='bbox 1436 2780 1537 2819; x_wconf 91' lang='lat' dir='ltr'>laus</span> <span class='ocrx_word' id='word_1_327' title='bbox 1560 2779 1676 2819; x_wconf 91' lang='lat' dir='ltr'>Deo.</span> 
     </span>
    </p>

    <p class='ocr_par' dir='ltr' id='par_1_3' title="bbox 310 2848 1940 3043">
     <span class='ocr_line' id='line_1_38' title="bbox 390 2848 1940 2892; baseline 0.002 -4"><span class='ocrx_word' id='word_1_328' title='bbox 390 2848 592 2889; x_wconf 90' lang='lat' dir='ltr'>Tantum</span> <span class='ocrx_word' id='word_1_329' title='bbox 613 2854 658 2889; x_wconf 90' lang='lat' dir='ltr'>et</span> <span class='ocrx_word' id='word_1_330' title='bbox 677 2849 783 2889; x_wconf 89' lang='lat' dir='ltr'>fidei</span> <span class='ocrx_word' id='word_1_331' title='bbox 805 2855 848 2889; x_wconf 92' lang='lat' dir='ltr'>et</span> <span class='ocrx_word' id='word_1_332' title='bbox 868 2850 1221 2890; x_wconf 86' lang='lat' dir='ltr'>benevolentiae</span> <span class='ocrx_word' id='word_1_333' title='bbox 1243 2850 1350 2890; x_wconf 84' lang='lat' dir='ltr'>huic</span> <span class='ocrx_word' id='word_1_334' title='bbox 1377 2855 1569 2890; x_wconf 88' lang='lat' dir='ltr'>nostrae</span> <span class='ocrx_word' id='word_1_335' title='bbox 1598 2849 1821 2891; x_wconf 86' lang='lat' dir='ltr'>Societati</span> <span class='ocrx_word' id='word_1_336' title='bbox 1848 2864 1940 2892; x_wconf 90' lang='lat' dir='ltr'>non</span> 
     </span>
     <span class='ocr_line' id='line_1_39' title="bbox 311 2918 1939 2973; baseline 0.002 -16"><span class='ocrx_word' id='word_1_337' title='bbox 311 2918 539 2968; x_wconf 88' lang='lat' dir='ltr'>primores</span> <span class='ocrx_word' id='word_1_338' title='bbox 561 2920 698 2960; x_wconf 92' lang='lat' dir='ltr'>modo</span> <span class='ocrx_word' id='word_1_339' title='bbox 720 2919 855 2971; x_wconf 88' lang='lat' dir='ltr'>hujus</span> <span class='ocrx_word' id='word_1_340' title='bbox 875 2921 1035 2971; x_wconf 91' lang='lat' dir='ltr'>regiae</span> <span class='ocrx_word' id='word_1_341' title='bbox 1066 2921 1274 2960; x_wconf 89' lang='lat' dir='ltr'>tribuunt</span> <span class='ocrx_word' id='word_1_342' title='bbox 1304 2920 1386 2960; x_wconf 90' lang='lat' dir='ltr'>sed</span> <span class='ocrx_word' id='word_1_343' title='bbox 1417 2921 1664 2960; x_wconf 87' lang='lat' dir='ltr'>universus</span> <span class='ocrx_word' id='word_1_344' title='bbox 1691 2921 1833 2961; x_wconf 91' lang='lat' dir='ltr'>etiam</span> <span class='ocrx_word' id='word_1_345' title='bbox 1862 2934 1939 2973; x_wconf 92' lang='lat' dir='ltr'>po-</span> 
     </span>
     <span class='ocr_line' id='line_1_40' title="bbox 310 2990 1939 3043; baseline 0.002 -15"><span class='ocrx_word' id='word_1_346' title='bbox 310 2990 468 3039; x_wconf 82' lang='lat' dir='ltr'>pulus,</span> <span class='ocrx_word' id='word_1_347' title='bbox 492 2997 542 3029; x_wconf 91' lang='lat' dir='ltr'>ut</span> <span class='ocrx_word' id='word_1_348' title='bbox 564 3002 668 3031; x_wconf 89' lang='lat' dir='ltr'>cum</span> <span class='ocrx_word' id='word_1_349' title='bbox 690 3002 870 3041; x_wconf 89' lang='lat' dir='ltr'>omnes,</span> <span class='ocrx_word' id='word_1_350' title='bbox 895 2991 972 3043; x_wconf 91' lang='lat' dir='ltr'>qui</span> <span class='ocrx_word' id='word_1_351' title='bbox 993 2991 1051 3031; x_wconf 90' lang='lat' dir='ltr'>ad</span> <span class='ocrx_word' id='word_1_352' title='bbox 1073 2998 1260 3031; x_wconf 89' lang='lat' dir='ltr'>nostras</span> <span class='ocrx_word' id='word_1_353' title='bbox 1281 2991 1420 3031; x_wconf 90' lang='lat' dir='ltr'>aedes</span> <span class='ocrx_word' id='word_1_354' title='bbox 1442 2992 1670 3042; x_wconf 88' lang='lat' dir='ltr'>incolunt,</span> <span class='ocrx_word' id='word_1_355' title='bbox 1700 3004 1939 3043; x_wconf 90' lang='lat' dir='ltr'>nunquam</span> 
     </span>
    </p>
   </div>
  </div>
 </body>
</html>
