2080 3392
267 194 338 231 262
780 191 1005 227 LITTERAE
1032 201 1388 233 QUADRIMESTRES

268 290 576 337 notissimum,
602 288 712 339 quin
729 288 870 327 etiam
888 287 1117 327 Castellae
1136 298 1332 338 regnum
1350 294 1487 339 atque
1505 287 1621 327 alias
1639 287 1777 327 etiam
1792 299 1894 338 pro-

269 360 452 400 vincias
473 359 588 398 haec
610 358 735 398 fama
753 358 949 398 celebris
970 363 1262 408 peragrarat.
1285 358 1372 397 Hic
1393 358 1550 409 itaque
1570 357 1718 409 pridie
1746 358 1894 398 incar-

269 430 472 470 nationis
507 429 783 479 dominicae,
822 429 969 468 divini
1003 429 1176 468 amoris
1210 429 1362 468 iaculo
1393 429 1646 479 sauciatus,
1681 429 1896 479 quamvis

269 501 432 552 paucis
449 507 556 540 ante
577 499 752 549 diebus,
776 500 839 539 ita
861 499 1155 551 permittente
1176 499 1391 546 Domino,
1415 511 1563 550 grave
1594 499 1897 539 infortunium

271 582 521 622 perpessus
541 570 707 618 fuerat,
731 570 777 610 in
799 570 1005 610 animum
1027 570 1209 610 induxit
1230 581 1363 609 suum
1379 570 1525 609 variis
1541 582 1697 609 rerum
1715 581 1894 609 succes-

272 642 398 681 sibus
420 641 690 692 cunctisque
716 641 852 681 huius
873 641 1049 681 saeculi
1079 641 1262 692 pompis
1293 647 1533 680 aeternum
1561 641 1665 680 vale
1693 652 1895 691 pronun-

268 712 396 752 ciare
418 711 442 762 ¹,
467 712 626 763 sicque
650 711 857 762 affectus,
878 712 937 751 ad
954 724 1039 751 nos
1055 712 1184 751 venit
1207 718 1285 750 aut
1303 716 1526 762 perpetuo
1543 722 1894 761 permansurus,

269 789 351 822 aut
385 789 510 822 certe
545 788 670 822 recte
707 782 925 833 deinceps
959 782 1148 821 vivendi
1183 781 1381 821 formam
1417 787 1738 832 suscepturus:
1775 792 1897 820 nunc

269 853 474 904 quinque
489 853 809 893 hebdomadae
826 853 1181 904 praeterierunt,
1203 864 1229 892 a
1250 852 1415 903 quibus
1432 859 1500 891 est
1523 851 1536 870 “²
1554 852 1677 891 dorni
1693 858 1896 902 nostrae,

267 924 636 974 confidimusque
672 924 718 963 in
755 923 947 963 Domini
982 923 1302 963 misericordia
1342 934 1435 983 non
1481 928 1619 962 antea
1667 923 1900 963 exiturum

270 1007 425 1046 quam,
444 1000 584 1034 exuta
602 1000 834 1035 vetustate
850 994 997 1044 Adae,
1018 1005 1192 1034 novum
1210 992 1223 1012 ⁵
1236 985 1470 1036 hominem
1486 992 1687 1033 induerit
1704 1005 1899 1045 eumque

270 1066 427 1105 multis
447 1065 697 1105 virtutibus
714 1065 1023 1105 decoraverit.
1048 1064 1183 1104 Hunc
1201 1063 1433 1104 credimus
1453 1064 1549 1103 X.m
1572 1063 1824 1104 Dominum
1842 1064 1900 1104 ad

273 1147 321 1175 se
355 1137 605 1176 attraxisse
634 1136 937 1175 concionibus
961 1134 1009 1174 Ρ.
1034 1135 1271 1185 Baptistae
1299 1133 1313 1152 '⁴
1334 1135 1477 1175 veluti
1504 1135 1658 1174 tenaci
1698 1135 1899 1186 quodam

269 1207 450 1257 glutino
469 1214 669 1246 mentem
686 1207 784 1246 eius
801 1206 973 1246 sensim
990 1206 1202 1257 capiente
1222 1217 1229 1245 :
1253 1205 1431 1245 solebat
1452 1206 1575 1245 enim
1592 1205 1747 1245 dicere
1760 1217 1900 1257 quum

272 1278 424 1317 adhuc
445 1279 491 1317 in
513 1277 741 1328 profundo
764 1277 895 1317 coeni
916 1277 1105 1327 iaceret,
1129 1288 1178 1316 se
1199 1276 1414 1316 doctrina
1436 1275 1484 1316 P.
1515 1275 1755 1327 Baptistae
1785 1276 1900 1316 rnire

271 1348 523 1388 admodum
558 1347 795 1388 aedificari
816 1360 823 1387 :
863 1359 1059 1399 cumque
1095 1360 1120 1387 a
1155 1347 1374 1398 quopiam
1413 1347 1785 1397 interrogaretur
1824 1347 1902 1398 qui

272 1431 363 1459 non
381 1419 533 1470 potius
557 1419 737 1458 audiret
760 1417 774 1437 ⁵
795 1419 1027 1469 insignem
1045 1424 1183 1469 atque
1205 1417 1426 1457 eximium
1446 1417 1577 1457 verbi
1598 1417 1745 1457 divini
1772 1429 1900 1469 prae-

273 1502 454 1539 conem,
489 1490 565 1540 qui
596 1496 706 1529 tunc
740 1489 1008 1540 Metymnae
1039 1489 1423 1537 concionabatur,
1451 1488 1692 1539 respondit
1722 1488 1825 1528 ideo
1852 1499 1902 1528 se

270 1560 442 1600 affectu
483 1561 711 1611 singulari
745 1560 1038 1600 sermonibus
1073 1560 1313 1610 Baptistae
1348 1559 1571 1599 delectari
1606 1559 1729 1610 quod
1763 1559 1903 1599 sciret

271 1644 378 1672 eum
415 1632 544 1683 prius
583 1633 713 1683 operi
748 1643 937 1671 manum
972 1631 1239 1671 adhibuisse
1273 1642 1413 1682 quam
1448 1642 1499 1670 os
1530 1630 1589 1670 ad
1621 1630 1904 1682 loquendum

276 1704 551 1756 aperuisset.
584 1703 685 1753 Qua
717 1703 771 1742 de
803 1714 944 1743 causa
981 1714 1035 1742 eo
1064 1703 1136 1742 die
1172 1714 1262 1753 quo
1297 1702 1435 1742 aedes
1469 1708 1658 1741 nostras
1692 1701 1900 1751 intravit,

273 1781 561 1827 protestatus
583 1781 653 1814 est
674 1776 812 1825 longe
833 1780 969 1813 antea
992 1774 1080 1813 hoc
1112 1774 1233 1813 idem
1261 1773 1541 1813 desiderium
1569 1772 1614 1812 in
1641 1773 1767 1813 votis
1795 1770 1809 1790 ⁶
1825 1772 1901 1812 ha-

270 1847 442 1896 buisse,
469 1846 549 1886 sed
582 1846 829 1896 quominus
852 1845 961 1885 illud
983 1856 1122 1896 opere
1145 1850 1452 1895 exequeretur
1477 1843 1710 1884 obstitisse
1744 1843 1902 1883 nescio

270 1930 389 1969 quas
410 1918 569 1967 tricas,
593 1917 760 1968 quibus
777 1917 1016 1956 districtus
1040 1915 1346 1955 detinebatur.

352 1989 544 2028 Praeter
566 1988 688 2027 hunc
710 1987 841 2027 multi
867 1987 945 2026 alii
971 1992 1069 2026 tum
1095 1986 1291 2037 publicis
1321 1985 1370 2025 Ρ.
1401 1985 1639 2036 Baptistae
1671 1984 1903 2025 concioni-

272 2061 372 2110 bus,
412 2066 508 2099 tum
536 2060 582 2098 in
614 2059 840 2107 ecclesiis,
873 2064 968 2097 tum
994 2058 1041 2097 in
1071 2058 1226 2109 platea
1256 2057 1455 2108 publica,
1486 2063 1529 2096 et
1556 2056 1763 2096 eiusdem
1794 2055 1900 2095 alio-

272 2142 466 2181 rumque
488 2135 673 2181 patrum
694 2129 892 2180 privatis
919 2128 1322 2168 exhortationibus
1344 2134 1482 2179 atque
1504 2127 1774 2179 quotidiana
1795 2138 1902 2166 con-

273 2201 542 2242 versatione
564 2200 798 2248 commoti,
822 2200 1023 2239 vestium
1041 2199 1203 2238 luxum
1220 2204 1357 2249 atque
1375 2198 1673 2238 immodicam
1688 2197 1902 2249 pecunia-

274 2284 376 2313 rum
398 2272 700 2323 cupiditatem
719 2270 1002 2321 nimiamque
1023 2269 1237 2309 lucrandi
1260 2269 1271 2287 ⁷
1300 2269 1656 2309 sollicitudinem
1684 2274 1762 2308 aut
1781 2268 1902 2320 peni-

273 2349 348 2383 tus
369 2344 669 2392 sustulerunt,
704 2348 783 2381 aut
817 2341 982 2380 saltem
1016 2340 1204 2379 modum
1236 2340 1325 2379 illis
1358 2347 1627 2390 posuerunt.
1664 2338 1786 2378 Inter
1820 2338 1906 2378 hos

277 2423 394 2454 unus
412 2426 524 2465 prae
543 2413 757 2463 caeteris,
776 2412 853 2463 qui
871 2411 1211 2451 nummularius
1228 2417 1328 2450 erat
1347 2410 1507 2461 (vulgo
1525 2415 1736 2461 comptor
1754 2409 1904 2461 appel-

274 2484 473 2534 labatur)
487 2483 515 2535 3,
532 2484 706 2524 amoris
722 2482 867 2522 divini
883 2482 1121 2532 singulare
1138 2482 1375 2532 specimen
1392 2480 1624 2520 exhibuit:
1643 2480 1718 2520 hic
1738 2479 1907 2520 etenim

331 2666 339 2686 ¹
380 2667 524 2693 tandem
542 2666 669 2692 dicere.
686 2664 866 2692 Polancus.

332 2716 345 2735 2
375 2714 455 2748 jam
471 2714 615 2747 quinque
628 2712 860 2739 hebdomades
874 2710 962 2738 domi
976 2714 1113 2737 nostrae
1124 2710 1211 2745 fuit.
1228 2710 1405 2738 Polaneus.

330 2763 343 2780 ⁵
381 2769 504 2789 novum
519 2765 675 2795 prorsus.
697 2760 874 2786 Polaticus.

330 2810 345 2829 4
382 2809 495 2836 Patr1s
510 2808 647 2842 Joannis
664 2808 839 2841 Baptistae
857 2806 1022 2833 Sanchez.

332 2856 345 2875 ὅ
383 2857 516 2883 audiret
532 2855 720 2889 quemdam
737 2855 861 2880 alium.
881 2854 1057 2880 Polancus.

329 2903 346 2923 ὃ
383 2905 445 2931 hoc
462 2904 551 2930 idem
565 2911 601 2930 se
617 2904 649 2930 in
665 2903 767 2930 votis.
783 2902 960 2928 Polancus.

335 2952 347 2970 ⁷
387 2952 489 2979 lucri.
505 2952 681 2978 Polancus.

332 3000 349 3019 ⁸
386 2999 576 3033 (banchum
593 2998 697 3031 vulgo
712 2997 859 3031 dicunt).
875 2997 1053 3024 Polancus.
