2080 3392
830 154 913 192 AN.
943 154 1037 192 1553
1684 154 1755 191 347

117 251 326 303 ptionem
348 251 572 291 liberatus
593 257 684 301 est;
708 251 801 291 iam
823 251 1047 291 mundum
1069 250 1275 302 reliquit,
1300 256 1345 290 et
1365 262 1414 290 se
1443 256 1592 290 totum
1625 250 1752 291 Chri-

118 322 177 362 sti
198 322 390 362 servitio
413 322 716 374 mancipavit.

197 393 352 433 Unum
374 394 420 433 in
441 393 678 434 exercitiis
700 393 968 443 habuimus,
1003 393 1081 445 qui
1102 405 1184 445 per
1206 392 1304 433 dies
1326 393 1503 444 aliquot
1526 398 1571 432 et
1591 398 1755 432 noctes

116 476 167 504 se
198 477 225 504 a
258 465 499 504 lachrimis
533 465 774 504 continere
809 476 902 504 non
935 464 1086 515 potuit
1119 475 1234 515 prae
1268 464 1412 504 nimia
1445 464 1756 504 admiratione

118 536 341 576 bonitatis
370 536 479 586 Dei,
510 535 747 576 Creatoris
781 535 872 585 sui,
908 546 1022 586 erga
1049 546 1175 585 eum,
1209 535 1288 587 qui
1315 547 1363 575 se
1392 535 1504 575 dare
1533 535 1757 576 Societati

118 606 322 646 maxime
340 606 481 658 cupit,
501 606 584 646 sed
600 605 807 646 nondum
830 605 1126 646 admisimus:
1150 606 1334 646 iuvenis
1356 612 1425 646 est
1446 606 1492 646 19
1509 618 1754 657 annorum,

119 678 411 718 naturalibus
428 677 544 718 bene
566 677 753 717 dotatus
775 683 819 717 et
841 677 987 727 dives,
1012 683 1100 717 etc.

198 748 356 788 Vicini
375 748 526 788 nostri
546 748 773 800 incipiunt
793 748 1083 800 frequentius
1112 748 1325 789 confiteri
1345 755 1389 789 et
1411 749 1758 789 communicare

120 831 261 871 quam
282 820 514 870 solebant,
540 820 586 859 in
607 825 769 859 nostra
791 819 949 859 Missa.

198 891 348 931 Pestis
381 891 429 931 in
463 891 561 931 dies
594 891 746 941 magis
781 897 1029 941 grassatur
1061 890 1301 931 Coloniae.
1332 890 1436 930 Non
1464 891 1620 931 dubito
1649 892 1760 943 quin

122 962 339 1002 dominus
364 962 503 1002 valde
534 963 593 1002 sit
619 962 754 1002 nobis
783 961 1000 1002 offensus.
1037 961 1192 1013 Quum
1222 962 1426 1014 primum
1455 961 1667 1003 homines
1696 963 1760 1003 in-

120 1033 299 1074 firmari
332 1034 580 1085 incipiunt,
617 1033 819 1085 perdunt
847 1034 1101 1085 loquelam,
1132 1039 1176 1073 et
1204 1040 1309 1085 post
1337 1034 1460 1074 diem
1486 1045 1652 1083 unum,
1683 1040 1763 1074 aut

120 1105 279 1156 citius,
303 1105 476 1145 mortui
497 1110 618 1145 sunt.
644 1104 892 1155 Consules,
917 1110 962 1144 et
983 1105 1149 1155 clerus,
1175 1110 1219 1145 et
1240 1105 1419 1145 nobiles
1441 1116 1603 1144 omnes
1624 1104 1762 1145 valde

123 1176 384 1228 perturbati
418 1183 547 1226 sunt,
586 1176 634 1216 in
676 1176 772 1216 suis
814 1175 938 1215 villis
978 1182 1184 1216 manent.
1226 1176 1430 1227 Populus
1465 1176 1559 1216 iam
1601 1176 1764 1228 incipit

123 1248 287 1288 timere
309 1253 353 1287 et
376 1247 590 1288 devotior
611 1246 733 1296 fieri,
753 1247 817 1287 ita
838 1253 887 1287 ut
904 1247 996 1287 iam
1019 1247 1154 1287 nobis
1174 1259 1280 1299 spes
1303 1248 1363 1288 sit
1386 1248 1627 1299 amplioris
1648 1259 1764 1288 mes-

124 1319 211 1370 sis,
235 1330 376 1370 quam
395 1320 596 1359 antehac
614 1331 836 1371 unquam.

205 1390 306 1431 Rae
326 1390 375 1431 Ρ.
405 1390 511 1431 V.ae

205 1461 380 1502 Servus
403 1461 638 1513 indignus,

1016 1607 1300 1648 LEONARous
1321 1607 1552 1648 KEssELL.
