2080 3392
353 229 424 266 548
868 227 1095 264 LITTERAE
1122 238 1480 271 QUADRIMESTRES

356 325 479 365 vinis
507 330 551 363 et
577 323 865 363 orationibus
895 322 1024 363 Patri
1050 329 1212 363 nostro
1242 323 1455 375 tradidit,
1487 330 1531 364 et
1557 325 1702 365 voluit
1723 327 1937 368 eumdem
1958 341 1984 368 a

354 393 494 435 Patre
525 394 710 434 incitari
729 399 774 433 et
795 393 1024 433 stimulari
1044 393 1103 434 ad
1122 394 1345 435 Virtutem
1365 401 1409 434 et
1430 395 1651 435 honestas
1669 397 1890 437 actiones.
1910 398 1981 438 Fi-

353 467 440 506 lius
457 477 612 517 porro,
631 466 877 516 praeclaro
894 471 938 504 et
955 465 1199 505 excellenti
1214 465 1418 517 ingenio,
1438 465 1621 506 ducitur
1638 467 1775 507 rebus
1792 468 1986 520 divinis„

355 548 549 588 corpore
570 537 746 588 pariter
768 543 811 576 et
833 536 989 576 animo
1010 536 1157 576 tendit
1178 536 1237 576 ad
1264 536 1518 577 Dominum
1544 538 1592 577 in
1618 539 1980 589 precationibus,

352 614 396 648 et
416 608 549 648 flexis
570 607 767 658 genibus
788 619 895 648 cum
912 607 1051 647 Patre
1071 607 1227 658 plures
1247 606 1389 648 horas
1411 608 1634 659 impendit
1655 610 1870 660 orationi,
1894 609 1984 650 Pa—

351 686 469 719 trem
506 684 772 728 reveretur,
814 677 913 729 ejus
948 678 1154 718 consiliis
1193 684 1238 718 et
1279 678 1673 719 admonitionibus
1709 681 1979 732 acquiescit,

350 749 562 790 omnibus
582 750 721 789 rebus
743 748 940 799 agendis
962 749 1250 799 singularem
1271 749 1460 789 adhibet
1478 750 1824 801 simplicitatem
1840 758 1883 791 et
1900 763 1981 803 pu-

349 821 535 861 ritatem
556 830 792 871 magnam3
817 819 1015 871 denique
1043 819 1115 859 sui
1141 819 1348 860 concitat
1375 821 1770 871 expectationem,
1804 822 1843 862 si
1875 834 1980 863 eum

347 891 435 932 Dei
467 891 735 942 benignitas
765 891 813 930 in
842 896 973 930 tanta
1002 896 1047 930 et
1076 890 1348 941 opinionum
1381 896 1425 930 et
1456 902 1636 931 morum
1666 893 1977 943 perversitate

348 963 576 1002 sustineat
596 974 651 1002 ac
672 967 860 1001 tueatur
884 960 910 1001 ¹.

426 1033 565 1074 Pater
585 1032 599 1051 ²
617 1032 832 1072 omnibus
852 1032 1032 1072 feriatis
1053 1031 1214 1072 diebus
1235 1032 1282 1071 in
1300 1031 1474 1083 templo
1491 1032 1818 1083 concionatur,
1840 1033 1978 1085 idque

346 1116 459 1145 vero
489 1110 533 1144 et
560 1104 726 1143 salutis
755 1102 1050 1143 Christianae
1079 1102 1216 1142 unice
1246 1101 1454 1142 studioso
1485 1103 1651 1154 spiritu
1682 1103 1842 1154 efficit,
1875 1115 1976 1155 gre-

343 1186 543 1226 gemque
564 1174 767 1214 Domino
788 1179 975 1224 partum
996 1184 1112 1212 sana
1134 1178 1179 1213 et
1198 1172 1438 1213 fructuosa
1459 1173 1609 1224 pascit
1630 1174 1860 1224 doctrina,
1885 1187 1975 1227 qua

344 1246 529 1298 quidem
550 1246 597 1285 in
618 1257 667 1285 re
689 1250 878 1295 superat
899 1244 1105 1284 omnium
1132 1244 1528 1295 expectationem
1563 1244 1679 1284 adeo
1706 1251 1776 1285 est
1806 1245 1976 1286 disten-

342 1324 416 1358 tus
437 1318 576 1357 rebus
598 1315 781 1367 collegii
811 1322 854 1355 et
876 1315 1078 1366 negotiis
1100 1315 1378 1355 animarum.
1403 1314 1533 1365 Quae
1562 1316 1716 1355 omnia
1748 1322 1972 1367 quantum

340 1388 515 1439 negotii
536 1388 772 1427 facessant
795 1386 1111 1426 studiosorum
1136 1386 1304 1426 animis
1324 1386 1448 1426 nosti
1468 1387 1566 1437 ipse
1588 1387 1773 1438 optime.

419 1459 665 1510 Reliquum
682 1464 765 1508 est,
790 1457 862 1497 P.r
887 1489 895 1508 ,
919 1463 968 1497 ut
984 1457 1147 1508 paucis
1160 1455 1419 1508 juventutis
1435 1457 1772 1497 institutionem
1789 1458 1969 1509 audias,

340 1543 481 1583 quam
502 1537 549 1570 tu
574 1530 777 1570 maxime
800 1529 859 1569 ad
881 1528 1068 1568 divinae
1089 1527 1349 1579 majestatis
1370 1529 1544 1568 cultum
1560 1528 1736 1568 erudiri
1753 1535 1964 1580 exoptas.

337 1602 388 1642 In
409 1602 482 1642 die
502 1601 620 1641 festo
642 1600 751 1640 Divi
772 1599 987 1650 Remigii,
1011 1610 1141 1639 more
1162 1598 1448 1639 Academiae
1478 1599 1778 1649 Parisiensis,
1814 1600 1969 1651 singu-

337 1673 392 1712 lis
414 1672 548 1712 annis
570 1670 722 1711 studia
742 1676 1047 1710 renovantur.
1070 1669 1159 1709 Per
1180 1675 1330 1709 totum
1357 1680 1470 1720 ergo
1500 1669 1622 1709 diem
1648 1670 1835 1710 habitae
1864 1677 1973 1710 sunt

338 1745 510 1784 multae
532 1743 783 1789 orationes,
807 1742 1005 1781 recitata
1026 1740 1226 1792 plurima
1255 1746 1299 1780 et
1326 1741 1461 1780 varia
1490 1741 1721 1792 carmina3
1752 1741 1969 1781 interfue-

337 1821 443 1856 runt
465 1814 596 1854 multi
617 1813 759 1862 cives,
785 1812 923 1851 aulici
946 1811 1048 1861 viri,
1073 1810 1290 1851 doctores
1311 1817 1355 1850 et
1370 1811 1661 1862 professores
1678 1812 1865 1863 publici,
1886 1813 1965 1864 qui

335 1886 544 1937 profecto
565 1890 809 1935 tantopere
831 1883 1047 1923 delectati
1068 1889 1188 1932 sunt,
1212 1888 1309 1922 tum
1328 1894 1446 1922 voce
1464 1915 1470 1932 ,
1495 1888 1593 1922 tum
1613 1889 1750 1933 gestu
1773 1890 1817 1923 et
1839 1884 1969 1923 vultu

335 1956 696 1997 declamantium
717 1954 1187 2003 adolescentulorum,
1212 1961 1261 1993 ut
1281 1954 1422 1993 talem
1444 1954 1677 1994 actionem
1706 1960 1750 1994 et
1771 1954 1969 2006 dignita-

336 2034 429 2068 tem
468 2027 515 2066 in
549 2025 746 2066 dicendo
782 2035 1021 2076 nunquam
1055 2035 1104 2063 se
1141 2022 1316 2063 vidisse
1353 2023 1625 2064 faterentur.
1667 2025 1815 2064 Erant
1855 2037 1967 2065 sane

340 2098 471 2150 pueri
492 2104 618 2137 recte
640 2096 856 2146 instituti,
881 2101 925 2135 et
951 2095 1030 2146 qui
1049 2106 1134 2145 pro
1155 2099 1363 2145 tempore
1384 2105 1581 2145 magnos
1600 2094 1835 2135 habebant
1855 2096 1902 2135 in
1921 2096 1969 2136 li-

334 2169 446 2209 teris
467 2167 820 2208 humanioribus
841 2175 1137 2217 progressus.

412 2239 632 2280 Universi
652 2238 749 2278 fere
771 2236 1015 2286 amabant,
1049 2246 1185 2275 suum
1215 2235 1493 2286 magistrum
1519 2242 1563 2275 et
1596 2248 1759 2276 verum
1782 2237 1967 2277 animae

334 2316 600 2362 parentem,
638 2313 851 2348 nostrum
885 2306 1127 2346 Andream
1161 2305 1527 2355 Bononiensem,
1561 2307 1676 2347 adeo
1710 2314 1759 2347 ut
1784 2307 1963 2347 lubenti

333 2381 488 2420 animo
509 2379 621 2420 nudi
642 2378 817 2418 nudum
838 2376 1020 2427 sequuti
1040 2375 1236 2416 fuissent
1259 2374 1513 2416 Dominum
1530 2388 1636 2417 cum
1650 2384 1955 2428 praeceptore

331 2463 415 2492 suo
438 2451 720 2497 discedente,
744 2449 783 2488 si
804 2460 884 2499 per
906 2453 1127 2498 parentes
1148 2458 1424 2487 concessum
1446 2448 1517 2487 his
1539 2447 1716 2488 fuisset.

413 2522 638 2563 Omnibus
660 2531 773 2570 ergo
795 2518 1084 2568 authoribus,
1108 2517 1184 2568 qui
1205 2518 1505 2568 praelegendi
1528 2525 1685 2569 erant,
1710 2517 1961 2558 declaratis

331 2600 375 2633 et
396 2592 676 2641 constitutis,
700 2601 785 2642 pro
806 2589 986 2629 viribus
1008 2589 1248 2640 coepimus
1270 2599 1350 2628 eos
1367 2600 1589 2629 enarrare
1611 2595 1655 2629 et
1667 2588 1960 2640 juventutem

331 2664 389 2704 ad
409 2663 748 2704 humanitatem
769 2666 813 2701 et
835 2660 1054 2712 pietatem
1075 2658 1345 2699 informare.
1369 2659 1419 2699 In
1440 2659 1512 2699 his
1531 2660 1774 2700 literarum
1795 2660 1960 2700 studiis

329 2734 491 2774 eadem
513 2732 743 2773 industria
764 2731 1005 2781 hucusque
1026 2740 1187 2769 sumus
1206 2729 1460 2780 progressi.
1484 2729 1555 2769 Ac
1576 2736 1624 2769 ut
1646 2729 1865 2781 deinceps
1893 2730 1958 2770 fa-

329 2805 475 2844 ciliter
497 2803 854 2855 progrediamur
875 2812 932 2840 ac
955 2799 1261 2840 christianam
1277 2799 1572 2851 juventutem
1593 2812 1620 2839 a
1650 2800 1778 2840 vitiis
1799 2812 1962 2840 arcea—

378 2940 389 2960 ¹
428 2939 522 2967 Haec
538 2939 649 2966 omnia
664 2938 769 2965 fusius
784 2937 955 2972 explicata
969 2935 1046 2962 vide
1062 2935 1095 2962 in
1110 2934 1268 2969 Pommcx,
1286 2935 1462 2969 Chronico,
1489 2941 1511 2963 t.
1538 2943 1588 2970 111,
1610 2943 1688 2970 pag.
1712 2936 1771 2970 143,
1794 2944 1825 2963 n.
1846 2936 1907 2969 289,
1923 2941 1957 2963 et

326 2991 349 3013 t.
366 2994 412 3015 1v.

377 3033 390 3052 '2
428 3032 576 3065 Joannes
592 3031 817 3066 Pelletarius,
833 3032 1031 3060 ferrariensi
1049 3032 1200 3067 Collegio
1216 3031 1446 3066 praepositus.
