2080 3392
230 169 301 205 314
748 167 974 204 LITTERAE
1001 178 1358 210 QUADRIMESTRES

234 266 320 304 bus
342 270 384 304 et
406 265 509 304 lacu
540 264 877 315 desperationis
906 264 966 304 ad
990 264 1291 304 serenitatem
1321 265 1504 315 quietae
1531 264 1657 304 vitae
1685 250 1866 304 reducti

235 342 354 374 sunt.
379 335 482 374 Una
503 334 615 373 mihi
642 334 801 374 retulit
829 334 1000 386 (proba
1027 339 1183 374 tamen
1212 346 1266 374 ac
1296 346 1469 386 magna
1496 335 1542 375 in
1570 335 1742 375 mundo
1772 346 1863 374 ma-

236 405 386 455 trona)
409 405 498 444 nisi
520 405 608 444 hoc
628 404 975 455 impedivissem
997 405 1304 445 confessionis
1324 405 1650 454 medicamine,
1674 405 1796 457 quod
1817 416 1865 445 se

235 475 415 527 pridem
436 476 557 514 mala
579 474 889 515 interemisset
909 481 1072 515 morte.
1105 475 1214 515 Alia
1243 487 1427 527 quoque
1455 487 1513 515 ex
1541 476 1866 526 desperatione

234 545 292 585 ob
327 545 518 585 nimiam
551 545 843 585 iracundiam
876 557 1057 585 veneno
1088 557 1136 585 se
1165 558 1334 585 necare
1368 547 1551 596 volens,
1592 546 1764 586 infecta
1795 548 1867 594 (ut

233 616 336 667 ipsa
357 616 674 666 existimabat)
697 627 779 656 seu
798 622 1030 656 venenata
1053 628 1191 668 poma
1213 628 1373 656 secum
1394 616 1628 667 auferens,
1653 617 1866 657 clanculo

235 687 569 737 manducabat3
594 692 640 726 at
663 687 795 727 aliter
817 687 975 727 divina
1003 687 1278 738 disponente
1308 688 1576 737 clementia,
1607 687 1666 727 ad
1693 687 1866 727 confes-

234 757 413 796 sionem
442 757 596 808 venit;
625 769 743 809 quae
771 758 909 808 paulo
938 764 1042 808 post
1070 757 1266 808 pristino
1294 757 1449 797 mariti
1476 757 1771 808 familiaeque
1799 769 1866 797 re·

236 828 397 867 stituta
419 828 589 878 amori,
615 828 661 867 in
681 828 803 867 bono
826 827 1083 868 ferventius
1104 827 1310 879 proficit,
1335 828 1521 879 saepius
1544 828 1603 868 ad
1624 827 1867 868 Sanctissi-

235 910 340 938 mae
380 898 544 938 Matris
582 898 820 938 Ecclesiae
866 898 1049 939 rediens
1090 904 1399 938 sacramenta.
1447 898 1666 938 Nonnulli
1710 899 1869 938 itidem

235 969 477 1021 utriusque
498 981 638 1009 sexus
658 970 866 1021 religiosi
888 976 931 1010 et
952 971 1238 1017 saeculares,
1272 970 1350 1021 qui
1379 970 1579 1010 antehac
1610 970 1767 1010 invido
1789 981 1867 1009 no-

234 1046 362 1080 strae
384 1039 606 1080 Societati
627 1041 782 1080 animo
814 1041 1059 1080 detrahere
1088 1052 1283 1092 eamque
1311 1047 1607 1081 contemnere
1630 1046 1766 1092 atque
1789 1041 1870 1080 mi-

236 1122 380 1151 nuere
418 1111 506 1151 nisi
545 1111 752 1161 fuerunt,
794 1112 1003 1162 tandem,
1041 1111 1199 1151 divino
1239 1112 1285 1151 in
1324 1112 1614 1163 praecordiis
1653 1112 1869 1152 concussi

236 1182 510 1233 spiramine,
547 1194 642 1222 non
677 1182 816 1222 modo
852 1183 910 1222 ab
939 1183 1169 1233 obloquiis
1196 1183 1435 1232 destitere,
1469 1183 1550 1222 sed
1578 1183 1718 1222 etiam
1744 1182 1870 1222 ducti

237 1253 537 1304 poenitudine
558 1253 714 1293 multis
735 1253 974 1293 lachrimis
995 1254 1054 1293 ad
1076 1253 1419 1293 confessionem
1436 1260 1680 1294 venerunt.

315 1323 546 1364 Sacerdos
577 1324 778 1375 quidam,
816 1324 961 1364 variis
995 1325 1241 1364 intricatus
1277 1325 1448 1364 diaboli
1486 1325 1864 1375 charismatibus,

240 1397 433 1437 multum
454 1395 676 1446 temporis
697 1394 949 1435 Missarum
970 1395 1125 1435 omisit
1141 1396 1502 1435 celebrationem
1526 1401 1570 1435 et
1592 1395 1866 1444 orationem,

238 1467 394 1507 onmia
415 1465 612 1517 denique
632 1465 708 1516 pia
730 1477 873 1516 opera
895 1471 938 1505 et
959 1465 1333 1516 exercitationes,
1358 1466 1524 1517 partim
1545 1466 1668 1517 quia,
1688 1466 1870 1505 abiecto

240 1537 410 1587 animo,
431 1548 479 1576 se
500 1542 801 1587 peccatorum
822 1547 959 1588 posse
980 1536 1240 1587 relinquere
1258 1537 1640 1576 consuetudinem
1656 1537 1870 1588 despera-

238 1609 333 1658 bat,
357 1607 527 1659 partim
548 1607 656 1658 quia
677 1607 763 1646 sibi
784 1618 1061 1658 persuasum
1081 1607 1283 1647 habebat
1304 1619 1358 1646 eo
1381 1607 1531 1658 magis
1559 1608 1766 1647 divinam
1795 1607 1870 1647 ad-

239 1690 407 1719 versus
428 1690 476 1718 se
497 1678 749 1729 provocari
770 1678 1005 1728 ultionem,
1029 1689 1121 1729 quo
1140 1678 1273 1728 plura
1294 1684 1372 1717 aut
1394 1678 1570 1718 diceret
1598 1685 1677 1718 aut
1697 1678 1874 1718 faceret

241 1750 362 1789 bona
384 1760 542 1800 opera,
566 1749 654 1788 nisi
677 1760 868 1799 prorsus
889 1754 1110 1799 peccator
1132 1760 1233 1788 esse
1255 1748 1502 1799 desineret,
1528 1749 1658 1789 iuxta
1680 1748 1872 1788 Psalmi-

240 1827 354 1871 stae‚
375 1820 499 1871 quod
516 1820 749 1870 allegabat
764 1819 952 1859 dictum:
972 1819 1226 1859 Peccatori
1242 1823 1398 1858 autem
1415 1820 1541 1859 (lixit
1560 1820 1706 1859 Dens:
1724 1831 1872 1871 quare

237 1896 292 1932 tlt
311 1902 514 1930 enarras
535 1890 747 1929 iustitias
768 1901 896 1929 meas
911 1923 920 1939 ,
943 1896 1028 1930 etc.
1059 1890 1178 1929 Hinc
1210 1902 1448 1941 nunquam
1477 1890 1712 1941 placidum
1748 1890 1874 1930 domi

238 1963 414 2002 forisve
440 1961 689 2002 ostendens
711 1962 905 2011 vultum,
930 1972 1158 2011 morosus,
1183 1967 1362 2011 torvus,
1387 1973 1471 2000 sua
1493 1961 1706 2001 molestia
1724 1967 1871 2001 totam

241 2033 470 2072 afficiebat
490 2032 728 2081 familiam,
753 2044 778 2071 a
802 2043 892 2083 quo
914 2038 1071 2071 autem
1088 2032 1221 2071 nobis
1239 2031 1453 2071 confiteri
1471 2032 1637 2083 coepit,
1657 2032 1812 2071 omnia
1829 2031 1874 2071 in

242 2104 480 2144 meliorem
501 2104 701 2143 mutavit
719 2109 906 2154 statum,
927 2103 1053 2143 domi
1069 2103 1296 2154 placidus,
1315 2103 1427 2143 foris
1445 2115 1645 2154 magnae
1664 2103 1874 2143 aedifica-

241 2175 381 2215 tionis
420 2176 674 2225 exemplar,
717 2174 904 2224 saepius
940 2173 1151 2213 confiteri
1185 2185 1240 2213 ac
1275 2174 1512 2214 celebrare
1547 2185 1873 2225 perseverans,

243 2252 379 2297 prout
400 2247 526 2297 pium
549 2246 949 2296 christianumque
971 2245 1103 2284 decet
1125 2245 1433 2284 sacerdotem.

323 2316 419 2357 Nec
441 2318 530 2357 hac
551 2322 712 2356 nostra
729 2316 973 2355 dumtaxat
989 2315 1309 2355 Lovanienses
1325 2315 1541 2355 fruuntur
1559 2327 1715 2366 opera,
1735 2314 1817 2355 sed
1833 2320 1877 2355 et

246 2387 621 2437 Mechlinienses,
653 2386 1042 2437 Antuerpienses,
1076 2386 1268 2437 aliisque
1303 2386 1358 2425 de
1396 2386 1511 2426 locis
1550 2385 1878 2425 remotioribus

243 2459 335 2498 huc
374 2458 532 2497 sedulo
572 2457 880 2497 adventantes
900 2488 908 2507 ,
949 2462 1052 2507 post
1091 2455 1432 2496 confessionem
1471 2456 1570 2496 sive
1609 2457 1877 2506 generalem

245 2529 402 2580 (quam
437 2528 622 2578 plurimi
648 2527 846 2575 faciunt)
878 2527 977 2567 sive
1005 2538 1319 2577 communem,
1356 2526 1609 2566 Dominum
1635 2527 1878 2566 laudantes

245 2610 352 2639 cum
372 2598 545 2649 gaudio
569 2603 612 2638 et
634 2597 919 2637 exultatione
940 2597 1128 2637 domum
1149 2597 1358 2637 redeunt.
1382 2597 1471 2637 Ubi
1492 2609 1604 2637 vero
1623 2597 1682 2637 ad
1702 2608 1786 2637 nos
1803 2609 1876 2636 ve-

245 2670 345 2709 nire
380 2681 473 2709 non
506 2669 636 2719 licet,
665 2668 726 2708 ibi
752 2674 911 2708 noster
940 2668 1133 2707 multum
1161 2667 1452 2707 desideratur
1482 2666 1726 2707 adventus.
1761 2667 1878 2717 Ipsis

244 2740 373 2780 feriis
390 2741 454 2790 (ut
472 2739 659 2790 vocant>
677 2738 1102 2789 bacchanaliorum,
1123 2738 1328 2778 dictante
1346 2737 1546 2778 Domino
1564 2738 1699 2778 simul
1717 2743 1760 2778 et
1776 2749 1877 2777 san-

247 2817 323 2851 cta
345 2812 614 2850 consulente
636 2810 913 2860 obedientia,
938 2815 1159 2860 paternos
1180 2809 1372 2848 visitavi
1393 2809 1576 2859 limites,
1601 2809 1678 2848 ubi
1698 2808 1879 2859 praedi·

248 2881 335 2921 ctis
356 2881 532 2931 diebus,
555 2881 622 2920 uti
644 2881 858 2920 omnibus
879 2880 975 2919 fere
997 2880 1043 2919 in
1065 2879 1194 2930 locis,
1218 2891 1312 2918 non
1328 2884 1424 2918 tam
1442 2878 1721 2918 christianos
1738 2890 1878 2930 quam

248 2951 456 2991 infideles
477 2963 526 2991 se
547 2952 757 2991 homines
778 2950 1040 3001 ostendunt,
1064 2950 1195 3001 quasi
1217 2949 1340 2989 licite
1363 2954 1407 2988 et
1427 2948 1517 2988 hoc
1538 2955 1747 3000 tempore
1769 2960 1875 2988 con-
