2080 3392
266 160 340 197 288
792 160 1018 197 LITTERAE
1044 172 1400 204 QUADRIMESTRES

269 268 507 307 nunquam
529 257 823 306 persolvens,
858 256 1044 295 iuvenili
1076 257 1325 297 insolentia
1356 269 1411 298 ac
1439 259 1589 300 otiosa
1618 261 1905 312 negligentia

270 327 485 377 celebris,
509 326 661 366 Patris
682 327 833 366 nostri
860 327 1054 366 consilio
1083 333 1127 367 et
1156 328 1368 379 arbitrio,
1405 329 1450 369 in
1480 330 1582 381 ipsa
1612 331 1905 373 confessione

269 397 431 436 salutis
452 402 704 448 praecepta
727 397 940 448 edoctus,
965 409 1075 437 mox
1103 398 1150 437 in
1181 399 1379 439 alterum
1405 399 1640 441 hominem
1670 408 1901 453 permuta-

268 474 342 507 tus
362 474 446 517 est,
471 479 577 507 cum
597 468 916 518 praeceptoris
938 469 1009 508 sui
1031 469 1353 520 admiratione,
1379 471 1457 522 qui
1479 472 1602 522 apud
1623 471 1812 513 Patrem
1833 485 1901 513 re·

266 538 506 589 pentinam
527 538 838 578 adolescentis
860 540 1231 589 conversionem,
1256 552 1365 580 raro
1388 541 1639 582 admodum
1668 544 1899 595 exemplo,

267 609 404 648 hilari
425 609 580 649 animo
601 610 780 650 extulit.
803 609 943 661 Nam,
974 617 1304 662 praeterquam
1326 612 1449 663 quod
1471 612 1676 654 officium·
1692 615 1902 655 divinum

267 680 440 730 absque
478 681 570 720 ulla
605 680 949 721 intermissione
982 681 1183 721 Domino
1215 682 1409 722 reddere
1444 684 1620 734 coepit,
1655 692 1901 736 corruptos

266 763 420 791 mores
442 764 547 792 cum
568 752 693 792 vitae
715 753 946 804 probitate
968 754 1273 793 commutavit
1291 786 1298 804 ,
1323 754 1621 806 animumque
1642 756 1701 796 ad
1731 756 1904 796 serium

264 823 506 862 literarum
528 823 747 874 studium,
772 824 1006 864 concitato
1030 835 1168 863 cursu
1191 830 1445 876 arreptum,
1470 826 1526 865 ab
1549 826 1642 865 otio
1665 829 1897 868 evocavit.

266 892 519 944 Speramus
541 894 600 934 ad
621 894 946 945 perfectiorem
968 901 1012 934 et
1033 895 1338 935 maturiorem
1358 895 1542 946 frugem
1564 897 1685 936 hunc
1717 898 1808 938 levi
1840 899 1903 938 la-

266 965 377 1004 bore
398 965 730 1015 excolendum,
763 966 851 1005 hoc
881 966 1173 1017 potissimum
1205 973 1483 1016 argumento
1512 968 1745 1019 persuasi,
1780 970 1904 1020 quod

266 1047 454 1075 sacram
474 1035 737 1088 frequentet
754 1037 1110 1087 confessionem,
1129 1038 1385 1077 maximam
1402 1038 1461 1077 ad
1479 1038 1781 1089 perfectionis
1811 1046 1901 1080 stu-

268 1107 394 1147 dium
408 1107 505 1147 vim
521 1114 866 1159 suggerentem.
889 1107 1117 1159 Optamus
1133 1108 1502 1160 quamplurimos
1520 1111 1744 1159 novellos,
1764 1111 1901 1151 huius

265 1178 455 1228 indolis,
481 1178 653 1219 Christi
675 1179 890 1230 athletas,
914 1179 1048 1219 nobis
1069 1179 1398 1220 exercitandos
1421 1180 1480 1220 ad
1501 1179 1797 1222 Christianae
1819 1183 1898 1222 mi-

266 1250 393 1289 litiae
414 1256 770 1300 stratagemata,
797 1250 1128 1290 commendari.

346 1320 509 1361 Altera
530 1327 746 1361 matrona
769 1327 838 1361 est
859 1322 1090 1361 honorata
1114 1333 1168 1361 ac
1193 1322 1339 1373 dives,
1361 1335 1494 1375 quae,
1519 1324 1655 1364 vafra
1679 1330 1817 1376 atque
1838 1325 1901 1365 fu—

266 1398 399 1432 nesta
422 1392 570 1432 hostis
598 1393 720 1432 illius
742 1393 1017 1432 astutissimi
1045 1399 1144 1432 arte
1171 1392 1417 1445 fascinata,
1438 1395 1484 1434 in
1505 1400 1602 1435 tam
1622 1395 1903 1447 profundam

265 1463 698 1514 pusillanimitatem
720 1464 1037 1515 desperationi
1063 1465 1327 1515 proximam
1351 1465 1542 1517 delapsa
1563 1472 1654 1517 est,
1684 1473 1733 1506 ut
1755 1472 1902 1506 extre-

266 1545 343 1573 ma
366 1535 627 1585 praesentis
661 1541 704 1574 et
734 1535 878 1574 futuri
899 1535 1073 1575 saeculi
1102 1535 1355 1586 supplicia,
1384 1537 1693 1577 tentationum
1714 1537 1902 1578 diaboli-

265 1616 431 1644 carum
451 1606 755 1655 suggestione
779 1612 1026 1655 commota,
1050 1618 1146 1646 non
1168 1607 1304 1646 modo
1326 1607 1412 1647 sibi
1434 1608 1594 1647 servili
1620 1614 1746 1648 metu
1774 1609 1901 1648 time-

268 1682 353 1726 ret,
372 1688 536 1716 verum
553 1677 693 1716 etiam
708 1677 1027 1728 persuaderet,
1048 1689 1192 1729 usque
1215 1678 1331 1717 adeo
1353 1684 1402 1718 ut
1424 1679 1545 1729 patri
1562 1679 1813 1719 affirmaret
1834 1691 1898 1729 se,

269 1758 296 1786 a
317 1746 418 1787 Deo
446 1748 759 1798 reprobatam,
790 1754 1042 1799 perpetuae
1073 1748 1362 1788 damnationi
1391 1750 1672 1790 destinatam
1703 1761 1820 1801 esse,
1846 1762 1901 1790 ac

269 1818 444 1868 pariter
464 1818 587 1868 ignis
609 1819 835 1869 supplicio
861 1818 967 1866 (Res
988 1819 1107 1858 mira
1129 1825 1172 1858 et
1194 1820 1419 1869 inaudita)
1440 1821 1625 1871 publico
1647 1821 1812 1860 iudicis
1831 1833 1901 1861 ar-

268 1889 403 1928 bitrio
426 1889 845 1939 condemnandam,
878 1901 927 1929 se
958 1890 1104 1929 vitam
1132 1901 1237 1929 cum
1263 1897 1411 1930 morte
1439 1891 1751 1942 ignominiosa
1779 1904 1897 1932 com-

267 1966 568 2009 mutaturam,
602 1961 867 2011 malumque
890 1961 1100 2012 corporis
1123 1961 1482 2009 atrocissimum,
1507 1974 1592 2002 ceu
1608 1963 1901 2013 praeludium

270 2031 525 2082 quoddam,
564 2042 795 2070 summam
833 2031 1001 2071 inferni
1035 2032 1269 2071 miseriam
1305 2032 1681 2081 subsecuturam,
1718 2034 1901 2085 praeire

269 2108 498 2152 oportere.
525 2101 703 2151 Quibus
731 2102 1112 2153 phantasmatum
1138 2103 1327 2142 vesanis
1350 2104 1597 2143 tormentis
1621 2115 1675 2143 eo
1706 2104 1902 2154 periculi

269 2172 470 2211 adducta
493 2178 575 2222 est,
596 2179 644 2211 ut
664 2172 790 2211 Vitae
812 2171 982 2222 taedio,
1006 2184 1111 2211 cum
1128 2172 1330 2223 quadam
1347 2173 1533 2213 divinae
1550 2174 1900 2215 misericordiae

269 2243 522 2282 diffidentia
552 2244 745 2300 sociato,
781 2243 1004 2293 cruciata,
1030 2243 1177 2282 vitam
1198 2244 1462 2294 suspendio,
1487 2244 1625 2284 finem
1651 2251 1746 2285 tam
1774 2257 1899 2285 acer-

270 2314 356 2352 bae
378 2313 644 2353 afflictionis
666 2314 914 2364 captando,
945 2312 1095 2361 finire,
1120 2321 1400 2364 praeparato
1423 2316 1604 2366 laqueo,
1630 2316 1688 2355 ad
1714 2321 1809 2355 tam
1834 2316 1897 2356 fu—

268 2391 451 2424 nestam
472 2385 614 2424 animi
636 2385 940 2435 corporisque
961 2392 1180 2435 mortem,
1204 2396 1294 2435 quo
1317 2397 1366 2425 se
1386 2385 1652 2437 suffocaret,
1672 2388 1814 2426 semel
1835 2394 1897 2427 at-

268 2466 357 2506 que
381 2455 548 2494 iterum
569 2455 851 2505 decreverit,
870 2455 1158 2506 frequentius
1178 2466 1293 2495 vero
1322 2456 1369 2496 in
1390 2463 1578 2507 puteum
1608 2463 1687 2497 aut
1707 2457 1898 2497 fluvium

267 2537 318 2565 se
339 2526 729 2576 submergendam
752 2526 1055 2577 praecipitem
1078 2526 1210 2576 dare,
1236 2526 1438 2567 fluminis
1465 2528 1700 2578 gurgitem
1721 2529 1896 2580 absque

269 2608 349 2647 spe
393 2597 623 2636 evadendi
667 2597 864 2648 periculi
903 2596 1168 2646 eligendum
1211 2597 1562 2648 investigando,
1604 2598 1895 2639 deliberavit.

266 2666 433 2706 Utrum
464 2667 538 2706 hic
567 2668 719 2717 magis
748 2667 949 2707 admirer
985 2667 1186 2717 ambigO,
1216 2679 1277 2706 an
1302 2673 1511 2708 atrocem
1541 2668 1666 2708 illam
1695 2668 1897 2709 Satanae

268 2748 381 2787 erga
404 2737 638 2777 oviculam
660 2738 834 2777 Christi
863 2737 1205 2787 crudelitatem,
1236 2749 1296 2777 an
1328 2750 1385 2778 cx
1413 2738 1613 2778 adverso
1641 2739 1894 2779 humanam

269 2807 496 2846 adversus
522 2809 772 2847 truculenti
800 2808 947 2847 hostis
976 2807 1173 2847 insultus
1208 2808 1586 2859 imbecillitatem,
1620 2810 1895 2860 praesertim

267 2877 454 2928 quando
476 2884 689 2918 matrona
713 2878 919 2918 extiterit
940 2877 1136 2917 honesta
1165 2889 1219 2917 ac
1242 2878 1339 2929 pia,
1369 2878 1457 2918 Dei
1487 2879 1653 2919 timore
1683 2891 1739 2920 ac
1769 2881 1895 2921 vitae

268 2948 499 2999 probitate
521 2949 743 2998 insignis,
767 2960 852 2988 nec
875 2947 1001 2988 Patri
1032 2949 1171 2987 aliam
1193 2954 1288 2988 tam
1311 2949 1542 2989 infaustae
1559 2950 1614 2989 de
1636 2961 1686 2990 se
1707 2961 1893 3001 persua-
