2080 3392
817 217 900 253 AN.
932 216 1024 253 1554
1665 213 1732 251 651

91 324 273 358 tanturn
308 323 436 368 sunt,
474 321 811 357 connumerato
840 313 890 354 P.
919 314 1149 354 Michaele
1179 312 1250 353 De
1278 313 1483 353 Bairros.
1513 312 1645 353 Unus
1675 323 1734 352 ex

92 390 204 439 illis,
243 388 453 440 exceptis
482 387 585 428 aliis
613 385 883 427 domesticis
912 384 1319 436 occupationibus,
1358 384 1623 435 theologiae
1654 384 1734 424 dat

93 471 309 512 operam;
343 460 434 500 duo
469 459 635 510 reliqui
659 457 1034 498 confessionibus
1062 456 1456 496 scholasticorum
1489 455 1734 495 audiendis

92 538 190 572 toto
213 532 309 572 fere
331 537 540 582 tempore
562 534 877 581 occupantur,
911 529 1109 568 aliorum
1130 527 1432 567 nihilominus
1454 526 1735 578 quandoque

92 603 412 643 confessiones
433 602 649 651 audiunt,
674 600 952 652 praesertim
972 599 1019 639 in
1041 598 1420 651 quadragesima.
1445 597 1562 638 Cum
1582 598 1629 637 in
1646 597 1736 637 hac

91 674 204 714 urbe
244 679 460 713 sanctum
495 673 751 724 jubilaeum
790 677 860 711 est
894 671 1269 722 promulgatum,
1306 681 1388 720 per
1423 669 1601 720 aliquot
1635 669 1735 708 dies

90 745 206 785 satis
244 745 525 785 insudarunt
568 743 834 793 audiendis,
882 753 976 781 non
1020 740 1159 781 modo
1200 740 1590 781 scholasticorum
1636 740 1737 792 (qui

89 822 202 856 tunc
235 816 381 856 ferme
417 827 512 856 oes.
552 814 757 855 confessi
792 819 926 862 sunt,
965 818 1014 852 ut
1049 811 1160 851 illud
1194 813 1616 862 consequerentur)
1654 811 1737 850 sed

88 887 229 927 etiarn
250 887 455 938 plurium
486 887 685 926 aliorum
713 898 773 926 ex
800 885 991 925 civitate
1022 883 1113 923 huc
1146 883 1493 923 confluentium.
1526 882 1663 933 Quod
1697 882 1738 922 si

89 959 246 1010 plures
268 958 540 998 sacerdotes
563 957 638 997 hic
660 957 894 1006 adessent,
919 955 1033 995 satis
1056 954 1125 1002 (ut
1147 954 1371 1004 arbitror)
1393 954 1571 1004 negotii
1593 954 1732 993 habe-

90 1036 209 1070 rent.

170 1101 397 1153 Princeps
418 1101 683 1142 Cardinalis
705 1106 812 1140 ante
834 1098 1233 1151 septuagesimam
1260 1110 1286 1137 a
1318 1097 1367 1137 P.
1401 1097 1581 1136 Mirone
1608 1097 1739 1148 petiit

91 1179 140 1213 ut
180 1173 222 1212 ei
255 1173 593 1212 concederetur
627 1171 675 1211 Ρ.
713 1170 990 1211 Emmanuel
1021 1168 1369 1218 Ferdinandus,
1403 1168 1480 1219 qui
1516 1168 1740 1218 populum

91 1244 213 1284 hunc
236 1244 499 1285 doctrinam
522 1243 832 1283 christianam
853 1241 1094 1290 edocebat,
1118 1246 1168 1280 ut
1189 1240 1276 1279 iret
1294 1240 1339 1279 in
1362 1239 1605 1279 civitatem
1626 1250 1739 1278 suae

92 1315 361 1366 Dioecesis,
398 1316 543 1365 Vulgo
578 1314 733 1354 Elvas
762 1313 1067 1364 appellatam,
1101 1311 1271 1351 ibidem
1302 1311 1347 1350 in
1375 1310 1741 1362 quadragesima

91 1387 460 1427 concionaturus
488 1391 532 1426 et
565 1384 884 1425 confessiones
913 1383 1179 1431 auditurus3
1216 1394 1307 1434 quo
1330 1382 1602 1433 impetrato,
1634 1382 1736 1421 mis-

91 1469 171 1498 sus
199 1464 268 1498 est
297 1458 372 1498 ille
400 1469 507 1497 cum
535 1457 676 1505 socio,
702 1456 843 1496 etiam
874 1454 1031 1503 Patre,
1056 1454 1131 1494 cui
1160 1465 1331 1493 nomen
1361 1460 1430 1493 est
1457 1453 1595 1493 Petro
1626 1452 1738 1493 San-

91 1536 194 1569 ctae
226 1529 411 1579 Crucis,
445 1529 492 1568 in
518 1529 642 1568 hanc
664 1527 928 1576 civitatem,
952 1526 1028 1565 ubi
1059 1532 1358 1577 peramanter
1393 1525 1579 1576 excepti
1614 1530 1736 1588 sunt.

91 1601 248 1652 Atque
274 1601 392 1640 adeo
421 1605 469 1640 ut
496 1599 687 1651 spualiS.
719 1599 897 1638 fructus
926 1597 1263 1649 perspiciatur,
1295 1607 1431 1647 quem
1459 1595 1628 1635 ibidem
1657 1607 1740 1647 per

92 1673 195 1712 illos
217 1677 500 1724 praepotens
522 1670 651 1711 Deus
675 1669 862 1721 operari
884 1668 1106 1719 dignatus
1128 1674 1219 1717 est,
1245 1668 1319 1707 hic
1342 1668 1608 1718 exemplum
1634 1678 1738 1718 par-

93 1743 152 1783 tis
174 1743 419 1783 cuiusdam
440 1742 666 1794 epistolae
687 1752 861 1792 ponere
883 1740 1033 1789 volui,
1068 1750 1209 1791 quam
1241 1738 1297 1779 l.O
1327 1739 1550 1778 calendas
1581 1737 1740 1778 Martii

92 1815 209 1854 alter
231 1814 443 1864 Patrum,
468 1813 708 1862 videlicet,
729 1811 893 1852 Petrus
915 1810 1067 1851 Sctae.
1088 1810 1266 1861 Crucis,
1291 1810 1351 1850 ad
1371 1822 1457 1850 nos
1478 1810 1680 1861 scripsit.

175 1884 316 1926 “Cum
345 1884 403 1925 ad
431 1885 553 1924 hanc
587 1883 750 1924 urbem
785 1883 1102 1932 venissemus,
1140 1894 1235 1921 non
1257 1893 1434 1933 paruae
1456 1881 1661 1921 laetitiae
1693 1887 1738 1921 et

88 1956 263 2007 gaudio
290 1956 338 1996 in
365 1956 472 1996 dno.
506 1955 641 1995 nobis
663 1953 747 1994 fuit
777 1954 843 1994 ita
870 1954 988 1994 bene
1020 1953 1211 1993 affectos
1245 1953 1382 1992 huius
1411 1952 1570 2004 populi
1601 1952 1733 2002 aios,

87 2027 152 2067 ita
186 2033 430 2080 promptos
459 2027 517 2067 ad
548 2026 901 2067 exhortationes
938 2024 1093 2064 Patris
1129 2024 1449 2064 Emmanuelis
1487 2035 1733 2075 capessen-

89 2097 173 2138 das
193 2098 451 2148 invenisse,
476 2110 567 2150 qua
591 2098 637 2138 in
659 2109 709 2137 re
732 2097 799 2137 sic
820 2097 961 2136 iidem
982 2096 1306 2147 profecerunt,
1341 2102 1390 2134 ut
1421 2095 1543 2134 illius
1574 2096 1735 2134 volun-

90 2169 175 2210 tati
209 2170 394 2221 penitus
429 2170 725 2218 subiaceant,
764 2180 956 2220 eosque,
996 2179 1086 2219 quo
1122 2167 1254 2216 Velit,
1291 2166 1523 2206 traducat.
1561 2165 1612 2206 In
1647 2167 1737 2206 hac

89 2240 475 2292 quadragesima,
499 2240 587 2279 451ss
615 2252 670 2280 ac
693 2240 841 2279 sextis
862 2239 992 2279 feriis
1013 2239 1403 2288 concionabatur,
1431 2238 1593 2277 diebus
1624 2250 1732 2289 quo·

90 2323 179 2364 que
201 2311 468 2363 dominicis,
494 2323 630 2351 mane
652 2311 708 2351 de
732 2311 1011 2362 Evangelio,
1037 2321 1234 2361 vespere
1256 2310 1312 2349 de
1343 2309 1599 2349 mandatis:
1631 2310 1735 2349 illos

91 2382 320 2423 acerrime
342 2383 663 2434 reprehendit,
688 2388 732 2422 et
753 2382 882 2422 illum
906 2393 1002 2422 oes.
1027 2393 1176 2433 aequo
1200 2381 1354 2421 animo
1376 2380 1533 2420 ferunt
1554 2380 1611 2420 ob
1642 2392 1734 2420 ma-

90 2465 235 2504 gnam
270 2453 457 2504 (credo),
489 2465 628 2505 quam
664 2453 720 2493 de
755 2465 808 2493 eo
838 2465 1098 2504 concepere
1127 2452 1407 2504 opinionem.
1447 2452 1607 2503 Itaque
1642 2463 1736 2491 non

92 2525 244 2565 minus
274 2537 333 2565 ex
361 2525 666 2565 concionibus
693 2536 834 2576 quarn
861 2536 920 2564 ex
950 2524 1127 2564 sanctis
1159 2523 1598 2563 conversationibus
1629 2524 1734 2563 ube-

91 2608 166 2636 res
196 2596 377 2636 fructus
407 2603 680 2636 nascuntur.
705 2595 780 2636 P.0
811 2595 883 2635 die
914 2596 1149 2635 dominico
1180 2594 1592 2646 quadragesimae,
1627 2605 1735 2634 cum

91 2667 404 2718 Evangelium
432 2667 488 2707 de
518 2666 592 2707 X.i
623 2667 958 2707 tentationibus
987 2666 1364 2716 concionaretur,
1394 2666 1459 2705 ita
1488 2666 1733 2705 vehemen-

91 2738 183 2778 tius
211 2738 257 2778 in
292 2738 652 2778 concubinarios
687 2738 902 2778 invectus
938 2743 1027 2788 est,
1065 2743 1114 2776 ut
1149 2738 1397 2777 nonnullos
1432 2737 1641 2788 ipsorum
1674 2736 1735 2776 ad

94 2809 243 2849 vitam
263 2809 311 2849 in
332 2809 496 2849 melius
517 2809 853 2849 instituendam
881 2808 1202 2848 commoverit.
1227 2807 1369 2847 Venit
1390 2807 1546 2858 itaque
1567 2806 1627 2846 ad
1647 2819 1734 2847 nos

91 2880 250 2920 statim
288 2886 393 2931 post
430 2880 609 2920 finitam
648 2880 923 2920 concionem
965 2879 1131 2919 mulier
1170 2879 1424 2930 quaedam,
1468 2884 1734 2918 amatorum

90 2951 411 3001 internuncia,
436 2950 676 2990 affirmans
697 2951 817 2990 velle
839 2962 910 3000 se,
934 2949 1036 2990 Deo
1057 2949 1220 2999 dante,
1245 2948 1495 2989 emendare
1517 2956 1560 2989 et
1582 2961 1607 2989 a
1629 2961 1733 3000 pec-

90 3027 197 3061 cato
219 3022 296 3062 illo
318 3021 562 3071 recedere,
594 3021 794 3061 accessit
815 3027 859 3061 et
890 3021 1028 3071 alius,
1054 3021 1147 3061 iam
1169 3021 1345 3072 aliquot
1372 3032 1521 3060 annos
1550 3021 1597 3060 in
1628 3032 1731 3060 con-
