2080 3392
846 221 931 260 AN.
962 221 1054 260 1554
1084 276 1090 282 ⁸
1701 220 1771 256 627

133 330 240 370 nos,
264 319 343 371 qui
364 318 572 370 integros
593 319 755 359 decem
777 325 821 360 et
842 331 926 359 sex
955 331 1104 359 annos
1131 329 1371 370 nunquam
1400 316 1644 357 confessus
1674 316 1768 356 fue-

133 390 218 441 rit,
262 390 470 442 adeoque
505 391 697 431 morbus
732 396 1069 440 consenuerat,
1107 395 1156 429 ut
1192 389 1488 429 difficillimus
1522 394 1771 440 appareret

135 461 338 501 hominis
359 461 535 502 reditus
558 461 749 502 inviam
771 461 956 511 salutis,
989 461 1037 500 in
1069 471 1210 512 quam
1237 466 1418 510 tamen,
1449 458 1636 500 Christo
1665 470 1770 511 gra-

135 533 221 583 tia,
255 533 330 573 cui
356 533 468 573 nihil
494 532 677 572 difficile
709 539 800 582 est,
833 538 1102 573 nostrorum
1136 531 1394 571 ministerio
1429 531 1650 571 reductus
1684 537 1769 580 est,

134 616 229 644 non
255 604 355 644 sine
383 615 556 655 magna
586 611 631 644 et
657 604 729 647 sui
759 604 905 655 ipsius
934 603 989 643 de
1019 614 1067 643 se
1096 609 1140 643 et
1168 609 1487 653 caeterorum,
1521 602 1600 654 qui
1629 602 1773 642 homi—

135 687 242 715 nem
262 683 581 726 agnoverant,
605 675 934 726 admiratione,
971 674 1181 714 divinam
1201 674 1459 714 bonitatem
1481 674 1527 713 in
1548 686 1602 714 eo
1635 685 1774 725 opere

135 758 432 797 summopere
465 746 771 787 laudantium.
806 746 865 786 Et
893 745 949 785 de
977 745 1050 785 his
1072 745 1210 794 haec,
1235 745 1487 784 multorum
1509 745 1626 795 loco,
1650 745 1774 785 dicta

136 817 387 857 sufficiant.

215 888 626 928 Perseverantium
660 888 905 928 nobiscum
932 887 978 927 in
1006 887 1369 938 participatione
1406 898 1596 927 mensae
1631 887 1773 927 domi-

134 959 271 999 nicae
291 959 512 1011 frequens
534 966 603 1000 est
624 971 808 1011 semper
830 958 1223 998 scholasticorum
1244 969 1487 1007 numeruS,
1512 958 1634 998 inter
1661 970 1777 1010 quos
1814 1004 1819 1010 ⁸

136 1043 231 1071 non
250 1031 390 1082 pauci
411 1036 517 1070 sunt
539 1037 583 1071 et
605 1030 795 1081 ingenio
823 1035 869 1070 et
898 1029 1053 1069 indole
1085 1030 1332 1080 praeclara
1364 1041 1419 1069 ac
1452 1041 1635 1070 morum
1663 1029 1776 1070 inte-

137 1102 311 1153 gritate
338 1102 442 1142 aliis
477 1102 716 1154 exemp103
744 1107 933 1153 tamque
964 1100 1119 1151 opima
1148 1100 1313 1140 messis
1349 1106 1418 1140 est
1439 1100 1775 1148 confitentium,

139 1179 189 1213 ut
227 1184 469 1224 nunquam
507 1174 681 1213 nostris
722 1171 949 1224 operariis
989 1171 1129 1212 fuerit
1162 1170 1452 1221 feriandum,
1495 1183 1779 1223 quamquam

138 1245 284 1284 multo
306 1245 463 1296 plures
485 1250 656 1294 essent,
681 1244 728 1284 in
750 1242 1113 1296 quadragesima
1131 1242 1424 1294 praesertim,
1445 1243 1491 1282 in
1513 1254 1619 1294 qua,
1644 1243 1778 1283 omis-

140 1316 204 1356 sis
226 1316 495 1356 domesticis
517 1315 719 1367 negotiis
741 1321 785 1355 et
811 1314 999 1364 studiis,
1024 1313 1070 1353 id
1091 1315 1243 1354 solum
1264 1313 1480 1353 Patribus
1508 1321 1610 1354 erat
1640 1326 1779 1366 agen-

139 1387 251 1427 dum
280 1392 329 1426 ut
360 1386 683 1426 confessiones
716 1391 840 1426 totos
870 1385 969 1426 dies
1005 1384 1241 1435 audirent;
1278 1391 1503 1436 tantaque
1538 1391 1639 1425 erat
1673 1397 1778 1425 con-

140 1458 382 1498 fluentium
415 1457 661 1498 multitudo
696 1463 747 1497 ut
779 1468 866 1497 nec
901 1456 967 1496 sic
1001 1455 1187 1508 quidem
1221 1455 1434 1495 sufficere
1467 1462 1674 1507 possent.
1710 1456 1781 1496 De

139 1530 308 1581 quibus
331 1529 545 1569 omnibus
568 1540 712 1569 unum
733 1527 844 1568 illud
867 1527 1102 1568 addidisse
1124 1526 1339 1567 sufficiet:
1372 1527 1419 1567 in
1447 1527 1534 1578 eis,
1567 1528 1645 1579 qui
1675 1539 1781 1568 cum

143 1601 316 1641 nostris
334 1600 627 1649 confitentur,
648 1610 871 1651 magnam
888 1610 1118 1650 apparere
1135 1598 1262 1638 vitae
1284 1599 1625 1638 correctionem
1641 1610 1648 1649 ;
1667 1606 1779 1639 tam-

141 1684 231 1724 que
260 1678 329 1712 est
359 1671 448 1711 hoc
481 1672 527 1711 in
555 1671 644 1711 hac
673 1670 917 1710 academia
948 1669 1251 1710 manifestum
1277 1676 1326 1709 ut
1352 1670 1581 1721 plerique,
1613 1670 1660 1710 id
1688 1670 1781 1710 ani-

142 1743 514 1793 madvertentes,
559 1754 664 1783 cum
702 1742 877 1782 nostris
917 1741 1128 1781 confiteri
1168 1747 1213 1781 et
1258 1741 1535 1781 familiarius
1581 1742 1783 1793 colloqui

140 1821 378 1865 exoptent.
409 1814 543 1865 Quod
570 1826 623 1854 eo
652 1813 923 1865 scripserim
950 1819 998 1853 ut
1026 1813 1149 1853 scias
1178 1813 1527 1853 delitescentem
1555 1813 1784 1853 hactenus

141 1885 427 1927 Societatem
476 1886 774 1936 illucescere,
825 1896 1141 1936 magnamque
1182 1884 1238 1924 de
1288 1885 1366 1924 illa
1410 1884 1785 1936 expectationem

142 1958 351 1999 omnium
386 1958 566 1998 animos
601 1957 866 2008 concipere.
903 1956 1043 1996 Faxit
1078 1956 1292 1996 Christus
1330 1955 1467 2008 Jesus
1493 1962 1543 1996 ut
1573 1956 1672 1996 vita
1706 1967 1784 1996 no-

143 2030 275 2080 mini,
308 2029 487 2069 fructus
515 2027 831 2080 expectationi
857 2027 1189 2079 respondeant.
1228 2027 1363 2067 Hanc
1390 2027 1575 2067 illorum
1606 2027 1783 2078 opinio-

143 2113 250 2141 nem
278 2101 448 2140 mirum
476 2100 522 2140 in
543 2099 732 2140 modum
754 2099 900 2150 auxit,
925 2099 1047 2151 quod
1069 2098 1158 2138 hac
1180 2099 1395 2150 proxima
1421 2097 1786 2149 quadragesima

145 2172 272 2212 venit
294 2171 354 2212 ad
374 2183 458 2212 nos
479 2171 527 2211 P.
552 2171 627 2211 ille
647 2171 933 2211 Franciscus
960 2170 1155 2220 Borgia,
1193 2170 1614 2210 eminentissimum
1639 2170 1786 2210 virtu-

145 2249 244 2283 tum
280 2243 485 2283 omnium
520 2243 776 2293 exemplar.
814 2241 885 2281 De
913 2240 1045 2292 cujus
1081 2241 1286 2281 adventu
1320 2242 1543 2280 nonnulla
1579 2241 1787 2281 scribere

145 2326 222 2354 res
244 2314 344 2365 ipsa
367 2314 600 2365 exposcit,
624 2320 724 2353 tum
745 2313 887 2353 etiam
909 2313 1033 2364 quod
1055 2324 1178 2352 nunc
1200 2313 1350 2363 primo
1374 2324 1551 2363 pauper
1572 2318 1617 2352 et
1644 2311 1786 2352 Fran-

145 2385 301 2426 ciscus
323 2384 624 2436 Complutum
644 2384 886 2435 ingressus
910 2391 979 2423 est
1004 2383 1028 2423 ¹.
1062 2383 1204 2423 Venit
1233 2394 1348 2433 ergo
1378 2383 1604 2433 postridie
1635 2383 1785 2423 calen-

148 2457 231 2496 das
254 2455 430 2505 Martii;
456 2456 537 2495 sed
559 2462 735 2506 quanto
772 2466 879 2495 cum
911 2454 1084 2505 gaudio
1117 2467 1143 2494 a
1164 2454 1212 2494 P.
1239 2453 1395 2493 Natali
1423 2460 1467 2493 et
1502 2454 1679 2504 Araoz,
1709 2455 1788 2506 qui

147 2539 203 2567 eo
238 2533 448 2578 tempore
482 2526 729 2566 nobiscum
757 2526 975 2575 aderant,
1009 2531 1234 2575 exceptus
1267 2525 1345 2574 sit,
1384 2531 1651 2577 quantaque
1684 2536 1790 2565 cum

148 2598 355 2638 omnium
390 2597 590 2637 fratrum
612 2597 788 2637 laetitia
824 2596 871 2636 in
905 2596 995 2636 hoc
1027 2596 1237 2647 Collegio
1273 2603 1615 2647 commoratus,
1654 2595 1791 2637 facile

151 2669 439 2721 perciperes,
465 2668 503 2708 si
524 2668 787 2720 exprimere
808 2679 995 2719 possem
1025 2679 1166 2719 quam
1197 2667 1252 2707 de
1280 2667 1356 2707 illo
1385 2679 1547 2708 omnes
1575 2674 1790 2720 expecta-

210 2804 221 2824 ¹
261 2804 481 2838 Suspicamur
495 2806 619 2831 bonum
634 2803 820 2837 Aegidium
831 2808 953 2835 mente,
967 2804 1045 2830 dum
1060 2803 1145 2830 haec
1161 2803 1344 2834 scribebat,
1361 2804 1511 2831 volvisse
1526 2804 1608 2831 illud
1621 2803 1779 2834 Breviari

153 2852 314 2880 Romani:
334 2852 549 2879 Frauctscus
562 2855 703 2886 pauper
717 2853 749 2878 et
764 2851 914 2878 humilis
929 2852 1062 2878 coelum
1086 2851 1186 2877 dives
1209 2851 1457 2883 immediata...
1474 2851 1515 2878 Ni
1540 2852 1627 2880 forte
1649 2854 1794 2887 putabat

156 2907 243 2927 nunc
258 2900 366 2934 primo
388 2900 528 2927 Patrem
543 2899 766 2926 Franciscum
784 2899 922 2933 Borgia,
943 2903 976 2926 et
992 2906 1176 2932 pauperem
1192 2902 1225 2925 et
1249 2906 1313 2925 non
1329 2899 1395 2926 alio
1418 2907 1518 2933 quam
1540 2900 1662 2927 Patris
1685 2901 1796 2928 Fran·

156 2948 242 2975 cz'scz'
256 2947 390 2974 nomine
412 2952 537 2978 notum,
556 2946 771 2980 Complutum
794 2946 936 2980 ingredi,
961 2946 1015 2980 qui
1031 2946 1110 2972 illuc
1133 2946 1213 2972 olim
1234 2946 1407 2979 ingressus
1428 2951 1490 2979 est,
1513 2947 1666 2975 Gandiae
1692 2949 1795 2977 Ducis·

155 2995 405 3029 primogenitus
419 2994 517 3027 filius,
534 2995 630 3021 dives
651 2999 682 3021 et
698 2994 886 3021 honoratus
906 2999 940 3020 et
960 3000 1104 3020 caterva
1124 2994 1272 3028 stipatus
1293 2993 1507 3022 famulorum.
1523 2995 1610 3022 Vide
1635 2995 1796 3024 COENFUE-

155 3048 230 3076 cos,
254 3042 343 3069 Vida
359 3042 401 3069 de
419 3042 489 3069 San
506 3041 697 3068 Franctsco
710 3041 751 3068 de
766 3041 955 3076 Borjastib.
970 3048 990 3074 1,
1007 3048 1082 3075 cap.
1097 3047 1158 3075 vn,
1174 3041 1190 3075 ξ
1204 3041 1230 3068 2.
