2080 3392
814 185 898 222 AN.
931 184 1022 223 1553
1672 187 1742 223 449

95 282 183 322 sibi
205 283 411 322 oblatam
431 283 697 334 credenteS,
722 284 898 335 absque
921 284 1055 335 copia
1078 283 1350 335 discessere,
1375 290 1513 335 atque
1535 283 1580 324 id
1603 284 1739 334 clam;

95 365 214 404 quos
236 353 422 404 quidem
444 354 715 394 existimare
732 355 840 395 licet
858 355 1025 394 robore
1043 355 1119 394 illo
1138 360 1277 406 atque
1297 355 1563 395 constantia
1579 355 1738 405 animi,

95 435 214 475 quae
231 436 323 464 non
341 425 491 464 solum
513 425 772 476 religionis,
796 425 843 465 in
861 437 952 476 qua
970 426 1296 476 versabantur,
1316 425 1555 477 perfectio,
1577 438 1741 466 verum

94 501 138 534 et
155 507 275 547 quae
292 503 681 547 nuncupaverant
698 502 809 536 vota
826 496 1099 547 exigebant,
1124 497 1362 547 praeditos
1380 503 1629 548 septosque
1646 509 1741 537 non

98 565 258 606 fuisse.
282 566 377 606 Alii
398 578 532 616 vero,
557 573 834 606 nostro-non
856 567 953 618 apti
973 566 1208 617 instituto,
1232 567 1341 606 dum
1362 567 1434 607 his
1455 568 1742 619 temporibus

96 638 300 677 maxime
322 638 723 689 perturbarentur,
744 650 802 678 ex
822 636 1058 678 Societate
1080 637 1215 677 eiecti
1237 644 1356 677 sunt.
1380 638 1447 678 Illi
1469 645 1741 679 manserunt

95 708 203 760 soli,
228 709 306 760 qui
327 719 376 748 se
397 708 481 748 toti
508 714 605 749 toto
635 709 740 759 (sic)
770 709 953 760 gratiae
984 707 1165 760 Deique
1196 709 1530 760 omnipotentis
1558 710 1742 761 spiritui

94 779 216 820 serio
238 779 546 820 tradiderunt.
570 780 620 820 In
641 780 714 820 his
736 786 832 820 tam
852 780 1135 820 turbulentis
1156 780 1448 830 temporibus
1470 792 1563 820 non
1592 782 1743 821 solum

94 851 352 891 eiectorum
372 852 448 890 vel
469 863 645 901 eorum,
665 851 744 903 qui
760 851 1089 901 discesserant,
1111 851 1302 901 cognati
1320 857 1362 890 et
1381 850 1556 901 affines,
1576 864 1741 892 verum

96 922 237 962 etiam
257 933 478 973 proceres
500 922 710 962 nonnulli
731 928 775 962 et
797 921 876 973 qui
897 927 1034 961 antea
1058 930 1192 961 erant
1214 921 1503 970 amicissimi,
1527 923 1573 961 in
1597 924 1739 963 maxi-

95 1004 171 1032 ma
191 993 543 1044 perturbatione
564 993 900 1043 versabantur,
924 992 1090 1044 quibus
1110 1003 1205 1032 non
1226 999 1407 1032 tantum
1429 992 1635 1033 dandum
1655 994 1740 1034 fuit

94 1065 230 1115 vitio,
257 1076 363 1105 cum
385 1077 481 1105 non
502 1066 689 1117 plenam
711 1064 961 1105 Societatis
989 1064 1308 1115 cognitionem
1338 1064 1578 1105 haberent.
1610 1065 1741 1116 Quae

94 1147 253 1176 rerum
286 1137 576 1187 perturbatio
611 1147 815 1188 eousque
844 1147 1099 1187 progressa
1132 1141 1222 1186 est,
1256 1142 1304 1175 ut
1337 1136 1432 1176 iam
1459 1136 1518 1176 ad
1545 1137 1739 1188 libitum,

96 1213 235 1258 prout
256 1206 410 1247 affecti
432 1215 589 1257 erant,
616 1213 660 1247 et
681 1208 982 1259 loquerentur
1004 1213 1048 1246 et
1076 1207 1337 1246 scriberent
1366 1219 1547 1258 omnes,
1578 1208 1656 1247 alii
1687 1209 1742 1248 de

95 1277 329 1318 Societate
350 1279 623 1318 Lusitaniae
644 1284 802 1318 actum
823 1289 925 1318 esse
940 1262 1177 1329 dicentes,
1201 1279 1387 1330 aliaque
1409 1279 1599 1330 similia,
1625 1279 1741 1320 dura

97 1356 141 1389 et
158 1350 328 1389 acerba
346 1349 545 1400 quidem.
566 1349 749 1390 Interea
769 1361 854 1390 nos
873 1349 1076 1390 orationi
1093 1350 1397 1401 vacabamus,
1416 1362 1474 1390 ne
1491 1351 1585 1390 lato
1603 1350 1743 1402 (quod

100 1420 269 1471 aiunt),
294 1431 450 1469 ungue
473 1421 530 1460 ab
552 1421 623 1471 iis,
647 1433 767 1472 quae
789 1420 842 1460 R.
867 1420 919 1460 T.
943 1420 991 1461 P.
1017 1421 1405 1472 praescripserat,
1431 1421 1740 1470 discedentes,

97 1492 143 1532 id
178 1492 381 1532 maxime
411 1492 752 1542 cogitabamus,
783 1503 988 1544 eousque
1016 1491 1266 1532 Societatis
1299 1493 1345 1532 in
1377 1492 1621 1532 Lusitania
1661 1493 1741 1532 ini-

98 1564 214 1603 tium
231 1564 467 1615 quoddam
484 1563 642 1614 fuisse,
660 1574 782 1603 nunc
799 1569 955 1603 autern
970 1569 1185 1614 oportere
1202 1570 1251 1603 ut
1266 1563 1567 1603 validissimis
1580 1564 1740 1615 figere-

100 1642 174 1675 tur
209 1635 460 1675 radicibus.
496 1635 631 1685 Quod
662 1635 770 1675 dum
802 1634 902 1674 fieri
931 1646 1251 1685 cerneremus,
1282 1635 1547 1675 vehementi
1574 1625 1741 1676 solatio

103 1706 433 1755 afficiebamur,
468 1706 820 1746 considerantes
857 1707 1062 1746 maxime
1092 1706 1215 1746 hanc
1245 1706 1367 1746 inter
1395 1714 1608 1747 caeteras
1636 1719 1742 1758 pur-

101 1778 247 1829 gandi
280 1778 376 1818 vim
411 1777 632 1818 Societati
667 1790 694 1817 a
724 1777 824 1817 Deo
861 1777 1104 1827 traditam,
1144 1778 1268 1829 quod
1303 1778 1349 1817 in
1384 1778 1589 1818 secunda
1625 1778 1742 1819 Con—

103 1849 397 1889 stitutionum
418 1854 551 1901 parte
574 1854 734 1900 aperte
756 1849 974 1899 vidimus3
999 1855 1043 1889 et
1070 1848 1223 1889 Deum
1253 1849 1358 1900 Opt.
1382 1849 1506 1889 Max.
1531 1857 1580 1890 ut
1600 1850 1742 1890 totius

103 1920 351 1961 Societatis
389 1920 693 1961 fundamenta
733 1920 854 1960 inter
894 1920 1128 1960 maximos
1167 1921 1353 1961 labores
1394 1921 1741 1961 acerbissimas-

104 2004 192 2044 que
231 1992 584 2044 persecutiones
623 1992 829 2042 iecisset,
873 1992 1033 2032 itidem
1072 1992 1214 2032 etiam
1253 2003 1366 2043 erga
1402 1993 1524 2032 hanc
1564 1994 1742 2044 perexi-

102 2075 245 2114 guam
276 2062 525 2103 Societatis
559 2069 741 2115 partem
768 2074 817 2102 se
844 2074 1024 2114 gerere.
1058 2062 1329 2103 Accedebat
1358 2064 1415 2103 iis
1441 2070 1572 2103 tanta
1600 2065 1740 2115 regis,

102 2135 318 2186 reginae,
342 2135 567 2186 principis
589 2146 643 2174 ac
666 2134 898 2174 infantum
918 2135 964 2173 in
985 2140 1147 2174 nostro
1169 2135 1380 2175 instituto
1403 2136 1669 2176 constantia
1699 2142 1744 2176 et

102 2206 319 2255 firmitas,
353 2212 401 2245 ut
436 2217 542 2245 cum
576 2206 743 2257 quovis
777 2213 1049 2245 nostrorum
1078 2206 1385 2257 comparandi
1414 2206 1460 2245 in
1487 2218 1541 2245 ea
1569 2214 1740 2257 essent;

103 2277 228 2328 quod
248 2282 423 2328 quanto
444 2277 577 2317 nobis
598 2277 764 2316 solatio
786 2284 923 2327 esset,
946 2276 1083 2316 facile
1105 2283 1174 2317 est
1195 2289 1409 2326 cernere;
1433 2277 1522 2328 ipsi
1543 2289 1744 2330 namque

102 2360 188 2400 pro
209 2348 439 2399 singulari
468 2360 553 2388 sua
581 2348 828 2388 clementia
859 2355 903 2388 et
934 2348 1244 2398 humanitate,
1278 2355 1326 2388 ut
1358 2349 1553 2400 quisque
1583 2361 1745 2389 eorum

104 2425 309 2471 poterat,
335 2419 550 2458 omnibus
571 2419 617 2458 in
637 2419 776 2458 rebus
797 2426 841 2458 et
863 2418 1084 2459 ducatum
1104 2420 1377 2470 praestabat
1409 2426 1452 2458 et
1481 2420 1741 2460 consilium.

173 2490 437 2542 Quousque
459 2490 601 2541 igitur
618 2489 666 2530 Ρ.
687 2489 865 2541 Symon
881 2490 1116 2541 Valentia,
1141 2491 1449 2541 aegritudinis
1472 2503 1632 2541 causa,
1653 2492 1745 2532 huc

104 2562 255 2613 rediit,
275 2569 320 2602 et
341 2568 449 2602 tuae
467 2561 566 2600 P.tis
586 2561 715 2601 iussu
733 2561 932 2601 Romam
949 2561 1120 2601 missus
1140 2569 1223 2611 est,
1243 2562 1567 2613 perseveravit
1584 2569 1746 2603 nostra

105 2634 222 2674 haec
245 2633 447 2673 afflictio.
467 2632 634 2678 Postea
659 2632 812 2684 coepit
833 2632 1012 2672 fructus
1035 2638 1079 2673 et
1095 2632 1346 2673 Societatis
1367 2633 1668 2683 amplificatio
1690 2646 1748 2674 ex

104 2704 336 2756 superiori
358 2703 645 2744 adversitate
666 2715 954 2755 promanans
975 2715 1078 2744 sese
1101 2704 1327 2756 paulatim
1354 2704 1400 2743 in
1429 2704 1655 2745 maiorem
1686 2706 1747 2746 di-

105 2775 203 2815 vini
222 2776 424 2815 nominis
454 2775 655 2826 gloriam
684 2780 728 2814 et
758 2775 985 2815 honorem
1016 2775 1278 2815 ostendere.
1308 2775 1379 2815 Ac
1407 2776 1557 2826 primo
1587 2776 1749 2817 decem

105 2858 134 2886 a
156 2847 442 2887 discessione
462 2846 512 2886 P.
536 2845 755 2897 Symonis
777 2845 958 2896 diebus,
991 2845 1121 2886 affuit
1151 2846 1251 2886 Tae
1277 2845 1378 2885 Rae
1406 2846 1506 2886 P.tis
1537 2849 1748 2888 commis-

105 2918 280 2969 sarius,
304 2917 353 2958 P.
378 2917 694 2969 Hieronymus
715 2916 919 2967 Natalis,
943 2916 1193 2957 Societatis
1220 2917 1354 2957 nobis
1386 2917 1601 2959 deferens
1633 2919 1748 2960 Con-

106 2988 396 3040 stitutiones,
434 3000 634 3040 quarum
669 2988 810 3028 editio
845 2988 1083 3039 ipsiusque
1124 2988 1356 3029 adventus
1395 2995 1576 3030 tantam
1615 2991 1750 3032 nobis

307 3052 358 3090 T.
387 3064 430 3088 11.
797 3049 799 3052 ⁴
1471 3063 1515 3099 29
