2080 3392
869 201 952 239 Ax.
985 201 1077 239 1553
1719 197 1790 234 253

147 304 273 345 mino
297 300 535 342 Cardinali
559 299 568 319 ¹
590 299 763 340 Rector
785 299 1064 340 constitutus
1086 299 1132 338 in
1160 297 1358 349 collegio
1380 295 1584 348 quodam
1614 294 1792 346 Orpha—

147 385 340 423 norum,
364 371 487 424 quod
508 372 555 411 in
577 371 741 412 eadem
761 371 851 411 hac
873 371 1065 411 civitate
1087 370 1247 419 habet3
1280 369 1348 419 hi,
1372 368 1583 419 inquam,
1608 366 1699 406 duo
1733 366 1794 405 ad

150 451 361 486 nostram
382 443 659 483 societatem
680 441 932 492 anhelant,
962 447 1006 481 ct
1027 453 1087 481 ex
1107 447 1205 480 toto
1228 440 1384 480 animo
1416 438 1571 489 parati
1600 437 1660 477 ad
1691 437 1794 477 obe-

144 515 368 557 diendum
404 520 448 555 et
481 514 666 565 penitus
701 512 1012 553 abiiciendam
1051 511 1295 563 propriam
1328 511 1620 550 voluntatem
1655 514 1699 548 et
1735 507 1794 548 ad

151 587 375 639 puerilem
400 586 599 637 denique
628 585 976 636 simplicitatem
1006 582 1327 634 quaerendam
1360 581 1430 632 (ut
1464 580 1625 631 audio)
1657 579 1794 620 Vehe-

152 664 330 699 menter
352 656 522 697 affecti.
547 655 617 696 Sit
638 655 766 696 Deus
787 654 1076 695 benedictus.

229 730 280 770 In
301 728 512 780 aedificio
543 727 739 777 Collegii
766 727 915 767 nostri
941 737 1065 766 nunc
1095 724 1305 764 maxima
1334 723 1633 763 festinatione
1668 722 1793 762 labo-

151 808 296 852 ratur,
322 811 495 851 magna
517 798 813 839 multitudine
836 797 1176 849 operariorum.
1200 795 1321 835 Nam
1338 794 1549 834 decrevit
1566 793 1796 833 Dominus

150 872 416 914 Cardinalis
438 870 609 911 fratres
632 870 740 910 illuc
763 881 904 921 quam
926 868 1149 909 citissime
1168 865 1446 916 transferre,
1468 872 1513 905 et
1534 865 1671 905 huius
1692 876 1794 916 gra-

151 945 217 985 tia
238 944 349 984 illud
370 944 639 996 frequenter
662 944 726 994 (ut
747 942 901 992 audio)
931 940 1106 981 invisit.
1139 939 1370 979 Dominus
1397 937 1630 987 dignetur
1660 935 1708 975 id
1737 936 1798 976 ad

151 1016 356 1067 gloriam
378 1022 421 1055 et
442 1015 670 1055 honorem
691 1025 827 1054 suum
848 1012 1088 1064 perficere.

233 1087 366 1137 TuiS‚
390 1086 674 1127 Venerande
696 1085 848 1135 Pater,
874 1083 1052 1124 sanctis
1082 1081 1302 1134 precibus
1333 1085 1377 1120 et
1405 1078 1652 1119 sacrificiis
1684 1078 1797 1118 assi-

153 1159 243 1199 due
265 1157 584 1198 commendari
605 1157 880 1208 suppliciter
902 1155 1117 1207 petimus.

232 1230 304 1270 Ex
326 1229 535 1280 Collegio
558 1228 788 1269 Eborensi
811 1226 1030 1268 Calendis
1053 1225 1166 1265 Maii
1193 1224 1309 1264 1553.

233 1300 380 1341 Filius
402 1301 601 1350 inutilis,

1041 1443 1068 1488 †
1098 1440 1389 1480 MARCELLUS
1410 1436 1531 1477 VAz.
1565 1436 1592 1481 †

1308 1510 1336 1557 †

240 1729 594 1785 Superscrzptz'o
629 1729 678 1768 z‘n
714 1730 888 1780 quarta
916 1725 1131 1778 pagina:
1166 1724 1227 1764 Al
1261 1735 1373 1774 muy
1403 1721 1505 1763 R.d0
1530 1733 1587 1761 en
1618 1719 1805 1760 Christo

159 1804 304 1856 padre
325 1804 366 1844 el
387 1803 533 1854 padre
555 1800 760 1841 Maestro
783 1798 965 1851 Ignatio
988 1795 1258 1849 praeposito
1289 1794 1483 1846 general
1510 1792 1566 1832 de
1600 1792 1645 1831 la
1673 1790 1804 1831 Com-

159 1875 301 1928 pania
323 1875 380 1915 de
401 1874 527 1926 Jesu‚

239 1947 326 1987 Em
349 1945 514 1986 Roma.

240 2017 351 2058 Alia
374 2027 543 2057 manu:
569 2014 683 2055 1553.
710 2013 861 2065 Quad.
886 2012 1025 2053 Ebor.
1052 2010 1179 2051 Maii.

216 2179 226 2199 ¹
264 2179 443 2213 Henricus,
461 2177 694 2212 Portugalliae
709 2175 834 2209 Infans,
853 2173 1056 2206 Cardinalis,
1073 2177 1106 2199 et
1122 2171 1309 2199 Eborensis
1327 2167 1627 2203 Archiepiscopus.
