<?xml version="1.0" encoding="UTF-8"?>
<!DOCTYPE html PUBLIC "-//W3C//DTD XHTML 1.0 Transitional//EN"
    "http://www.w3.org/TR/xhtml1/DTD/xhtml1-transitional.dtd">
<html xmlns="http://www.w3.org/1999/xhtml" xml:lang="en" lang="en">
 <head>
  <title>
</title>
<meta http-equiv="Content-Type" content="text/html;charset=utf-8" />
  <meta name='ocr-system' content='tesseract 3.04.00' />
  <meta name='ocr-capabilities' content='ocr_page ocr_carea ocr_par ocr_line ocrx_word'/>
</head>
<body>
  <div class='ocr_page' id='page_1' title='image "./litteraequadrime14lain_0665.png"; bbox 0 0 2080 3392; ppageno 0'>
   <div class='ocr_carea' id='block_1_1' title="bbox 855 200 1770 242">
    <p class='ocr_par' dir='ltr' id='par_1_1' title="bbox 855 200 1770 242">
     <span class='ocr_line' id='line_1_1' title="bbox 855 200 1770 242; baseline -0.007 0"><span class='ocrx_word' id='word_1_1' title='bbox 855 206 938 242; x_wconf 68' lang='lat' dir='ltr'>AN.</span> <span class='ocrx_word' id='word_1_2' title='bbox 971 205 1062 242; x_wconf 67' lang='lat'>1554</span> <span class='ocrx_word' id='word_1_3' title='bbox 1702 200 1770 236; x_wconf 77' lang='lat'>661</span> 
     </span>
    </p>
   </div>
   <div class='ocr_carea' id='block_1_2' title="bbox 213 304 918 426">
    <p class='ocr_par' dir='ltr' id='par_1_2' title="bbox 213 304 918 426">
     <span class='ocr_line' id='line_1_2' title="bbox 213 304 913 356; baseline -0.004 -12"><span class='ocrx_word' id='word_1_4' title='bbox 213 306 276 345; x_wconf 89' lang='lat' dir='ltr'>Et</span> <span class='ocrx_word' id='word_1_5' title='bbox 297 305 394 344; x_wconf 78' lang='lat' dir='ltr'>alia</span> <span class='ocrx_word' id='word_1_6' title='bbox 412 317 426 344; x_wconf 93' lang='lat'>.·</span> <span class='ocrx_word' id='word_1_7' title='bbox 448 304 716 356; x_wconf 85' lang='lat' dir='ltr'>Quadrime.</span> <span class='ocrx_word' id='word_1_8' title='bbox 741 304 913 344; x_wconf 80' lang='lat' dir='ltr'>Ebora.</span> 
     </span>
     <span class='ocr_line' id='line_1_3' title="bbox 213 374 918 426; baseline -0.006 -10"><span class='ocrx_word' id='word_1_9' title='bbox 213 377 278 416; x_wconf 84' lang='lat' dir='ltr'>Et</span> <span class='ocrx_word' id='word_1_10' title='bbox 298 377 472 417; x_wconf 76' lang='lat' dir='ltr'>tertia:</span> <span class='ocrx_word' id='word_1_11' title='bbox 493 377 531 416; x_wconf 82' lang='grc'>4.</span> <span class='ocrx_word' id='word_1_12' title='bbox 557 377 644 416; x_wconf 85' lang='lat' dir='ltr'>cal.</span> <span class='ocrx_word' id='word_1_13' title='bbox 670 374 778 426; x_wconf 88' lang='lat' dir='ltr'>maij</span> <span class='ocrx_word' id='word_1_14' title='bbox 805 375 918 414; x_wconf 72' lang='lat'>1554.</span> 
     </span>
    </p>
   </div>
   <div class='ocr_carea' id='block_1_3' title="bbox 130 536 1772 717">
    <p class='ocr_par' dir='ltr' id='par_1_3' title="bbox 130 536 1772 717">
     <span class='ocr_line' id='line_1_4' title="bbox 186 536 1768 575; baseline -0.004 -6"><span class='ocrx_word' id='word_1_15' title='bbox 186 541 312 569; x_wconf 84' lang='lat' dir='ltr'>Nullibi</span> <span class='ocrx_word' id='word_1_16' title='bbox 327 541 360 568; x_wconf 88' lang='lat' dir='ltr'>in</span> <span class='ocrx_word' id='word_1_17' title='bbox 372 541 598 575; x_wconf 83' lang='lat' dir='ltr'>autographis</span> <span class='ocrx_word' id='word_1_18' title='bbox 612 540 739 568; x_wconf 85' lang='lat' dir='ltr'>litteris</span> <span class='ocrx_word' id='word_1_19' title='bbox 752 540 904 574; x_wconf 85' lang='lat' dir='ltr'>reperire</span> <span class='ocrx_word' id='word_1_20' title='bbox 916 544 967 566; x_wconf 82' lang='lat' dir='ltr'>est</span> <span class='ocrx_word' id='word_1_21' title='bbox 982 540 1044 567; x_wconf 88' lang='lat' dir='ltr'>hoc</span> <span class='ocrx_word' id='word_1_22' title='bbox 1059 539 1125 573; x_wconf 71' lang='lat'>4⁰,</span> <span class='ocrx_word' id='word_1_23' title='bbox 1143 539 1229 574; x_wconf 89' lang='lat' dir='ltr'>quod</span> <span class='ocrx_word' id='word_1_24' title='bbox 1244 539 1295 566; x_wconf 88' lang='lat' dir='ltr'>bis</span> <span class='ocrx_word' id='word_1_25' title='bbox 1309 538 1581 572; x_wconf 81' lang='lat' dir='ltr'>superscriptum</span> <span class='ocrx_word' id='word_1_26' title='bbox 1603 536 1768 564; x_wconf 85' lang='lat' dir='ltr'>videmus.</span> 
     </span>
     <span class='ocr_line' id='line_1_5' title="bbox 130 584 1771 622; baseline -0.004 -6"><span class='ocrx_word' id='word_1_27' title='bbox 130 589 211 616; x_wconf 84' lang='lat' dir='ltr'>Ideo</span> <span class='ocrx_word' id='word_1_28' title='bbox 226 594 342 616; x_wconf 89' lang='lat' dir='ltr'>autem</span> <span class='ocrx_word' id='word_1_29' title='bbox 356 588 628 622; x_wconf 79' lang='lat' dir='ltr'>superscriptum</span> <span class='ocrx_word' id='word_1_30' title='bbox 641 595 828 621; x_wconf 82' lang='lat' dir='ltr'><strong>censemus,</strong></span> <span class='ocrx_word' id='word_1_31' title='bbox 841 587 931 622; x_wconf 77' lang='lat' dir='ltr'>quia,</span> <span class='ocrx_word' id='word_1_32' title='bbox 948 591 984 614; x_wconf 90' lang='lat' dir='ltr'>ut</span> <span class='ocrx_word' id='word_1_33' title='bbox 1003 594 1106 621; x_wconf 87' lang='lat' dir='ltr'>supra</span> <span class='ocrx_word' id='word_1_34' title='bbox 1120 586 1320 619; x_wconf 85' lang='lat' dir='ltr'>monuimus,</span> <span class='ocrx_word' id='word_1_35' title='bbox 1337 585 1429 612; x_wconf 89' lang='lat' dir='ltr'>aliud</span> <span class='ocrx_word' id='word_1_36' title='bbox 1444 584 1529 612; x_wconf 88' lang='lat' dir='ltr'><strong>nihil</strong></span> <span class='ocrx_word' id='word_1_37' title='bbox 1544 585 1609 611; x_wconf 84' lang='lat' dir='ltr'>hae</span> <span class='ocrx_word' id='word_1_38' title='bbox 1633 584 1771 611; x_wconf 83' lang='lat' dir='ltr'>litterae</span> 
     </span>
     <span class='ocr_line' id='line_1_6' title="bbox 131 631 1772 670; baseline -0.004 -6"><span class='ocrx_word' id='word_1_39' title='bbox 131 642 228 670; x_wconf 79' lang='lat' dir='ltr'>sunt,</span> <span class='ocrx_word' id='word_1_40' title='bbox 247 643 349 670; x_wconf 86' lang='lat' dir='ltr'>quam</span> <span class='ocrx_word' id='word_1_41' title='bbox 363 636 469 663; x_wconf 85' lang='lat' dir='ltr'>latine</span> <span class='ocrx_word' id='word_1_42' title='bbox 484 636 640 663; x_wconf 83' lang='lat' dir='ltr'>redditae</span> <span class='ocrx_word' id='word_1_43' title='bbox 655 636 794 662; x_wconf 78' lang='lat' dir='ltr'>litterae</span> <span class='ocrx_word' id='word_1_44' title='bbox 816 642 937 669; x_wconf 78' lang='lat' dir='ltr'>supra,</span> <span class='ocrx_word' id='word_1_45' title='bbox 961 642 992 662; x_wconf 90' lang='lat' dir='ltr'>n.</span> <span class='ocrx_word' id='word_1_46' title='bbox 1014 641 1204 667; x_wconf 72' lang='lat' dir='ltr'>CCLxxmv,</span> <span class='ocrx_word' id='word_1_47' title='bbox 1220 641 1298 668; x_wconf 85' lang='lat' dir='ltr'>pag.</span> <span class='ocrx_word' id='word_1_48' title='bbox 1320 632 1390 665; x_wconf 78' lang='lat'>610,</span> <span class='ocrx_word' id='word_1_49' title='bbox 1416 631 1664 666; x_wconf 79' lang='lat' dir='ltr'>transcriptae;</span> <span class='ocrx_word' id='word_1_50' title='bbox 1687 638 1772 665; x_wconf 70' lang='lat' dir='ltr'>quac</span> 
     </span>
     <span class='ocr_line' id='line_1_7' title="bbox 132 682 829 717; baseline -0.003 -6"><span class='ocrx_word' id='word_1_51' title='bbox 132 684 268 717; x_wconf 85' lang='lat' dir='ltr'>quidem</span> <span class='ocrx_word' id='word_1_52' title='bbox 283 683 329 711; x_wconf 59' lang='lat' dir='ltr'><em>w</em></span> <span class='ocrx_word' id='word_1_53' title='bbox 345 682 514 710; x_wconf 86' lang='lat' dir='ltr'>Calendas</span> <span class='ocrx_word' id='word_1_54' title='bbox 529 682 608 710; x_wconf 85' lang='lat' dir='ltr'>Maii</span> <span class='ocrx_word' id='word_1_55' title='bbox 625 683 726 710; x_wconf 84' lang='lat' dir='ltr'>datae</span> <span class='ocrx_word' id='word_1_56' title='bbox 741 686 829 709; x_wconf 86' lang='lat' dir='ltr'>sunt.</span> 
     </span>
    </p>
   </div>
   <div class='ocr_carea' id='block_1_4' title="bbox 858 1028 1047 1082">
    <p class='ocr_par' dir='ltr' id='par_1_4' title="bbox 858 1028 1047 1082">
     <span class='ocr_line' id='line_1_8' title="bbox 858 1028 1047 1082; baseline 0 0"><span class='ocrx_word' id='word_1_57' title='bbox 858 1028 1047 1082; x_wconf 85' lang='lat' dir='ltr'>CCXC</span> 
     </span>
    </p>
   </div>
   <div class='ocr_carea' id='block_1_5' title="bbox 207 1252 1238 1496">
    <p class='ocr_par' dir='ltr' id='par_1_5' title="bbox 207 1252 1238 1496">
     <span class='ocr_line' id='line_1_9' title="bbox 207 1252 747 1300; baseline -0.002 -10"><span class='ocrx_word' id='word_1_58' title='bbox 207 1253 429 1290; x_wconf 86' lang='lat' dir='ltr'>Robertus</span> <span class='ocrx_word' id='word_1_59' title='bbox 446 1252 747 1300; x_wconf 88' lang='lat' dir='ltr'>Clayssonius‚</span> 
     </span>
     <span class='ocr_line' id='line_1_10' title="bbox 251 1316 1238 1362; baseline 0 -8"><span class='ocrx_word' id='word_1_60' title='bbox 251 1316 321 1354; x_wconf 83' lang='lat' dir='ltr'>Ex</span> <span class='ocrx_word' id='word_1_61' title='bbox 340 1317 662 1354; x_wconf 80' lang='lat' dir='ltr'><em>commissione</em></span> <span class='ocrx_word' id='word_1_62' title='bbox 682 1317 827 1355; x_wconf 86' lang='lat' dir='ltr'>Patris</span> <span class='ocrx_word' id='word_1_63' title='bbox 846 1317 1072 1354; x_wconf 87' lang='lat' dir='ltr'>Paschasii</span> <span class='ocrx_word' id='word_1_64' title='bbox 1091 1317 1238 1362; x_wconf 81' lang='lat' dir='ltr'>Bro‘et,</span> 
     </span>
     <span class='ocr_line' id='line_1_11' title="bbox 303 1382 892 1430; baseline 0 -10"><span class='ocrx_word' id='word_1_65' title='bbox 303 1384 424 1421; x_wconf 85' lang='lat' dir='ltr'>Patri</span> <span class='ocrx_word' id='word_1_66' title='bbox 444 1383 614 1430; x_wconf 84' lang='lat' dir='ltr'>Ignatio</span> <span class='ocrx_word' id='word_1_67' title='bbox 635 1382 689 1420; x_wconf 90' lang='lat' dir='ltr'>de</span> <span class='ocrx_word' id='word_1_68' title='bbox 707 1383 892 1430; x_wconf 82' lang='lat' dir='ltr'>Loyola.</span> 
     </span>
     <span class='ocr_line' id='line_1_12' title="bbox 347 1448 871 1496; baseline -0.004 -10"><span class='ocrx_word' id='word_1_69' title='bbox 347 1449 548 1492; x_wconf 84' lang='lat' dir='ltr'>Parisiis,</span> <span class='ocrx_word' id='word_1_70' title='bbox 569 1448 594 1486; x_wconf 85' lang='lat'><strong>3</strong></span> <span class='ocrx_word' id='word_1_71' title='bbox 611 1448 714 1496; x_wconf 86' lang='lat' dir='ltr'>Maji</span> <span class='ocrx_word' id='word_1_72' title='bbox 736 1448 827 1485; x_wconf 69' lang='lat'>1554</span> <span class='ocrx_word' id='word_1_73' title='bbox 847 1450 871 1484; x_wconf 85' lang='lat'>¹.</span> 
     </span>
    </p>
   </div>
   <div class='ocr_carea' id='block_1_6' title="bbox 133 1656 1781 2780">
    <p class='ocr_par' dir='ltr' id='par_1_6' title="bbox 133 1656 1775 1853">
     <span class='ocr_line' id='line_1_13' title="bbox 214 1656 1774 1709; baseline -0.003 -10"><span class='ocrx_word' id='word_1_74' title='bbox 214 1658 314 1699; x_wconf 86' lang='lat' dir='ltr'>Pax</span> <span class='ocrx_word' id='word_1_75' title='bbox 335 1659 504 1699; x_wconf 91' lang='lat' dir='ltr'>summi</span> <span class='ocrx_word' id='word_1_76' title='bbox 524 1659 687 1709; x_wconf 82' lang='lat' dir='ltr'>Regis,</span> <span class='ocrx_word' id='word_1_77' title='bbox 713 1659 961 1698; x_wconf 87' lang='lat' dir='ltr'>coelestem</span> <span class='ocrx_word' id='word_1_78' title='bbox 990 1658 1211 1697; x_wconf 83' lang='lat' dir='ltr'>thronum</span> <span class='ocrx_word' id='word_1_79' title='bbox 1232 1657 1594 1698; x_wconf 83' lang='lat' dir='ltr'>conscendentis</span> <span class='ocrx_word' id='word_1_80' title='bbox 1622 1656 1652 1706; x_wconf 66' lang='lat'>²,</span> <span class='ocrx_word' id='word_1_81' title='bbox 1687 1656 1774 1695; x_wconf 89' lang='lat' dir='ltr'>Do-</span> 
     </span>
     <span class='ocr_line' id='line_1_14' title="bbox 133 1727 1775 1783; baseline -0.002 -13"><span class='ocrx_word' id='word_1_82' title='bbox 133 1730 248 1770; x_wconf 90' lang='lat' dir='ltr'>mini</span> <span class='ocrx_word' id='word_1_83' title='bbox 268 1730 417 1770; x_wconf 83' lang='lat' dir='ltr'>nostri</span> <span class='ocrx_word' id='word_1_84' title='bbox 435 1730 546 1783; x_wconf 89' lang='lat' dir='ltr'>Jesu</span> <span class='ocrx_word' id='word_1_85' title='bbox 569 1730 761 1779; x_wconf 81' lang='lat' dir='ltr'>Christi,</span> <span class='ocrx_word' id='word_1_86' title='bbox 786 1729 991 1781; x_wconf 79' lang='lat' dir='ltr'>perfecta</span> <span class='ocrx_word' id='word_1_87' title='bbox 1015 1740 1101 1768; x_wconf 86' lang='lat' dir='ltr'>nos</span> <span class='ocrx_word' id='word_1_88' title='bbox 1123 1728 1262 1768; x_wconf 88' lang='lat' dir='ltr'>donet</span> <span class='ocrx_word' id='word_1_89' title='bbox 1285 1728 1497 1769; x_wconf 85' lang='lat' dir='ltr'>libertate</span> <span class='ocrx_word' id='word_1_90' title='bbox 1520 1739 1574 1767; x_wconf 91' lang='lat' dir='ltr'>ac</span> <span class='ocrx_word' id='word_1_91' title='bbox 1604 1727 1775 1766; x_wconf 85' lang='lat' dir='ltr'>foelici-</span> 
     </span>
     <span class='ocr_line' id='line_1_15' title="bbox 135 1801 686 1853; baseline -0.004 -12"><span class='ocrx_word' id='word_1_92' title='bbox 135 1808 232 1841; x_wconf 92' lang='lat' dir='ltr'>tate</span> <span class='ocrx_word' id='word_1_93' title='bbox 253 1808 494 1853; x_wconf 89' lang='lat' dir='ltr'>perpetua.</span> <span class='ocrx_word' id='word_1_94' title='bbox 518 1801 686 1841; x_wconf 88' lang='lat' dir='ltr'>Amen.</span> 
     </span>
    </p>

    <p class='ocr_par' dir='ltr' id='par_1_7' title="bbox 133 1870 1779 2280">
     <span class='ocr_line' id='line_1_16' title="bbox 215 1870 1776 1924; baseline -0.003 -11"><span class='ocrx_word' id='word_1_95' title='bbox 215 1872 346 1923; x_wconf 85' lang='lat' dir='ltr'>Quae</span> <span class='ocrx_word' id='word_1_96' title='bbox 367 1880 571 1924; x_wconf 85' lang='lat' dir='ltr'>quatuor</span> <span class='ocrx_word' id='word_1_97' title='bbox 592 1873 829 1912; x_wconf 90' lang='lat' dir='ltr'>mensibus</span> <span class='ocrx_word' id='word_1_98' title='bbox 851 1873 1031 1912; x_wconf 77' lang='lat' dir='ltr'>exactis</span> <span class='ocrx_word' id='word_1_99' title='bbox 1063 1871 1251 1912; x_wconf 87' lang='lat' dir='ltr'>divinae</span> <span class='ocrx_word' id='word_1_100' title='bbox 1281 1871 1506 1911; x_wconf 89' lang='lat' dir='ltr'>bonitatis</span> <span class='ocrx_word' id='word_1_101' title='bbox 1532 1870 1776 1922; x_wconf 84' lang='lat' dir='ltr'>providen-</span> 
     </span>
     <span class='ocr_line' id='line_1_17' title="bbox 133 1942 1775 1995; baseline -0.002 -11"><span class='ocrx_word' id='word_1_102' title='bbox 133 1944 198 1984; x_wconf 88' lang='lat' dir='ltr'>tia</span> <span class='ocrx_word' id='word_1_103' title='bbox 225 1955 312 1984; x_wconf 89' lang='lat' dir='ltr'>nos</span> <span class='ocrx_word' id='word_1_104' title='bbox 339 1950 437 1984; x_wconf 93' lang='lat' dir='ltr'>tum</span> <span class='ocrx_word' id='word_1_105' title='bbox 464 1945 524 1984; x_wconf 88' lang='lat' dir='ltr'>ad</span> <span class='ocrx_word' id='word_1_106' title='bbox 557 1944 792 1995; x_wconf 87' lang='lat' dir='ltr'>agendum</span> <span class='ocrx_word' id='word_1_107' title='bbox 821 1943 1056 1995; x_wconf 90' lang='lat' dir='ltr'>impulerit</span> <span class='ocrx_word' id='word_1_108' title='bbox 1083 1950 1181 1983; x_wconf 90' lang='lat' dir='ltr'>tum</span> <span class='ocrx_word' id='word_1_109' title='bbox 1210 1943 1307 1994; x_wconf 83' lang='lat' dir='ltr'>pati</span> <span class='ocrx_word' id='word_1_110' title='bbox 1335 1942 1620 1994; x_wconf 76' lang='lat' dir='ltr'>permiserit,</span> <span class='ocrx_word' id='word_1_111' title='bbox 1656 1952 1775 1980; x_wconf 89' lang='lat' dir='ltr'>sum-</span> 
     </span>
     <span class='ocr_line' id='line_1_18' title="bbox 136 2012 1778 2067; baseline -0.002 -12"><span class='ocrx_word' id='word_1_112' title='bbox 136 2015 284 2056; x_wconf 89' lang='lat' dir='ltr'>mario</span> <span class='ocrx_word' id='word_1_113' title='bbox 323 2015 600 2067; x_wconf 86' lang='lat' dir='ltr'>compendio</span> <span class='ocrx_word' id='word_1_114' title='bbox 640 2016 1026 2067; x_wconf 75' lang='lat' dir='ltr'>complectemur,</span> <span class='ocrx_word' id='word_1_115' title='bbox 1065 2014 1397 2054; x_wconf 84' lang='lat' dir='ltr'>Reverentiam</span> <span class='ocrx_word' id='word_1_116' title='bbox 1439 2013 1589 2053; x_wconf 89' lang='lat' dir='ltr'>Tuam</span> <span class='ocrx_word' id='word_1_117' title='bbox 1627 2012 1778 2064; x_wconf 89' lang='lat' dir='ltr'>primo</span> 
     </span>
     <span class='ocr_line' id='line_1_19' title="bbox 135 2085 1777 2138; baseline -0.003 -11"><span class='ocrx_word' id='word_1_118' title='bbox 135 2087 340 2138; x_wconf 88' lang='lat' dir='ltr'>precati,</span> <span class='ocrx_word' id='word_1_119' title='bbox 374 2087 514 2127; x_wconf 85' lang='lat' dir='ltr'>Pater</span> <span class='ocrx_word' id='word_1_120' title='bbox 545 2086 995 2136; x_wconf 77' lang='lat' dir='ltr'>observandissime,</span> <span class='ocrx_word' id='word_1_121' title='bbox 1031 2092 1098 2136; x_wconf 86' lang='lat' dir='ltr'>ut,</span> <span class='ocrx_word' id='word_1_122' title='bbox 1133 2085 1438 2125; x_wconf 85' lang='lat' dir='ltr'>adversitatis</span> <span class='ocrx_word' id='word_1_123' title='bbox 1472 2089 1669 2124; x_wconf 89' lang='lat' dir='ltr'>conatus</span> <span class='ocrx_word' id='word_1_124' title='bbox 1699 2095 1777 2122; x_wconf 90' lang='lat' dir='ltr'>no-</span> 
     </span>
     <span class='ocr_line' id='line_1_20' title="bbox 135 2154 1779 2210; baseline -0.002 -12"><span class='ocrx_word' id='word_1_125' title='bbox 135 2164 259 2198; x_wconf 87' lang='lat' dir='ltr'>stros</span> <span class='ocrx_word' id='word_1_126' title='bbox 290 2159 520 2198; x_wconf 88' lang='lat' dir='ltr'>acerrimo</span> <span class='ocrx_word' id='word_1_127' title='bbox 552 2159 726 2210; x_wconf 90' lang='lat' dir='ltr'>impetu</span> <span class='ocrx_word' id='word_1_128' title='bbox 758 2157 1048 2198; x_wconf 88' lang='lat' dir='ltr'>retundentis</span> <span class='ocrx_word' id='word_1_129' title='bbox 1079 2156 1504 2205; x_wconf 77' lang='lat' dir='ltr'>commiseratione,</span> <span class='ocrx_word' id='word_1_130' title='bbox 1537 2154 1655 2195; x_wconf 89' lang='lat' dir='ltr'>adeo</span> <span class='ocrx_word' id='word_1_131' title='bbox 1687 2155 1779 2194; x_wconf 78' lang='lat' dir='ltr'>exi-</span> 
     </span>
     <span class='ocr_line' id='line_1_21' title="bbox 134 2226 1682 2280; baseline -0.002 -12"><span class='ocrx_word' id='word_1_132' title='bbox 134 2240 278 2280; x_wconf 85' lang='lat' dir='ltr'>guam</span> <span class='ocrx_word' id='word_1_133' title='bbox 299 2241 500 2269; x_wconf 82' lang='lat' dir='ltr'>messem</span> <span class='ocrx_word' id='word_1_134' title='bbox 523 2231 770 2269; x_wconf 77' lang='lat' dir='ltr'>collectam</span> <span class='ocrx_word' id='word_1_135' title='bbox 791 2241 894 2269; x_wconf 90' lang='lat' dir='ltr'>esse</span> <span class='ocrx_word' id='word_1_136' title='bbox 915 2236 1111 2280; x_wconf 90' lang='lat' dir='ltr'>paterno</span> <span class='ocrx_word' id='word_1_137' title='bbox 1134 2228 1300 2268; x_wconf 87' lang='lat' dir='ltr'>affectu</span> <span class='ocrx_word' id='word_1_138' title='bbox 1323 2227 1432 2267; x_wconf 91' lang='lat' dir='ltr'>boni</span> <span class='ocrx_word' id='word_1_139' title='bbox 1455 2226 1682 2267; x_wconf 89' lang='lat' dir='ltr'>consulat.</span> 
     </span>
    </p>

    <p class='ocr_par' dir='ltr' id='par_1_8' title="bbox 135 2298 1781 2780">
     <span class='ocr_line' id='line_1_22' title="bbox 215 2298 1780 2352; baseline -0.003 -11"><span class='ocrx_word' id='word_1_140' title='bbox 215 2300 268 2340; x_wconf 87' lang='lat' dir='ltr'>R.</span> <span class='ocrx_word' id='word_1_141' title='bbox 308 2300 444 2341; x_wconf 83' lang='lat' dir='ltr'>Pater</span> <span class='ocrx_word' id='word_1_142' title='bbox 473 2307 632 2341; x_wconf 89' lang='lat' dir='ltr'>noster</span> <span class='ocrx_word' id='word_1_143' title='bbox 660 2300 962 2351; x_wconf 87' lang='lat' dir='ltr'>Praepositus</span> <span class='ocrx_word' id='word_1_144' title='bbox 989 2298 1002 2317; x_wconf 77' lang='lat'>⁵</span> <span class='ocrx_word' id='word_1_145' title='bbox 1033 2311 1192 2339; x_wconf 89' lang='lat' dir='ltr'>mense</span> <span class='ocrx_word' id='word_1_146' title='bbox 1224 2299 1467 2352; x_wconf 76' lang='lat' dir='ltr'>januario,</span> <span class='ocrx_word' id='word_1_147' title='bbox 1500 2310 1590 2349; x_wconf 90' lang='lat' dir='ltr'>quo</span> <span class='ocrx_word' id='word_1_148' title='bbox 1627 2298 1780 2337; x_wconf 87' lang='lat' dir='ltr'>adhuc</span> 
     </span>
     <span class='ocr_line' id='line_1_23' title="bbox 135 2369 1780 2424; baseline -0.002 -12"><span class='ocrx_word' id='word_1_149' title='bbox 135 2371 258 2424; x_wconf 89' lang='lat' dir='ltr'>apud</span> <span class='ocrx_word' id='word_1_150' title='bbox 293 2371 756 2412; x_wconf 87' lang='lat' dir='ltr'>Reverendissimum</span> <span class='ocrx_word' id='word_1_151' title='bbox 782 2371 1054 2411; x_wconf 75' lang='lat' dir='ltr'>Pontificem</span> <span class='ocrx_word' id='word_1_152' title='bbox 1085 2370 1504 2411; x_wconf 88' lang='lat' dir='ltr'>Claramontanum</span> <span class='ocrx_word' id='word_1_153' title='bbox 1532 2369 1702 2420; x_wconf 83' lang='lat' dir='ltr'>agebat</span> <span class='ocrx_word' id='word_1_154' title='bbox 1734 2369 1780 2408; x_wconf 87' lang='lat' dir='ltr'>in</span> 
     </span>
     <span class='ocr_line' id='line_1_24' title="bbox 135 2441 1779 2494; baseline -0.002 -11"><span class='ocrx_word' id='word_1_155' title='bbox 135 2443 377 2483; x_wconf 89' lang='lat' dir='ltr'>Auvernia</span> <span class='ocrx_word' id='word_1_156' title='bbox 412 2441 441 2492; x_wconf 73' lang='lat'>¹²,</span> <span class='ocrx_word' id='word_1_157' title='bbox 476 2441 684 2494; x_wconf 88' lang='lat' dir='ltr'>ejusdem</span> <span class='ocrx_word' id='word_1_158' title='bbox 722 2442 1122 2483; x_wconf 87' lang='lat' dir='ltr'>Reverendissimi</span> <span class='ocrx_word' id='word_1_159' title='bbox 1157 2441 1347 2481; x_wconf 87' lang='lat' dir='ltr'>Domini</span> <span class='ocrx_word' id='word_1_160' title='bbox 1387 2441 1582 2480; x_wconf 90' lang='lat' dir='ltr'>arbitrio</span> <span class='ocrx_word' id='word_1_161' title='bbox 1617 2446 1662 2480; x_wconf 91' lang='lat' dir='ltr'>et</span> <span class='ocrx_word' id='word_1_162' title='bbox 1700 2441 1779 2479; x_wconf 86' lang='lat' dir='ltr'>im-</span> 
     </span>
     <span class='ocr_line' id='line_1_25' title="bbox 135 2511 1780 2566; baseline -0.002 -12"><span class='ocrx_word' id='word_1_163' title='bbox 135 2516 271 2566; x_wconf 88' lang='lat' dir='ltr'>pulsu</span> <span class='ocrx_word' id='word_1_164' title='bbox 297 2526 572 2566; x_wconf 81' lang='lat' dir='ltr'>persuasus,</span> <span class='ocrx_word' id='word_1_165' title='bbox 610 2515 750 2554; x_wconf 87' lang='lat' dir='ltr'>trium</span> <span class='ocrx_word' id='word_1_166' title='bbox 785 2514 1187 2554; x_wconf 84' lang='lat' dir='ltr'>hebdomadarum</span> <span class='ocrx_word' id='word_1_167' title='bbox 1216 2513 1424 2562; x_wconf 79' lang='lat' dir='ltr'>laboreS,</span> <span class='ocrx_word' id='word_1_168' title='bbox 1463 2511 1780 2563; x_wconf 86' lang='lat' dir='ltr'>quadraginta</span> 
     </span>
     <span class='ocr_line' id='line_1_26' title="bbox 136 2582 1779 2638; baseline -0.002 -12"><span class='ocrx_word' id='word_1_169' title='bbox 136 2592 336 2638; x_wconf 92' lang='lat' dir='ltr'>quatuor</span> <span class='ocrx_word' id='word_1_170' title='bbox 368 2586 632 2637; x_wconf 89' lang='lat' dir='ltr'>quinqueve</span> <span class='ocrx_word' id='word_1_171' title='bbox 661 2585 989 2636; x_wconf 88' lang='lat' dir='ltr'>paroeciarum</span> <span class='ocrx_word' id='word_1_172' title='bbox 1017 2584 1441 2632; x_wconf 88' lang='lat' dir='ltr'>xenodochiorum,</span> <span class='ocrx_word' id='word_1_173' title='bbox 1474 2589 1518 2623; x_wconf 88' lang='lat' dir='ltr'>et</span> <span class='ocrx_word' id='word_1_174' title='bbox 1553 2582 1779 2633; x_wconf 85' lang='lat' dir='ltr'>Collegio-</span> 
     </span>
     <span class='ocr_line' id='line_1_27' title="bbox 136 2654 1781 2707; baseline -0.003 -9"><span class='ocrx_word' id='word_1_175' title='bbox 136 2669 239 2698; x_wconf 89' lang='lat' dir='ltr'>rum</span> <span class='ocrx_word' id='word_1_176' title='bbox 279 2656 627 2698; x_wconf 88' lang='lat' dir='ltr'>Canonicorum</span> <span class='ocrx_word' id='word_1_177' title='bbox 672 2656 931 2696; x_wconf 88' lang='lat' dir='ltr'>visitationi</span> <span class='ocrx_word' id='word_1_178' title='bbox 975 2655 1223 2707; x_wconf 87' lang='lat' dir='ltr'>impendit,</span> <span class='ocrx_word' id='word_1_179' title='bbox 1265 2666 1360 2695; x_wconf 90' lang='lat' dir='ltr'>non</span> <span class='ocrx_word' id='word_1_180' title='bbox 1405 2655 1581 2706; x_wconf 90' lang='lat' dir='ltr'>absque</span> <span class='ocrx_word' id='word_1_181' title='bbox 1625 2654 1781 2694; x_wconf 84' lang='lat' dir='ltr'>fructu</span> 
     </span>
     <span class='ocr_line' id='line_1_28' title="bbox 136 2724 1781 2780; baseline -0.002 -12"><span class='ocrx_word' id='word_1_182' title='bbox 136 2728 501 2780; x_wconf 90' lang='lat' dir='ltr'>haudquaquam</span> <span class='ocrx_word' id='word_1_183' title='bbox 535 2728 829 2779; x_wconf 89' lang='lat' dir='ltr'>poenitendo.</span> <span class='ocrx_word' id='word_1_184' title='bbox 866 2728 1049 2768; x_wconf 88' lang='lat' dir='ltr'>Interea</span> <span class='ocrx_word' id='word_1_185' title='bbox 1087 2726 1197 2766; x_wconf 88' lang='lat' dir='ltr'>dum</span> <span class='ocrx_word' id='word_1_186' title='bbox 1226 2726 1272 2765; x_wconf 90' lang='lat' dir='ltr'>in</span> <span class='ocrx_word' id='word_1_187' title='bbox 1299 2726 1587 2777; x_wconf 87' lang='lat' dir='ltr'>Episcopatu</span> <span class='ocrx_word' id='word_1_188' title='bbox 1623 2724 1781 2766; x_wconf 88' lang='lat' dir='ltr'>Clara-</span> 
     </span>
    </p>
   </div>
   <div class='ocr_carea' id='block_1_7' title="bbox 137 2841 1781 3069">
    <p class='ocr_par' dir='ltr' id='par_1_9' title="bbox 190 2841 1040 2877">
     <span class='ocr_line' id='line_1_29' title="bbox 190 2841 1040 2877; baseline -0.004 -7"><span class='ocrx_word' id='word_1_189' title='bbox 190 2843 200 2862; x_wconf 82' lang='lat'>¹</span> <span class='ocrx_word' id='word_1_190' title='bbox 242 2842 493 2877; x_wconf 85' lang='lat' dir='ltr'>Autographae</span> <span class='ocrx_word' id='word_1_191' title='bbox 509 2843 541 2869; x_wconf 88' lang='lat' dir='ltr'>in</span> <span class='ocrx_word' id='word_1_192' title='bbox 555 2842 635 2869; x_wconf 87' lang='lat' dir='ltr'>folio</span> <span class='ocrx_word' id='word_1_193' title='bbox 651 2841 776 2875; x_wconf 82' lang='lat' dir='ltr'>duplici</span> <span class='ocrx_word' id='word_1_194' title='bbox 793 2849 844 2868; x_wconf 89' lang='lat' dir='ltr'>nn.</span> <span class='ocrx_word' id='word_1_195' title='bbox 860 2841 913 2868; x_wconf 59' lang='lat'>248</span> <span class='ocrx_word' id='word_1_196' title='bbox 928 2846 960 2868; x_wconf 91' lang='lat' dir='ltr'>et</span> <span class='ocrx_word' id='word_1_197' title='bbox 976 2841 1040 2867; x_wconf 67' lang='lat'>249.</span> 
     </span>
    </p>

    <p class='ocr_par' dir='ltr' id='par_1_10' title="bbox 137 2887 1781 2974">
     <span class='ocr_line' id='line_1_30' title="bbox 190 2887 1781 2923; baseline -0.003 -5"><span class='ocrx_word' id='word_1_198' title='bbox 190 2891 204 2910; x_wconf 72' lang='lat'>2</span> <span class='ocrx_word' id='word_1_199' title='bbox 242 2890 340 2918; x_wconf 84' lang='lat' dir='ltr'>Hanc</span> <span class='ocrx_word' id='word_1_200' title='bbox 355 2890 429 2917; x_wconf 87' lang='lat' dir='ltr'>ideo</span> <span class='ocrx_word' id='word_1_201' title='bbox 445 2890 584 2917; x_wconf 88' lang='lat' dir='ltr'>adhibet</span> <span class='ocrx_word' id='word_1_202' title='bbox 605 2889 777 2916; x_wconf 88' lang='lat' dir='ltr'>salutandi</span> <span class='ocrx_word' id='word_1_203' title='bbox 799 2896 924 2916; x_wconf 87' lang='lat' dir='ltr'>novam</span> <span class='ocrx_word' id='word_1_204' title='bbox 947 2889 1128 2916; x_wconf 84' lang='lat' dir='ltr'>formulam</span> <span class='ocrx_word' id='word_1_205' title='bbox 1150 2887 1388 2923; x_wconf 70' lang='lat' dir='ltr'>Clayssonius,</span> <span class='ocrx_word' id='word_1_206' title='bbox 1412 2889 1491 2921; x_wconf 81' lang='lat' dir='ltr'>quia</span> <span class='ocrx_word' id='word_1_207' title='bbox 1514 2887 1651 2914; x_wconf 86' lang='lat' dir='ltr'>litteras</span> <span class='ocrx_word' id='word_1_208' title='bbox 1674 2888 1781 2914; x_wconf 80' lang='lat' dir='ltr'>dabat</span> 
     </span>
     <span class='ocr_line' id='line_1_31' title="bbox 137 2937 627 2974; baseline -0.006 -7"><span class='ocrx_word' id='word_1_209' title='bbox 137 2940 208 2974; x_wconf 81' lang='lat' dir='ltr'>ipso</span> <span class='ocrx_word' id='word_1_210' title='bbox 225 2938 446 2966; x_wconf 78' lang='lat' dir='ltr'>Ascensionis</span> <span class='ocrx_word' id='word_1_211' title='bbox 461 2938 547 2966; x_wconf 83' lang='lat' dir='ltr'>festo</span> <span class='ocrx_word' id='word_1_212' title='bbox 563 2937 627 2965; x_wconf 86' lang='lat' dir='ltr'>die.</span> 
     </span>
    </p>

    <p class='ocr_par' dir='ltr' id='par_1_11' title="bbox 190 2985 700 3013">
     <span class='ocr_line' id='line_1_32' title="bbox 190 2985 700 3013; baseline -0.002 0"><span class='ocrx_word' id='word_1_213' title='bbox 190 2987 204 3006; x_wconf 82' lang='lat'>⁵</span> <span class='ocrx_word' id='word_1_214' title='bbox 242 2986 346 3013; x_wconf 82' lang='lat' dir='ltr'>Pater</span> <span class='ocrx_word' id='word_1_215' title='bbox 360 2985 567 3013; x_wconf 86' lang='lat' dir='ltr'>Paschasius</span> <span class='ocrx_word' id='word_1_216' title='bbox 584 2985 700 3013; x_wconf 68' lang='lat' dir='ltr'>Broet.</span> 
     </span>
    </p>

    <p class='ocr_par' dir='ltr' id='par_1_12' title="bbox 190 3033 637 3069">
     <span class='ocr_line' id='line_1_33' title="bbox 190 3033 637 3069; baseline -0.004 -8"><span class='ocrx_word' id='word_1_217' title='bbox 190 3035 204 3054; x_wconf 76' lang='lat'>⁴</span> <span class='ocrx_word' id='word_1_218' title='bbox 243 3034 331 3061; x_wconf 86' lang='lat' dir='ltr'>Vide</span> <span class='ocrx_word' id='word_1_219' title='bbox 346 3041 467 3068; x_wconf 82' lang='lat' dir='ltr'>supra,</span> <span class='ocrx_word' id='word_1_220' title='bbox 483 3041 562 3069; x_wconf 86' lang='lat' dir='ltr'>pag.</span> <span class='ocrx_word' id='word_1_221' title='bbox 575 3033 637 3060; x_wconf 80' lang='lat'>517.</span> 
     </span>
    </p>
   </div>
  </div>
 </body>
</html>
