2080 3392
829 209 914 246 AN.
946 207 1038 245 1553
1688 201 1760 238 203

117 310 529 354 conversationem
549 314 774 348 nostram.
799 306 856 347 Et
878 306 917 346 si
938 305 1162 345 lectiones
1192 314 1285 343 non
1312 301 1427 342 satis
1455 300 1620 341 doctae
1648 298 1755 347 sint,

118 390 323 424 attamen
345 393 437 421 non
457 381 611 421 minus
632 379 785 419 filiolis
807 377 923 417 meis
943 376 1078 416 utiles
1100 375 1243 415 fuere.

198 454 421 494 Errantes
440 451 493 502 (si
515 451 709 491 ulterius
730 449 979 490 sciscitans
1000 458 1074 487 me
1095 444 1450 498 provocaveris)
1469 443 1756 484 reduximus:

119 535 402 578 quamquam
424 535 450 562 a
466 523 588 562 bona
610 528 763 561 mente
783 520 995 572 plerique
1017 517 1309 557 evanuerint.
1331 515 1422 556 Sed
1444 514 1573 555 Deus
1594 514 1760 554 reddat

119 597 207 637 illis
243 607 376 636 suam
410 600 628 635 mentem.
666 593 931 633 Piscatores
964 589 1292 630 constituimus
1312 599 1318 632 ;
1358 594 1404 627 at
1438 598 1558 626 unus
1593 587 1760 626 saltem

123 667 261 708 hamo
280 667 513 706 excellens
534 665 667 704 nobis
687 663 877 703 relictus
899 668 982 701 est.

199 738 486 788 Contingunt
515 745 853 786 nonnunquam
874 740 971 774 tam
991 735 1019 772 'a
1041 731 1272 780 consiliis,
1299 741 1439 782 quam
1462 741 1488 769 a
1510 728 1760 769 confessio-

121 810 271 859 nibus,
298 820 437 848 casus
459 807 598 848 dubii.
871 843 875 848 .

200 880 468 929 Caeterum,
502 879 612 930 quia
643 877 792 929 gratis
821 875 1110 927 accepimus,
1141 873 1375 913 interdum
1401 872 1571 923 gratis,
1600 876 1761 921 utpote

119 951 415 1004 pauperibus,
440 950 609 999 viduis,
635 948 874 1000 orphanis,
899 947 1095 997 aliisque
1117 945 1377 997 pauxillum
1398 943 1509 994 quid
1529 942 1650 992 vini,
1672 942 1763 981 olei

118 1031 165 1064 et
184 1024 319 1075 panis
337 1022 527 1072 elargiri
553 1021 688 1061 nobis
716 1020 860 1060 licuit.
891 1017 1250 1069 Ingratitudinis
1278 1015 1466 1067 quidem
1494 1014 1659 1054 merito
1689 1024 1760 1053 ac-

118 1105 406 1144 cusaremus,
431 1093 469 1133 si
489 1092 882 1133 beneficium'non
904 1089 1288 1141 rependeremus,
1315 1098 1421 1127 cum
1442 1086 1579 1126 nobis
1606 1085 1762 1125 hacte-
1790 1104 1793 1107 -

118 1178 204 1207 nus
226 1167 273 1206 in
294 1165 391 1205 dies
413 1165 572 1205 divina
589 1163 744 1215 gratia
762 1163 878 1214 (non
895 1161 1131 1208 Heliseus)
1152 1159 1336 1200 auxerit
1358 1160 1533 1207 oleum,
1553 1163 1760 1197 auctum-

120 1250 209 1290 que
230 1238 290 1277 sit
309 1239 431 1277 ultra
452 1236 669 1276 meritum
699 1234 907 1287 quotidie
934 1244 1081 1285 penus
1112 1232 1309 1283 triplex,
1339 1230 1579 1270 videlicet:
1610 1228 1760 1280 panis,

125 1309 219 1350 vini
240 1315 284 1349 et
305 1308 408 1348 olei.
432 1307 476 1348 A
497 1307 754 1347 Tiburtinis
775 1305 886 1358 quid
908 1312 1096 1357 praeter
1120 1304 1237 1344 haec
1258 1301 1591 1354 requirendum
1611 1299 1706 1339 est?

199 1380 397 1421 Scholae
419 1380 624 1431 parietes
646 1378 862 1430 superius
884 1377 1035 1426 erexi3
1059 1375 1141 1416 sed
1170 1376 1265 1415 iam
1291 1373 1662 1414 moderationem
1691 1382 1763 1410 ac-

122 1452 245 1504 cipe,
270 1459 314 1492 et
336 1451 642 1500 scholarium,
667 1462 693 1489 a
721 1449 966 1489 ferocitate
995 1446 1422 1495 mansuetudinem,
1454 1443 1766 1484 obedientiam

122 1530 165 1563 et
185 1523 282 1563 fere
305 1523 513 1562 omnium
533 1521 627 1561 iam
650 1521 836 1561 auditas
859 1519 1194 1569 confessiones,
1220 1517 1423 1566 attende,
1448 1526 1639 1567 quaeso.

200 1593 290 1634 Sed
312 1605 400 1645 age
422 1592 625 1643 tandem,
647 1592 773 1644 quod
789 1591 939 1631 maius
957 1596 1040 1641 est,
1064 1600 1349 1642 quamquam
1367 1587 1627 1628 obscurius.
1647 1586 1766 1626 Hae-

120 1666 290 1707 reticos
312 1665 612 1717 impugnatos
634 1674 801 1704 cernas
823 1663 985 1713 velim,
1009 1661 1352 1712 nonnullosque
1376 1672 1401 1700 a
1430 1661 1615 1699 leonum
1640 1663 1766 1697 catu-

127 1738 182 1777 lis
203 1743 404 1788 ereptos.

202 1807 293 1849 Sed
313 1808 402 1848 heu
429 1819 502 1848 me
529 1807 782 1857 infelicem,
813 1818 920 1846 cum
950 1806 1044 1846 iam
1073 1816 1147 1845 me
1173 1816 1233 1844 ex
1261 1804 1461 1843 aliorum
1493 1802 1767 1842 criminibus

134 1880 269 1919 laude
288 1879 554 1919 titillantem
575 1878 777 1919 videam.

202 1950 395 1991 Utinam
434 1956 479 1990 et
517 1949 629 1990 illud
667 1949 887 1999 mentiar,
929 1947 1276 1988 incantationes
1316 1945 1768 1997 superstitionesque

126 2022 376 2062 nonnullas
399 2021 684 2061 advertisse:
708 2020 791 2061 sed
812 2019 869 2060 D.
896 2019 950 2060 O.
984 2018 1045 2058 M.
1077 2019 1292 2070 gratulor
1314 2029 1387 2057 me
1420 2017 1475 2057 iis
1497 2016 1644 2057 oculis
1666 2027 1773 2067 pro-

138 2100 309 2134 stratas
329 2093 518 2133 vidisse.

205 2164 378 2205 Omitto
400 2172 647 2216 praeterea
664 2163 975 2204 contumelias
994 2169 1038 2203 et
1057 2161 1324 2214 opprobria,
1346 2172 1464 2213 quae
1482 2171 1566 2211 pro
1584 2159 1770 2199 nomine

127 2235 234 2288 Xpi.
257 2242 481 2288 tanquam
502 2235 613 2276 Saul
636 2236 755 2275 inter
778 2235 1034 2287 prophetas
1057 2234 1203 2274 habiti
1225 2233 1503 2284 recepimus.

207 2307 328 2358 Quid
349 2314 587 2358 postremo
611 2307 667 2347 de
690 2318 762 2347 me
791 2307 1020 2358 simulque
1048 2305 1195 2345 fratre
1224 2316 1328 2344 meo
1358 2303 1599 2344 Anthonio
1668 2313 1770 2341 nar-

125 2390 236 2430 rem,
256 2390 460 2418 unumne
479 2379 632 2418 dicam
648 2386 692 2418 et
711 2379 910 2418 alterum
928 2377 1158 2417 reticebo?
1176 2376 1367 2416 Dictum
1384 2372 1681 2425 intellige]nti
1698 2378 1770 2413 sat

126 2456 210 2500 est,
233 2462 400 2501 nempe
422 2450 548 2490 illud:
573 2449 750 2490 ferrum
770 2449 896 2490 ferro
919 2449 1104 2489 acuitur
1124 2449 1199 2488 vel
1223 2446 1508 2487 obtunditur.

1630 2300 1639 2320 1

137 2545 1764 2561 ............................................................

206 2592 263 2632 Et
283 2593 322 2632 si
342 2593 454 2644 quid
474 2594 741 2643 neglectum
762 2593 837 2632 vel
859 2592 1085 2632 omissum
1103 2624 1110 2642 ,
1134 2591 1324 2631 veniam
1346 2600 1528 2641 precor.

209 2662 408 2715 [Me]que
439 2664 529 2704 tuis
560 2663 958 2703 intercedentibus
994 2662 1284 2703 orationibus
1317 2659 1620 2700 devotissime
1651 2669 1772 2699 com-

128 2735 308 2775 mendo.
333 2735 501 2776 Valere
524 2741 751 2786 quotquot
774 2735 885 2774 estis
907 2745 1071 2774 omnes
1091 2734 1138 2773 in
1160 2745 1250 2773 uno
1272 2732 1394 2783 XpO.

207 2805 409 2857 Tybure,
437 2806 585 2858 pridie
610 2806 714 2846 idus
735 2805 908 2855 Martii,
938 2805 1052 2845 1553.

212 2876 374 2929 [Hae]c
396 2884 642 2929 praeterea
665 2877 909 2917 subiiciam
926 2877 1105 2929 paucis.
1126 2875 1303 2926 Nempe
1325 2887 1398 2915 me
1419 2874 1541 2915 hanc
1560 2873 1774 2914 eamdem

186 3039 194 3057 ¹
234 3038 289 3066 Fr.
307 3039 476 3067 Antonius
495 3046 515 3066 a
532 3038 677 3073 Robore,
691 3038 729 3065 de
747 3046 810 3072 quo
826 3038 1003 3065 Poris-cus
1020 3038 1053 3065 in
1069 3037 1246 3068 Chronico,
1262 3041 1284 3064 t,
1301 3044 1336 3069 11,
1354 3043 1432 3071 pag.
1449 3036 1491 3068 13,
1508 3043 1538 3063 n.
1553 3035 1599 3063 33.
