2080 3392
352 210 419 245 llf)
859 208 1085 244 LITTERAE
1113 218 1471 249 QUADRIMESTRES

349 306 555 346 tionibus
577 311 620 345 et
650 305 945 352 exorcismis,
979 304 1045 343 sic
1072 304 1198 343 vires
1226 303 1488 354 daemonis,
1518 304 1645 344 illam
1672 305 1979 356 corporaliter

351 377 621 427 affligentis,
645 375 887 427 repressit,
912 382 960 414 ut
981 375 1074 414 iam
1095 374 1232 414 domo
1254 374 1395 414 libere
1417 380 1577 424 exeat,
1602 380 1646 415 et
1668 375 1872 427 quotidie
1894 376 1983 415 Dei

350 448 572 498 templum
599 447 773 495 visitet,
808 451 946 496 atque
966 445 1033 485 uti
1060 457 1176 485 sana
1206 445 1331 485 domi
1357 457 1469 485 suae
1489 445 1688 496 laboret,
1713 452 1758 486 et
1785 446 1982 497 singulis

350 518 586 558 mensibus
622 516 946 556 Eucharistiae
981 516 1311 566 communicet,
1350 527 1662 568 magnamque
1689 517 1830 557 totius
1855 517 1982 557 vitae

351 589 655 628 mutationem
678 598 789 638 prae
811 598 860 626 se
880 586 999 627 ferat
1019 585 1044 627 ¹.
1070 586 1198 637 Quae
1220 599 1295 626 res
1316 587 1431 626 nihil
1452 587 1619 627 mirum
1640 587 1680 627 si
1700 599 1901 639 magnae
1923 589 1983 628 sit

350 660 504 699 multis
535 657 869 708 aedificationi,
905 658 1027 697 unde
1053 657 1067 676 ‘³
1102 658 1259 709 plures
1290 659 1430 697 etiam
1465 667 1708 698 matronae
1743 670 1866 698 nunc
1901 670 1982 698 ve-

350 731 479 770 niant
501 729 817 769 confessurae.

429 800 530 840 Hoc
552 811 664 840 vero
686 811 935 851 possumus
957 799 1209 851 affirmare,
1233 799 1480 840 Societatis
1501 806 1690 841 nostrae
1722 801 1984 841 institutum

350 872 501 922 magis
523 871 767 922 magisque
787 871 979 911 nuncin
1001 870 1099 911 dies
1120 872 1431 911 inclarescere
1460 876 1525 922 et,
1559 878 1608 911 ut
1638 883 1876 923 nunquam
1906 884 1983 912 an-

349 948 439 993 tea,
458 943 629 982 bonum
650 941 705 981 de
726 941 899 981 nostris
921 941 1113 982 odorem
1129 942 1176 981 in
1197 941 1383 982 Christo
1404 942 1714 993 undequaque
1737 943 1913 994 spargi,
1935 949 1982 982 ut

350 1024 472 1053 nunc
508 1013 710 1052 sentiant
744 1012 934 1052 tandem
968 1024 1061 1052 non
1095 1024 1197 1052 esse
1232 1025 1337 1063 nos,
1375 1013 1439 1052 uti
1476 1013 1810 1053 existimabant
1839 1013 1982 1064 prius,

349 1083 510 1125 Gallos
546 1084 808 1133 dumtaxat,
842 1084 917 1122 vel
944 1083 1086 1123 Italos
1117 1083 1461 1135 Hispanosque.
1492 1083 1650 1134 Auget
1677 1083 1800 1124 hunc
1828 1085 1985 1136 populi

349 1154 560 1194 favorem
582 1154 737 1204 nobis,
761 1154 883 1204 quod
912 1165 1105 1194 munera
1134 1160 1403 1194 constanter
1430 1167 1456 1194 a
1484 1155 1619 1195 nobis
1646 1155 1838 1195 videant
1866 1155 1984 1195 refu-

350 1226 459 1276 tari,
485 1237 602 1276 quae
624 1237 736 1265 sane
758 1236 844 1264 nec
865 1237 974 1265 raro
995 1237 1082 1265 nec
1103 1226 1274 1277 exigua
1304 1225 1379 1265 hic
1408 1225 1625 1266 Patribus
1655 1226 1981 1266 obtruduntur.

350 1296 508 1347 Nuper
543 1308 683 1336 curru
718 1295 906 1347 quidam
940 1296 999 1336 ad
1032 1308 1118 1336 nos
1152 1296 1366 1336 vehenda
1406 1302 1629 1336 curarunt
1668 1298 1906 1337 esculenta
1941 1303 1985 1337 et

350 1368 612 1418 poculenta;
633 1367 711 1406 alii
731 1367 933 1417 gallinas
954 1368 1111 1407 iubent
1134 1368 1383 1407 introduci.
1402 1367 1617 1418 Quidam,
1637 1368 1782 1408 vitulo
1804 1369 1851 1408 in
1872 1369 1986 1419 ipsis

350 1439 559 1490 proiecto
582 1438 779 1486 foribus,
806 1440 931 1478 velut
952 1439 1330 1489 indignabundus
1351 1439 1574 1490 abcessit,
1605 1439 1686 1479 sed
1716 1451 1825 1479 mox
1854 1451 1985 1480 cura-

351 1516 449 1549 tum
470 1516 538 1549 est
560 1517 608 1549 ut
631 1510 891 1550 conductus
911 1510 1094 1550 baiulus
1116 1510 1313 1550 vitulum
1335 1511 1397 1559 ei,
1431 1511 1509 1561 qui
1536 1511 1746 1560 miserat,
1780 1517 1985 1562 reporta—

350 1586 435 1620 ret.
460 1581 553 1620 Alii
575 1593 742 1620 carnes
764 1581 901 1628 alias,
925 1587 968 1620 et
990 1581 1189 1630 fructus,
1223 1581 1541 1621 confectiones
1572 1587 1615 1621 et
1646 1582 1692 1621 id
1718 1592 1867 1632 genus
1896 1582 1986 1621 alia

351 1651 473 1691 dona
496 1652 747 1691 liberaliter
769 1652 982 1702 offerunt,
1001 1663 1267 1703 magnaque
1284 1653 1595 1702 contentione,
1616 1658 1665 1692 ut
1681 1653 1984 1703 recipiantur,

354 1723 549 1771 instant;
574 1723 655 1762 sed
677 1723 734 1762 ab
762 1723 888 1762 omni
911 1735 1103 1763 munere
1134 1723 1251 1773 (laus
1280 1722 1481 1774 Christo)
1510 1735 1677 1763 manus
1707 1724 1984 1774 excutimus,

352 1805 499 1844 neque
521 1794 783 1833 libertatem
806 1800 1017 1833 nostram
1039 1794 1110 1833 his
1132 1794 1363 1834 illecebris
1383 1795 1458 1834 vel
1491 1795 1775 1845 expugnari,
1806 1795 1881 1834 vel
1907 1794 1986 1834 im-

351 1865 494 1904 minui
515 1866 847 1916 permittimus,
873 1866 978 1905 licet
1000 1866 1047 1905 in
1078 1865 1325 1905 refutando
1355 1866 1413 1906 sit
1444 1877 1584 1917 saepe
1615 1867 1688 1905 vel
1713 1866 1773 1905 ad
1801 1871 1984 1905 conten-

353 1936 525 1975 tionem
553 1947 697 1987 usque
732 1936 1020 1976 certandum.
1053 1936 1281 1976 Mirantur
1309 1937 1451 1987 igitur
1479 1936 1603 1988 quod
1629 1936 1779 1987 gratis
1817 1935 1983 1986 officia,

352 2018 471 2056 quae
493 2007 735 2057 requirunt
758 2019 784 2046 a
806 2007 953 2057 nobis,
979 2007 1292 2047 sacerdotalia
1314 2013 1622 2058 praestemus.

434 2077 529 2117 Nec
551 2077 678 2117 deest
699 2077 799 2116 ΚΦ)
821 2077 947 2117 Patri
969 2077 1210 2117 Victoriae
1232 2089 1315 2117 sua
1337 2078 1523 2127 messis,
1552 2079 1831 2128 praesertim
1862 2077 1985 2129 apud

354 2148 588 2199 Hispanos
611 2154 653 2187 et
674 2148 828 2196 Italos,
850 2149 1125 2199 quibuscum
1147 2154 1391 2188 exercetur
1413 2148 1573 2188 sedulo
1595 2159 1860 2200 magnoque
1881 2159 1987 2188 cum

355 2219 507 2259 fructu
535 2218 754 2270 quotidie.
786 2218 943 2269 Pergit
978 2219 1129 2259 adhuc
1165 2219 1327 2258 diebus
1353 2218 1482 2259 festis
1511 2219 1665 2259 italice
1700 2219 1984 2269 concionari,

355 2297 399 2330 et
420 2290 613 2330 audiunt
631 2290 757 2329 illum
786 2301 1137 2341 nonnumquam
1173 2289 1306 2329 RmUS
1333 2289 1532 2330 Nuntius
1559 2290 1860 2341 Apostolicus
1883 2289 1911 2341 ⁵,
1944 2295 1988 2330 et

354 2362 538 2411 legatus
559 2367 752 2400 venetus
774 2359 808 2410 4,
838 2368 1024 2411 praeter
1046 2360 1221 2400 nobiles
1249 2360 1380 2400 alios.
1404 2360 1454 2400 In
1476 2360 1718 2401 audiendis
1739 2361 1987 2401 confessio-

357 2432 491 2470 nibus
514 2443 652 2482 saepe
674 2443 729 2471 ac
750 2432 945 2471 multum
967 2437 1236 2482 occupatum
1261 2438 1359 2471 tum
1379 2431 1517 2471 valde
1537 2438 1702 2482 gratus
1724 2438 1793 2472 est
1814 2432 1860 2472 in
1882 2433 1988 2472 aula

355 2502 519 2552 Regia,
544 2503 820 2553 praesertim
843 2502 966 2553 apud
987 2510 1228 2542 matronas
1249 2503 1440 2553 nobiles,
1467 2515 1585 2554 quae
1608 2504 1671 2543 illi
1693 2504 1986 2553 confitentur,

357 2583 415 2611 ex
446 2571 654 2623 Reginae
688 2573 879 2612 familia.
917 2572 1097 2612 Deinde
1131 2573 1301 2612 bonam
1329 2579 1599 2614 nostrorum
1628 2580 1835 2625 partem,
1866 2574 1989 2614 domi

358 2642 668 2692 confitentem,
694 2644 810 2683 solet
831 2643 991 2683 audire
1014 2643 1407 2684 hebdomadatim.

438 2712 574 2752 Circa
594 2713 735 2753 ferias
757 2713 943 2764 quidem
972 2714 1056 2753 has
1079 2713 1253 2754 Christi
1283 2716 1521 2756 natalitias
1551 2728 1689 2756 rarae
1721 2716 1855 2756 nobis
1882 2723 1988 2756 con·

411 2869 420 2888 ¹
461 2870 526 2897 Ubi
542 2871 708 2899 Polancus
722 2873 858 2906 scripsit
872 2877 960 2907 prae
976 2874 1133 2907 seferal,
1145 2875 1330 2908 scripserat
1347 2874 1512 2902 Martinus
1528 2877 1665 2903 cunctis
1681 2876 1844 2903 exhibere
1865 2877 1991 2911 possit.

411 2918 425 2936 2
466 2920 503 2944 ut
521 2926 569 2948 eo.
583 2919 759 2946 Martinus.

413 2966 427 2984 5
465 2966 691 3001 Hieronymus
707 2966 953 3000 Martinengus.

418 3013 427 3031 '⁴
465 3012 610 3039 Michael
627 3012 800 3040 Sui-ianus.
