2080 3392
330 207 402 245 238
843 204 1068 240 LITTERAE
1095 214 1450 247 QUADRIMESTRES

331 302 488 352 ditari,
513 308 557 341 et
579 300 761 352 publica
783 299 995 340 custodia
1020 300 1205 340 clausos
1233 300 1489 350 consolari,
1519 306 1563 340 et
1595 312 1852 352 pauperum
1877 301 1961 341 ho-

330 373 518 424 spitium
545 372 768 420 invisere,
799 376 842 411 et
872 370 918 410 id
944 382 1092 421 genus
1127 370 1218 410 alia
1245 382 1384 422 quam
1414 371 1612 422 plurima
1641 383 1746 411 cum
1777 370 1959 422 juberet

330 445 484 483 facere
505 443 734 492 singulos,
758 442 805 481 in
825 442 1020 492 singulis
1048 453 1138 481 non
1167 441 1449 482 mediocrem
1477 442 1695 482 cernebat
1728 442 1958 494 obtempe-

331 514 478 554 rando
501 512 825 553 obedientiam.

408 584 528 624 Hinc
555 584 698 623 multo
728 583 915 623 uberior
944 583 1123 623 fructus
1158 584 1454 635 sperabatur,
1486 584 1573 623 nisi
1602 584 1764 623 morbo
1795 595 1956 634 aegro—

330 662 430 695 tare
458 655 687 706 coepisset
720 654 792 705 P„
830 665 919 705 quo
953 655 1165 705 graviter
1192 654 1404 704 affectus,
1436 666 1462 693 a
1490 654 1730 694 fructuosa
1758 665 1954 705 occupa-

329 726 454 766 tione
475 732 668 765 coactus
689 731 758 765 est
779 736 980 775 cessare3
1000 725 1045 765 id
1064 725 1186 776 quod
1203 737 1362 765 omnes
1383 725 1504 765 illius
1525 725 1729 765 civitatis
1745 724 1959 764 homines

329 808 502 848 magna
523 795 712 836 tristitia
734 795 904 836 affecit.
934 795 1079 836 Porro
1108 796 1301 837 alterius
1329 795 1502 846 Patris,
1533 794 1669 846 hujus
1695 796 1833 845 socii,
1866 807 1960 835 non

329 867 482 907 minus
516 867 640 907 utilis
674 867 804 907 labor
841 867 1004 907 extitit.
1041 866 1160 907 Nam
1195 873 1238 906 et
1269 867 1489 918 oppidum
1519 866 1773 918 quoddam,
1815 866 1966 906 tribus

331 940 454 979 illinc
477 939 656 978 distans
676 939 842 986 leucis,
867 939 1061 989 singulis
1083 938 1244 978 diebus
1271 936 1453 978 sabbati
1479 938 1775 989 frequentare
1806 943 1849 977 et
1880 937 1958 977 ibi-

331 1010 435 1050 dem
457 1009 700 1049 dominicis
722 1009 883 1048 diebus
903 1020 1039 1048 mane
1061 1009 1330 1048 concionari
1352 1015 1396 1048 et
1416 1009 1601 1059 vesperi
1622 1009 1668 1048 in
1697 1008 1862 1048 eadem
1890 1020 1959 1047 ec-

331 1081 473 1120 clesia
492 1081 684 1120 solebat.
708 1080 840 1120 Unde
861 1091 956 1119 non
976 1091 1142 1131 parum
1168 1079 1423 1131 spiritualis
1449 1079 1685 1130 profectus
1712 1078 1799 1118 Dei
1827 1079 1959 1118 bene-

332 1151 433 1191 ficio
469 1151 590 1191 illius
622 1151 714 1190 loci
754 1151 1018 1190 hominibus
1053 1150 1266 1190 accessit.
1303 1150 1430 1190 Idem
1462 1150 1652 1200 insuper
1688 1150 1735 1189 in
1770 1149 1960 1189 civitate

331 1222 592 1273 praedicta,
630 1222 677 1261 in
703 1234 796 1261 una
826 1222 1151 1271 ecclesiarum,
1185 1221 1381 1271 singulis
1407 1220 1629 1272 cujusque
1659 1220 1961 1260 hebdomadis

332 1293 461 1332 utilia
482 1293 644 1333 salutis
664 1293 942 1332 documenta
964 1298 1007 1332 et
1028 1292 1251 1332 virtutum
1273 1292 1633 1340 admonitiones,
1658 1291 1729 1330 his
1750 1291 1827 1342 qui
1855 1302 1964 1330 con-

331 1364 596 1413 veniebant,
622 1364 901 1403 inculcabat.

373 1468 378 1472 .
409 1434 460 1474 ln
481 1434 554 1474 die
576 1435 684 1474 item
701 1434 989 1474 parasceves
1011 1434 1066 1474 de
1084 1434 1306 1474 Passione
1324 1433 1514 1474 Domini
1535 1434 1581 1473 in
1602 1445 1693 1473 una
1715 1432 1957 1484 parochia-

331 1506 444 1545 lium
465 1506 768 1545 ecclesiarum
789 1505 1094 1545 concionatus
1115 1512 1183 1545 est
1205 1517 1298 1545 non
1320 1505 1418 1544 sine
1438 1505 1695 1555 lachrymis
1716 1510 1760 1543 et
1786 1513 1959 1554 magna

332 1576 598 1616 auditorum
619 1577 802 1616 interna
830 1577 1154 1616 commotione.
1187 1576 1419 1628 Denique,
1450 1576 1571 1626 quod
1602 1575 1829 1626 reliquum
1859 1581 1958 1613 erat

332 1647 575 1698 temporis,
608 1647 851 1687 audiendis
881 1647 1272 1696 confessionibus,
1305 1646 1538 1686 nonnullis
1564 1647 1705 1686 etiam
1733 1645 1961 1696 generali-

332 1718 444 1764 bus,
481 1718 850 1758 fructuosissime
886 1718 1194 1769 impendebat.
1233 1717 1332 1768 Quo
1360 1717 1534 1757 factum
1564 1723 1632 1756 est
1658 1722 1707 1756 ut
1736 1714 1884 1766 major
1913 1715 1961 1754 in

333 1788 431 1828 dies
453 1800 607 1828 rerum
629 1789 941 1839 spiritualium
961 1789 1211 1829 sentiretur
1233 1794 1548 1840 augmentum.

412 1860 483 1899 Ex
503 1860 674 1911 populo
697 1860 785 1899 hoc
806 1860 1015 1899 nonnulli
1036 1860 1206 1911 optime
1228 1866 1361 1899 erant
1383 1859 1596 1898 instructi
1618 1864 1661 1897 et
1682 1858 1729 1897 in
1746 1857 1962 1908 spiritua-

334 1930 452 1970 libus
474 1943 500 1970 a
522 1931 692 1970 nostris
710 1929 806 1981 jam
828 1931 936 1970 olim
958 1931 1123 1970 edocti.

412 1999 590 2041 Nobilis
612 2002 800 2052 quidam
822 2002 906 2049 vir,
929 2002 1037 2041 olim
1059 2002 1263 2041 insolens
1284 2001 1469 2041 habitus
1490 2008 1534 2040 et
1559 2000 1851 2040 turbulentus
1866 1999 1962 2038 val-

333 2072 412 2121 de,
437 2073 650 2123 exemplo
685 2078 729 2111 et
760 2073 971 2112 doctrina
1007 2072 1197 2112 Pati-um
1224 2073 1361 2122 longe
1397 2072 1515 2111 alius
1545 2078 1613 2111 est
1639 2070 1805 2110 factus.
1836 2069 1965 2109 Idem

332 2148 468 2182 nocte
490 2143 691 2193 quadam
713 2155 740 2183 a
760 2142 808 2182 P.
831 2143 1007 2196 Jacobo
1035 2143 1239 2193 rediens,
1271 2154 1407 2194 quem
1440 2148 1763 2192 aegrotantem
1793 2141 1959 2181 invise-

333 2220 424 2262 rat,
450 2214 643 2253 vulnere
665 2214 711 2253 in
732 2214 882 2265 capite
903 2220 972 2253 est
1002 2225 1276 2265 percussus,
1308 2214 1354 2253 id
1381 2213 1505 2265 quod
1533 2213 1648 2253 adeo
1679 2213 1887 2252 lubenter
1917 2218 1963 2251 et

333 2285 471 2325 hilari
507 2285 659 2324 fronte
699 2285 905 2336 accepit,
947 2292 995 2324 ut
1035 2295 1265 2324 summum
1305 2284 1393 2324 Dei
1428 2283 1700 2323 beneficium
1734 2282 1958 2329 crederet,

333 2368 482 2407 neque
515 2368 720 2406 unquam
753 2356 1045 2407 percussoris
1079 2367 1248 2395 nomen
1279 2355 1425 2395 voluit
1460 2355 1658 2406 aperire.
1689 2354 1824 2394 Alius
1852 2353 1963 2392 item

334 2427 500 2467 nobilis
520 2427 567 2466 in
588 2433 724 2466 nocte
746 2425 1059 2476 Parasceves,
1082 2432 1351 2477 postquam,
1377 2426 1422 2465 in
1444 2425 1860 2476 supplicationibus
1881 2435 1963 2475 pu-
2012 2450 2015 2451 ν

332 2497 486 2548 blicis,
511 2498 647 2537 nudis
666 2497 861 2548 pedibus
883 2498 1228 2546 ambulaverat,
1249 2496 1437 2536 domum
1455 2496 1660 2543 rediens,
1692 2494 1749 2535 ad
1777 2495 1962 2545 flagella

335 2568 399 2616 (ut
421 2568 662 2618 creditur),
686 2568 854 2607 vulnus
876 2574 920 2607 et
940 2568 1038 2618 ipse
1058 2578 1205 2617 grave
1236 2567 1282 2607 in
1311 2578 1446 2607 crure
1476 2567 1739 2606 clanculum
1762 2565 1958 2615 accepit.

335 2638 436 2689 Quo
456 2645 672 2689 accepto,
695 2639 866 2689 prima,
890 2650 1009 2689 quae
1030 2638 1114 2677 sub
1136 2638 1182 2677 id
1203 2638 1424 2689 temporis
1445 2637 1591 2677 verba
1617 2636 1830 2687 protulit,
1860 2647 1961 2686 pre-

335 2720 413 2748 ces
449 2709 548 2748 Deo
584 2720 668 2759 pro
705 2720 983 2760 percussore
1015 2707 1159 2748 fuere:
1197 2707 1410 2759 Optarim
1446 2707 1688 2758 (inquiens)
1727 2706 1961 2746 hominem

336 2790 593 2829 agnoscere
615 2786 663 2819 ut
685 2779 726 2819 ei
746 2779 854 2818 boni
876 2778 1049 2830 aliquid
1068 2778 1287 2818 facerem.
1320 2778 1521 2818 Tantum
1548 2778 1709 2817 aberat
1735 2784 1784 2816 ut
1814 2775 1961 2816 vindi-

336 2856 459 2889 ctam
481 2856 736 2901 expeteret;
762 2861 847 2889 nec
868 2850 960 2889 ullo
982 2849 1119 2888 modo
1141 2848 1262 2888 ferre
1289 2855 1473 2900 poterat
1502 2848 1610 2888 mali
1638 2848 1886 2898 quicquam
1914 2846 1961 2885 in

336 2920 542 2960 vulneris
582 2926 821 2960 auctorem
860 2932 886 2959 a
921 2919 1329 2959 circumstantibus
1364 2919 1470 2958 dici.
1506 2919 1659 2970 Atque
1693 2918 1808 2957 haec
1848 2927 1962 2956 sane

337 2990 491 3030 omnia
512 2991 662 3030 laetus
684 2990 947 3039 admodum,
967 2989 1181 3040 quamvis
1203 2990 1386 3040 magnis
1408 2989 1644 3029 doloribus
1665 2987 1959 3028 conflictatus
