2080 3392
838 190 922 227 AN.
953 189 1046 227 1554
1167 229 1169 231 ¹
1697 184 1765 222 601

740 642 1156 698 CCLXXXIH

196 872 402 910 Andreas
423 872 706 920 Boninsegna

246 938 367 976 Patri
386 938 556 986 Ignatio
577 938 628 975 de
650 937 837 985 Loyola.

293 1004 482 1050 Mutina,
504 1003 549 1040 27
568 1003 736 1051 Aprilis
759 1003 850 1041 1554
870 1003 896 1038 ¹.

897 1263 997 1305 IHS

212 1499 378 1540 Gratia
400 1506 444 1540 et
466 1511 561 1551 pax
582 1499 733 1550 Chri„
760 1504 846 1538 etc,

209 1571 411 1623 Accipe,
450 1582 634 1622 semper
670 1571 717 1610 in
753 1569 895 1610 Chro.
932 1568 987 1609 R.
1025 1568 1097 1618 Ρ.,
1131 1567 1286 1619 capita
1323 1578 1484 1607 eorum
1515 1566 1776 1616 dumtaxat,

129 1655 249 1696 quae
270 1655 353 1695 per
373 1655 459 1683 nos
480 1643 630 1693 Deus,
654 1654 819 1682 servos
840 1648 947 1682 tuos
967 1640 1210 1689 minimos,
1235 1644 1436 1690 quatuor
1459 1638 1587 1677 hisce
1613 1637 1780 1677 mensi-

127 1715 214 1755 bus
252 1715 467 1766 proxime
511 1713 767 1754 transactis
807 1712 995 1764 operari
1035 1711 1260 1763 dignatus
1308 1716 1391 1750 est.
1435 1709 1644 1749 Tametsi
1689 1709 1779 1748 hoc

128 1786 335 1826 omnium
356 1786 559 1837 primum
579 1785 708 1825 Tuae
730 1783 1009 1824 Paternitati
1030 1788 1194 1822 notum
1215 1793 1318 1822 esse
1346 1781 1509 1831 velim,
1545 1792 1653 1820 cum
1682 1780 1779 1831 plu-

128 1869 204 1898 res
225 1869 393 1909 nempe
416 1863 557 1908 atque
579 1856 812 1896 innumeri
834 1856 894 1896 ad
915 1867 1000 1895 1105
1022 1854 1239 1894 venerint
1262 1853 1539 1893 confitentes
1559 1852 1777 1892 verbum-

128 1941 218 1981 que
239 1928 328 1969 Dei
349 1929 610 1977 auditoreS,
643 1940 737 1967 non
767 1934 925 1967 tamen
953 1932 1227 1978 superatum
1254 1924 1398 1964 fuisse
1427 1935 1592 1964 sexum
1622 1923 1777 1963 mulie·

129 2001 284 2051 brem,
309 2012 415 2040 cum
435 1999 759 2050 magnitudine
781 1998 1033 2048 scelerum,
1063 2004 1163 2037 turn
1188 1996 1479 2048 poenitentia
1508 1994 1782 2035 eorumdem

129 2071 377 2123 fructuque
413 2071 677 2111 animarum
712 2081 918 2110 suarum.
959 2069 1115 2120 Quare
1149 2068 1259 2108 hinc
1295 2067 1541 2107 exordium
1577 2066 1778 2117 capiam,

130 2143 252 2183 unde
287 2142 692 2194 perhorrescenda
722 2142 859 2182 simul
888 2147 1028 2193 atque
1062 2140 1386 2180 memorabilia
1412 2137 1626 2178 facinora
1657 2137 1780 2177 exie-

131 2220 261 2265 runt,
299 2214 529 2265 latiusque
563 2214 653 2253 Dei
680 2213 906 2253 beneficia
934 2218 1208 2264 patuerunt;
1243 2222 1332 2263 quo
1364 2216 1642 2250 cunctorum
1672 2219 1780 2260 pos·

131 2286 224 2325 sint
247 2285 391 2325 animi
413 2285 570 2325 dolere
590 2284 768 2336 pariter
790 2296 846 2324 ac
872 2284 1086 2324 exultare
1102 2283 1348 2323 bonorum.

211 2356 380 2397 Mulier
413 2356 668 2408 quaedam,
700 2356 870 2396 marito
906 2355 1086 2405 relictO,
1125 2354 1312 2394 cuidam
1347 2352 1546 2393 amatori
1577 2352 1781 2392 obsceno

133 2440 280 2480 usque
308 2428 424 2468 adeo
454 2427 653 2479 turpiter
684 2427 897 2467 adhaesit
923 2432 974 2467 ut
1000 2427 1077 2466 vel
1110 2425 1307 2477 triginta
1343 2430 1467 2464 totos
1502 2435 1653 2464 annos
1687 2434 1781 2463 non

132 2499 351 2552 puduerit
381 2499 428 2539 in
458 2499 688 2539 adulterio
723 2498 921 2538 versari.
961 2497 1073 2548 Sed,
1106 2509 1161 2537 eo
1190 2496 1380 2537 tandem
1408 2495 1507 2535 vita
1542 2494 1778 2545 defuncto,

134 2570 423 2623 poenitentia
459 2569 798 2622 propemodum
832 2568 1093 2609 incredibili
1132 2568 1349 2619 perculsa
1388 2566 1554 2606 Patres
1591 2571 1783 2606 nostros

134 2642 302 2693 adivit,
327 2653 432 2681 cum
454 2641 603 2692 iisque
625 2640 844 2680 confessa
864 2640 992 2680 Vitae
1022 2651 1135 2679 suae
1161 2649 1314 2690 genus
1347 2649 1454 2678 cum
1481 2637 1781 2677 sanctissimo

134 2713 458 2763 commutavit,
483 2712 607 2764 quod
629 2717 730 2752 erat
752 2711 1167 2761 nefandissimum3
1197 2721 1253 2750 ac
1285 2709 1451 2761 pietati
1471 2708 1782 2760 religionique

135 2785 421 2826 christianae
443 2784 511 2824 516
539 2795 589 2823 56
614 2783 925 2835 mancipavit,
956 2788 1006 2822 ut
1033 2780 1248 2822 confiteri
1274 2781 1462 2833 saepius
1494 2786 1538 2820 et
1565 2785 1782 2820 sanctum

190 2922 200 2942 ¹
241 2920 491 2955 Autographae
508 2921 541 2947 in
555 2920 635 2947 folio
651 2919 775 2954 duplici
792 2927 821 2946 n.
837 2918 1043 2946 124.—-Plura
1059 2918 1091 2945 in
1107 2917 1155 2944 eis
1168 2917 1348 2944 emendata
1361 2921 1440 2944 sunt
1455 2921 1489 2944 et
1508 2917 1620 2943 deleta
1636 2924 1656 2943 a
1667 2916 1704 2944 P.
1721 2916 1783 2943 Po—

135 2971 245 3001 laneo.
261 2969 382 2996 brevia
398 2969 576 3003 quaedam,
592 2968 782 2995 deletorum
797 2968 880 3001 loco,
897 2967 1137 2994 substituente.
1150 2965 1229 2997 Eas,
1241 2968 1341 2999 prout
1355 2973 1371 2991 e
1384 2964 1522 2992 Polanci
1536 2965 1691 2992 manibus
1703 2971 1782 2991 eva-

134 3021 264 3050 serum,
280 3017 380 3050 infra,
397 3024 489 3044 more
504 3019 631 3050 nostr0,
647 3015 876 3050 subjiciemus.
