2080 3392
269 224 346 261 662,
770 223 995 261 LITTERAE
1023 235 1216 267 QUADRIM
1223 235 1379 263 EsrREs

270 320 500 361 montensi
521 326 702 371 ageret,
736 321 918 361 duobus
948 321 1262 362 nobilissimus
1291 323 1407 363 viris
1436 325 1660 365 exercitia
1690 324 1897 366 Societa-

269 392 326 430 tis
346 390 580 442 praebuit,
606 403 805 442 quorum
832 393 949 431 alter
979 393 1327 443 beneficiarius,
1361 394 1498 434 unico
1528 395 1766 446 beneficio,
1798 397 1898 436 reli-

268 462 370 512 quis
403 461 677 512 resignatiS‚
711 468 956 502 contentus
982 474 1084 503 esse
1114 463 1275 504 didicit
1308 465 1391 504 sub
1420 464 1574 505 Patris
1607 466 1892 517 magisterio.

268 532 418 582 Quam
439 532 729 583 fragrantem
751 532 999 574 Societatis
1031 533 1222 574 odorem
1252 536 1493 587 utriusque
1523 535 1676 576 Patris
1705 538 1856 577 nostri
1888 537 1896 556 ¹

266 603 390 643 fama
418 603 464 642 in
497 602 699 644 dioecesi
735 603 1100 645 Claramontana
1136 606 1382 657 sparserit,
1417 607 1463 646 id
1495 607 1633 647 facile
1666 614 1897 648 testantur

266 674 428 714 literae
449 673 508 713 ad
528 686 614 714 nos
636 674 817 715 delatae
839 681 883 715 et
904 675 1301 717 Auverniensium
1317 678 1577 718 incolarum
1593 678 1879 730 flagrantissi

266 756 391 784 mum
412 745 693 786 desiderium
715 753 760 785 et
782 758 895 797 erga
917 746 1164 787 Societatis
1187 748 1419 788 coloniam
1440 748 1649 790 affectus.

344 815 543 856 Proinde
565 816 733 856 mirum
756 829 841 857 nos
864 825 959 857 tam
982 819 1203 858 acerbam
1222 818 1434 859 Lutetiae
1461 820 1558 871 pati
1586 821 1823 872 repulsam
1853 827 1898 860 et

264 887 561 937 pervicacem
587 887 825 928 hominum
862 897 1016 928 mente
1047 895 1374 940 corruptorum
1408 891 1718 942 proterviam,
1758 903 1899 943 quam

265 958 492 998 Dominus
510 958 647 1010 Jesus
677 959 884 1008 potentia
912 959 1097 999 virtutis
1129 971 1241 1000 suae
1268 962 1410 1001 semel
1436 962 1754 1012 supplantabit
1786 974 1896 1002 con-

265 1029 571 1080 culcabitque.
609 1028 719 1069 Post
746 1029 900 1069 Patris
928 1030 1128 1070 reditum
1156 1043 1214 1071 ex
1241 1031 1484 1072 Auvernia
1510 1044 1667 1072 mense
1696 1033 1896 1073 Februa-

265 1100 355 1150 rio,
392 1099 664 1140 Praefectus
700 1099 871 1140 Montis
911 1101 1083 1152 Argini
1117 1101 1145 1151 ⁰²,
1183 1103 1353 1153 viginti
1386 1103 1588 1155 quinque
1622 1104 1898 1144 milliaribus

265 1170 449 1221 gallicis
483 1171 667 1211 Lutetia
703 1171 874 1222 dissiti,
911 1178 1107 1212 conatus
1134 1179 1202 1213 est
1233 1172 1361 1213 Patri
1389 1174 1675 1225 persuadere
1705 1180 1754 1215 ut
1784 1175 1900 1215 duos

266 1240 356 1292 [ex]
394 1241 709 1282 confratribus
739 1241 1030 1293 juventutem
1061 1243 1310 1284 edocturos
1344 1255 1456 1285 suae
1487 1245 1589 1285 urbi
1623 1245 1893 1297 destinaret,

265 1312 428 1363 quibus
462 1311 747 1353 domicilium
775 1320 818 1353 et
844 1314 970 1353 vitae
1004 1315 1273 1354 necessaria
1307 1315 1538 1366 impendia
1575 1317 1896 1357 subministra-

265 1389 438 1423 rentur.
462 1382 524 1423 At
544 1383 701 1434 Pater,
724 1383 921 1424 fratrum
945 1384 1116 1435 exiguo
1137 1397 1331 1426 numero
1353 1385 1548 1437 objecto,
1573 1399 1622 1427 se
1644 1399 1697 1427 eo
1719 1394 1891 1439 tempo-

262 1453 326 1493 ris
348 1454 547 1494 articulo
578 1455 704 1494 votis
730 1455 876 1506 ipsius
904 1455 1179 1496 satisfacere
1209 1468 1346 1507 posse
1376 1458 1591 1508 negavit3
1621 1470 1714 1498 non
1738 1466 1895 1499 tamen

263 1536 448 1564 omnem
468 1525 509 1565 ei
529 1537 659 1576 spem
680 1525 822 1565 futuri
843 1537 1090 1566 successus
1112 1527 1297 1567 ademit.
1321 1527 1457 1568 Certe
1477 1529 1718 1579 rogandus
1750 1531 1895 1569 coele-

262 1596 345 1635 stis
370 1596 445 1635 ille
477 1596 701 1647 agricola,
724 1596 877 1636 Autor
908 1603 951 1636 ct
982 1596 1213 1637 Dominus
1246 1599 1426 1649 messis,
1458 1605 1508 1639 ut
1543 1600 1724 1639 emittat
1758 1611 1898 1652 quam

264 1666 480 1706 ocissime
507 1667 748 1718 operarios
779 1667 826 1706 in
851 1667 1037 1707 vineam
1067 1679 1213 1708 suam.
1249 1668 1460 1720 Plerique
1491 1671 1613 1710 enim
1641 1682 1727 1710 nos
1762 1671 1894 1711 desti-

261 1742 394 1777 tuunt
415 1736 663 1788 diligentes
684 1738 771 1778 hoc
794 1740 1035 1779 saeculum
1055 1738 1082 1778 ⁵.

340 1807 480 1848 Pater
501 1815 673 1858 noster,
699 1820 883 1860 semper
913 1809 1128 1849 coelestis
1161 1811 1423 1851 vocationis
1454 1823 1644 1861 memor,
1677 1815 1894 1865 spiritali-

261 1879 346 1918 bus
381 1879 769 1930 occupationibus
804 1880 965 1920 sedulo
1002 1881 1228 1931 intentus,
1266 1882 1312 1921 in
1348 1894 1538 1923 carcere
1578 1884 1895 1926 confessiones

262 1950 527 1990 vinctorum
556 1951 705 2001 audit,
737 1951 783 1990 in
812 1951 926 1991 aede
953 1963 1092 1991 sacra
1122 1950 1294 1992 Sancto
1323 1952 1522 1993 Cosmae
1551 1955 1713 1996 diebus
1747 1956 1897 2007 profe-

262 2021 368 2070 stis,
407 2022 557 2061 sacris
592 2034 706 2062 vero
735 2023 781 2062 in
810 2022 1012 2062 Abbatia
1042 2021 1204 2062 Sancti
1232 2023 1476 2075 Germani;
1513 2037 1597 2076 pro
1625 2038 1754 2066 more
1789 2039 1898 2067 con-

260 2098 483 2143 suetoque
505 2092 796 2133 infirmorum
817 2094 957 2133 aedes
977 2094 1256 2145 frequentat.
1379 2081 1389 2085 Α

340 2162 458 2212 Duo,
483 2163 611 2203 hisce
633 2164 860 2214 proximis
882 2164 1063 2204 duobus
1087 2165 1345 2216 mensibus,
1370 2165 1523 2206 Patris
1543 2167 1791 2218 praesidio,
1816 2167 1895 2209 So-

263 2233 443 2273 cietatis
466 2234 701 2274 exercitiis
723 2235 923 2275 instituti
949 2242 1071 2286 sunt,
1091 2247 1290 2286 quorum
1312 2237 1444 2287 alter,
1468 2238 1689 2289 prosapia
1713 2238 1893 2289 nobilis,

262 2305 524 2344 vocationis
560 2317 672 2345 suae
709 2306 1000 2355 instinctum,
1038 2317 1175 2357 quem
1209 2306 1310 2346 Deo
1339 2308 1522 2347 auctori
1557 2309 1789 2359 attribuit,
1822 2310 1896 2360 pie

313 2466 323 2484 ¹
362 2465 647 2499 Scilicet,Patris
668 2466 842 2493 Paschasii
867 2465 968 2493 Broe't
990 2466 1127 2500 ejusque
1150 2467 1181 2493 in
1204 2465 1470 2494 Claramontana
1492 2467 1636 2494 dioecesi
1659 2468 1757 2501 socii,
1782 2468 1896 2496 Patris

262 2513 459 2548 Hieronymi
474 2513 520 2540 Le
543 2513 620 2540 Bas.

312 2561 325 2578 '2
362 2560 493 2587 illontis
514 2560 642 2593 Argiui
661 2560 837 2594 perspicue
860 2560 1040 2587 admodum
1060 2564 1111 2587 est
1133 2560 1166 2587 in
1188 2562 1413 2596 autographo.
1438 2562 1506 2588 Vix
1529 2566 1643 2589 tamen
1667 2562 1803 2590 dubium
1823 2570 1895 2590 esse

260 2612 370 2641 potest
385 2615 574 2635 sermonem
590 2607 662 2635 fieri
677 2608 717 2635 de
733 2609 814 2635 urbe
829 2607 1044 2641 MontargiS,
1059 2615 1160 2642 quam
1175 2609 1223 2635 sic
1239 2608 1399 2636 describit
1422 2609 1594 2636 FERRARI:
1621 2609 1895 2643 “Alontargiunu

260 2655 457 2687 Montargis,
475 2656 559 2682 urbs
576 2655 714 2682 Galliae
728 2655 862 2689 lepida,
877 2656 913 2682 in
926 2656 1113 2690 provincia
1130 2655 1275 2683 Insulae
1290 2656 1479 2686 Francz'ae.
1493 2659 1525 2684 et
1541 2657 1578 2684 in
1602 2656 1764 2684 Vasttnz‘o
1779 2660 1896 2684 tractu

262 2704 306 2728 αα
320 2702 475 2736 Lupiam
485 2703 662 2737 fluvium,
677 2702 724 2730 25
739 2702 849 2729 leucis
866 2710 886 2728 a
903 2702 1059 2734 Lutetia,
1075 2703 1110 2728 z'n
1126 2705 1301 2729 austrum.
1319 2702 1482 2730 Castrum
1504 2704 1608 2730 hahet
1630 2705 1833 2738 antiquum.
1854 2704 1896 2731 18

260 2750 370 2777 leucis
386 2750 495 2776 distat
516 2750 558 2776 ab
583 2749 739 2776 Aureliis
759 2751 794 2776 in
818 2751 970 2782 ortnnz.„
991 2748 1144 2776 Lexicon
1168 2750 1545 2784 geograplzz'cum.—Ita
1568 2751 1702 2785 quidem
1723 2751 1895 2778 intellexit

262 2797 435 2824 Pomxcus
450 2798 482 2824 in
499 2797 682 2829 Chronico,
696 2802 719 2824 t.
736 2805 785 2831 ιν,
801 2798 872 2831 ubi,
890 2797 970 2824 licet
985 2797 1114 2824 scribat
1127 2797 1258 2824 Montis
1273 2798 1431 2831 Arginz'z‘,
1446 2798 1540 2825 addit
1557 2804 1687 2826 tamen:
1714 2799 1823 2833 “quae
1846 2800 1897 2826 vi-

262 2845 346 2876 ginti
363 2849 508 2878 quatuor
523 2845 654 2879 exiguis
670 2845 774 2872 leucis
789 2844 929 2872 Lutetia
950 2844 1055 2871 distat
1067 2865 1091 2877 „.

315 2891 328 2909 3
366 2891 426 2918 His
440 2892 571 2925 verbis,
588 2900 674 2926 quae
688 2892 777 2919 linea
792 2892 1015 2919 subterducta
1033 2891 1065 2918 in
1080 2893 1296 2926 autographo
1312 2893 1474 2920 distincta
1489 2901 1508 2921 a
1527 2893 1674 2920 caeteris
1695 2898 1789 2927 sunt.
1812 2894 1895 2921 indi-

264 2939 335 2966 cari
352 2939 485 2966 videtur
507 2941 669 2974 quosdam
685 2940 786 2966 fuisse
800 2940 863 2966 hoc
879 2944 1030 2974 tempore
1046 2939 1204 2973 Parisiis,
1221 2941 1275 2974 qui
1291 2948 1310 2968 a
1323 2941 1494 2975 proposito
1510 2940 1690 2968 societatis
1708 2942 1895 2976 ingredien-

264 2987 325 3012 dae
341 2990 373 3013 et
386 2987 485 3021 juxta
500 2988 572 3022 ejus
588 2987 781 3014 institutum
796 2987 828 3014 in
843 2987 976 3014 Domini
992 2987 1093 3014 vinea
1109 2988 1285 3014 laborandi
1302 2988 1488 3015 descivere.
1504 2988 1610 3016 Unius
1629 2989 1752 3016 saltem
1772 2989 1821 3016 ita
1842 2989 1896 3016 de-

265 3033 407 3060 ficientis
423 3034 574 3061 meminit
591 3035 678 3062 infra
694 3035 781 3062 idem
798 3035 1029 3070 Clayssonius.
