2080 3392
298 217 373 254 202
810 217 1035 254 LITTERAE
1062 226 1422 259 QUADRIMESTRES

375 312 625 353 Praeterea
659 314 696 352 si
734 313 789 352 de
821 318 983 352 nostro
1021 313 1211 364 antiquo
1248 317 1291 352 et
1326 312 1546 353 derelicto
1582 312 1690 352 nido
1724 311 1732 331 ¹
1769 312 1929 353 forsan

295 383 508 434 ignores,
532 384 672 423 scito:
696 383 803 423 S.tae
824 383 1001 423 Mariae
1023 395 1049 423 a
1070 382 1218 423 Passu
1239 382 1363 422 horti
1383 381 1695 434 loc[ationem]
1720 395 1812 423 non
1834 388 1928 423 tam

298 454 490 504 amicos,
514 466 655 505 quam
676 454 987 505 nosmetipsos
1008 453 1163 494 taedio
1185 453 1411 493 affecisse.
1599 454 1603 458 ”

375 525 568 576 Insuper
590 525 753 576 domus
775 531 1002 565 renovata
1024 524 1272 565 conductio
1291 535 1383 564 non
1399 524 1626 564 minorem
1644 535 1781 575 quam
1800 525 1928 576 prior

297 596 450 635 attulit
471 596 694 635 laborem.

375 666 514 706 Vitae
536 673 726 707 nostrae
748 667 985 718 exemplar
1004 668 1267 707 animarum
1285 678 1446 706 curam
1462 666 1720 716 invenerat,
1742 667 1816 705 cui
1832 667 1926 717 plu-

294 738 416 777 rium
437 737 778 778 Parochiarum
802 738 1144 778 administratio
1168 738 1324 777 oblata
1346 737 1445 777 fuit.

375 809 449 848 Ad
471 808 589 849 haec
611 810 889 860 templorum
917 821 997 849 seu
1020 809 1298 848 sacellorum
1319 814 1601 859 structuras,
1626 813 1784 859 utpote
1807 819 1927 848 cam-

293 879 447 930 panile
469 886 513 920 et
536 880 718 930 altaria,
743 880 962 920 resarciri
984 880 1270 920 curavimus.

373 949 564 990 Interim
586 951 632 990 in
660 951 819 990 schola
847 956 1098 1001 patuerunt
1127 961 1367 990 musarum
1390 948 1575 1000 januae.
1606 950 1809 990 Doctum
1843 957 1926 990 est.

295 1021 442 1061 Fama
475 1022 763 1073 praevaluit,
801 1027 1049 1073 postquam
1083 1021 1383 1072 gymnasium
1420 1027 1659 1071 creverat,

293 1103 577 1143 quamquam
598 1093 793 1133 aliorum
816 1092 1113 1141 detrimento,
1145 1104 1263 1144 quae
1291 1092 1476 1143 quidem
1505 1104 1580 1132 res
1607 1092 1731 1132 melli
1756 1092 1815 1132 fel
1848 1093 1927 1131 mi-

292 1163 427 1203 scuit.

372 1234 468 1275 Nec
489 1234 578 1274 hoc
599 1235 825 1275 reticebo:
849 1236 1027 1275 oblatos
1049 1235 1192 1275 libros
1211 1234 1361 1286 gratis
1383 1234 1755 1285 acceptavimus:
1785 1240 1828 1274 et
1853 1245 1925 1274 ac-

291 1306 499 1357 ceptatio
521 1306 689 1346 exinde
709 1306 890 1357 gratior
911 1305 1075 1345 evasit.

374 1377 470 1417 Iam
492 1383 716 1428 superest.
735 1376 828 1417 R.di
848 1376 920 1417 D.i
948 1377 1176 1417 Ludovici
1196 1376 1482 1416 Maecenatis
1509 1375 1522 1394 ‘²
1550 1376 1791 1427 suppellex
1818 1387 1926 1415 ven—

292 1447 448 1488 dibilis
469 1449 610 1488 misso
634 1448 883 1498 cathalogo
905 1447 1184 1499 proscripta.

373 1517 463 1559 Sed
483 1531 540 1558 ne
561 1530 696 1559 sacra
718 1519 989 1570 prophanis,
1012 1519 1086 1558 vel
1104 1518 1330 1570 simplicia
1349 1517 1632 1569 compositis,
1652 1517 1927 1569 pharmaco-

293 1591 509 1641 polarum
544 1601 694 1640 more,
732 1590 978 1639 misceam,
1008 1589 1198 1640 negotia
1232 1589 1492 1640 spiritualia
1521 1587 1618 1639 jam
1647 1588 1925 1638 segregabo,

290 1661 462 1700 iterum
483 1667 673 1700 coactus
693 1661 949 1712 pauxillum
971 1672 1043 1700 nie
1065 1659 1220 1710 (immo
1242 1659 1409 1709 Deum)
1433 1659 1719 1699 laudaturus.

375 1730 498 1782 Quot
519 1743 546 1770 a
566 1731 936 1771 confessionibus
957 1743 1038 1771 seu
1060 1744 1085 1770 a
1113 1731 1306 1771 secretis
1335 1730 1617 1780 audiverim,
1647 1737 1820 1782 quotve
1852 1742 1926 1769 ex-

290 1802 399 1842 inde
420 1802 659 1842 Ecclesiae
681 1802 990 1842 sacramentis
1018 1802 1430 1853 participaverint,
1462 1802 1659 1841 aliorum
1687 1806 1785 1840 esto
1815 1800 1926 1840 iudi-

292 1874 436 1913 cium:
475 1874 697 1913 memoria
732 1874 853 1913 enim
886 1873 1018 1913 fallit.
1055 1872 1146 1914 Sed
1178 1885 1272 1913 non
1306 1884 1378 1912 me
1411 1873 1523 1912 latet
1561 1872 1854 1912 diversorum
1884 1878 1928 1911 et

292 1944 494 1996 plurium
512 1945 864 1995 monacharum,
884 1945 1136 1995 virginum,
1156 1943 1416 1984 Doctorum
1434 1949 1477 1983 et
1494 1943 1689 1983 divitum
1710 1942 1926 1983 confiten-

291 2015 405 2055 tium
428 2015 630 2055 devotio.

372 2085 473 2126 Non
495 2085 640 2126 defuit
661 2085 846 2125 demum
867 2086 1067 2137 piscatio
1091 2086 1368 2125 animarum.
1388 2084 1651 2124 Adiunctae
1672 2091 1778 2124 sunt
1797 2095 1927 2135 prae·

291 2163 419 2196 terea
441 2157 717 2206 errantium,
743 2162 903 2207 utpote
934 2156 1397 2205 concubinariorum,
1428 2155 1852 2206 blasphemantium
1883 2161 1926 2194 et

291 2227 428 2267 huius
454 2227 634 2267 farinae
662 2227 940 2267 miserorum
967 2227 1306 2278 correptiones,
1338 2226 1712 2276 exhortationes,
1743 2237 1926 2265 necnon

290 2298 715 2338 reconciliationes:
736 2297 870 2338 Adde
901 2298 1226 2338 tribulatorum
1254 2297 1617 2347 consolationes,
1648 2297 1920 2342 amicorum.

291 2381 570 2420 pauperum,
593 2369 897 2420 hospitalium
919 2368 1300 2419 infirmorumque
1321 2368 1631 2408 visitationes.

372 2439 462 2480 Sed
483 2452 540 2479 ne
561 2451 756 2480 numero
779 2440 933 2491 potius
963 2451 1103 2491 quam
1130 2451 1179 2479 re
1210 2439 1311 2490 ipsa
1341 2438 1545 2479 taedium
1574 2438 1804 2487 adferam,
1837 2438 1925 2477 hoc

291 2522 434 2550 unum
463 2511 643 2562 accipe:
681 2510 947 2551 Daemones
981 2511 1244 2550 exorcismo
1281 2510 1514 2561 repulsos:
1544 2509 1627 2548 sed
1658 2520 1750 2548 non
1778 2508 1926 2555 nobis,

293 2582 517 2632 Domine,
540 2593 635 2622 non
657 2582 788 2622 nobis
809 2586 859 2621 at
881 2581 1158 2621 7207721'172'tno
1181 2581 1240 2620 da
1262 2580 1497 2631 ιξίονίανηῑ
1525 2586 1568 2620 et
1595 2591 1740 2629 regno
1772 2580 1921 2619 coelo-

293 2663 395 2691 rum
417 2653 668 2704 adscriptis
690 2652 930 2703 gaudium.

372 2722 565 2775 Suscipe
599 2730 843 2775 praeterea
881 2723 1131 2763 conciones
1168 2734 1298 2762 meas
1331 2722 1602 2772 nonnullas,
1637 2732 1722 2761 nec
1757 2731 1924 2771 sperne

348 2928 355 2948 ¹
397 2928 483 2955 Vide
499 2928 665 2962 POLANco,
685 2928 890 2961 Chronicon,
904 2932 926 2955 t.
943 2935 978 2962 11,
994 2935 1071 2962 pag.
1087 2927 1149 2961 166,
1166 2935 1197 2955 n.
1210 2927 1240 2954 8.

344 2974 357 2994 ²
395 2975 498 3002 Dnus.
512 2975 706 3003 Ludovicus
720 2976 758 3002 de
776 2975 951 3009 Mendoza,
971 2975 1009 3002 de
1026 2982 1089 3009 quo
1109 2975 1207 3009 plura
1228 2974 1396 3002 Polancus
1417 2978 1450 3001 et
1467 2973 1670 3001 Orlandinus
1686 2977 1718 3000 et
1736 2973 1768 2999 in
1791 2972 1916 2999 cartas

291 3023 334 3049 de
351 3023 422 3049 San
439 3023 595 3056 Ignacio.
