<?xml version="1.0" encoding="UTF-8"?>
<!DOCTYPE html PUBLIC "-//W3C//DTD XHTML 1.0 Transitional//EN"
    "http://www.w3.org/TR/xhtml1/DTD/xhtml1-transitional.dtd">
<html xmlns="http://www.w3.org/1999/xhtml" xml:lang="en" lang="en">
 <head>
  <title>
</title>
<meta http-equiv="Content-Type" content="text/html;charset=utf-8" />
  <meta name='ocr-system' content='tesseract 3.04.00' />
  <meta name='ocr-capabilities' content='ocr_page ocr_carea ocr_par ocr_line ocrx_word'/>
</head>
<body>
  <div class='ocr_page' id='page_1' title='image "./litteraequadrime14lain_0465.png"; bbox 0 0 2080 3392; ppageno 0'>
   <div class='ocr_carea' id='block_1_1' title="bbox 903 158 1821 196">
    <p class='ocr_par' dir='ltr' id='par_1_1' title="bbox 903 158 1821 196">
     <span class='ocr_line' id='line_1_1' title="bbox 903 158 1821 196; baseline -0.001 -1"><span class='ocrx_word' id='word_1_1' title='bbox 903 159 988 195; x_wconf 83' lang='lat' dir='ltr'>AN.</span> <span class='ocrx_word' id='word_1_2' title='bbox 1022 158 1113 196; x_wconf 74' lang='lat'>1553</span> <span class='ocrx_word' id='word_1_3' title='bbox 1755 158 1821 195; x_wconf 60' lang='lat'>2161</span> 
     </span>
    </p>
   </div>
   <div class='ocr_carea' id='block_1_2' title="bbox 169 255 1827 3018">
    <p class='ocr_par' dir='ltr' id='par_1_2' title="bbox 169 255 1824 1235">
     <span class='ocr_line' id='line_1_2' title="bbox 174 255 1821 307; baseline -0.001 -9"><span class='ocrx_word' id='word_1_4' title='bbox 174 257 300 298; x_wconf 87' lang='lat' dir='ltr'>enim</span> <span class='ocrx_word' id='word_1_5' title='bbox 321 255 518 307; x_wconf 88' lang='lat' dir='ltr'>Collegii</span> <span class='ocrx_word' id='word_1_6' title='bbox 538 256 643 296; x_wconf 92' lang='lat' dir='ltr'>usui</span> <span class='ocrx_word' id='word_1_7' title='bbox 664 257 921 296; x_wconf 87' lang='lat' dir='ltr'>necessarii</span> <span class='ocrx_word' id='word_1_8' title='bbox 943 262 1091 296; x_wconf 89' lang='lat' dir='ltr'>erant.</span> <span class='ocrx_word' id='word_1_9' title='bbox 1116 256 1280 307; x_wconf 90' lang='lat' dir='ltr'>Coepit</span> <span class='ocrx_word' id='word_1_10' title='bbox 1301 256 1460 296; x_wconf 89' lang='lat' dir='ltr'>statim</span> <span class='ocrx_word' id='word_1_11' title='bbox 1481 255 1688 296; x_wconf 81' lang='lat' dir='ltr'>maxima</span> <span class='ocrx_word' id='word_1_12' title='bbox 1718 268 1821 296; x_wconf 83' lang='lat' dir='ltr'>esse</span> 
     </span>
     <span class='ocr_line' id='line_1_3' title="bbox 171 327 1822 379; baseline -0.001 -10"><span class='ocrx_word' id='word_1_13' title='bbox 171 327 526 369; x_wconf 89' lang='lat' dir='ltr'>confessionum</span> <span class='ocrx_word' id='word_1_14' title='bbox 546 327 824 379; x_wconf 86' lang='lat' dir='ltr'>frequentia;</span> <span class='ocrx_word' id='word_1_15' title='bbox 848 328 1059 379; x_wconf 74' lang='lat' dir='ltr'><strong>sequenti</strong></span> <span class='ocrx_word' id='word_1_16' title='bbox 1087 333 1245 368; x_wconf 85' lang='lat' dir='ltr'>autem</span> <span class='ocrx_word' id='word_1_17' title='bbox 1274 328 1348 368; x_wconf 91' lang='lat' dir='ltr'>die</span> <span class='ocrx_word' id='word_1_18' title='bbox 1374 327 1609 368; x_wconf 89' lang='lat' dir='ltr'>dominica</span> <span class='ocrx_word' id='word_1_19' title='bbox 1635 333 1680 367; x_wconf 92' lang='lat' dir='ltr'>et</span> <span class='ocrx_word' id='word_1_20' title='bbox 1710 339 1822 367; x_wconf 87' lang='lat' dir='ltr'>con-</span> 
     </span>
     <span class='ocr_line' id='line_1_4' title="bbox 170 397 1818 440; baseline 0 -1"><span class='ocrx_word' id='word_1_21' title='bbox 170 400 333 440; x_wconf 84' lang='lat' dir='ltr'>ciones</span> <span class='ocrx_word' id='word_1_22' title='bbox 367 408 411 439; x_wconf 91' lang='lat' dir='ltr'>et</span> <span class='ocrx_word' id='word_1_23' title='bbox 442 399 498 439; x_wconf 90' lang='lat' dir='ltr'>de</span> <span class='ocrx_word' id='word_1_24' title='bbox 536 398 711 439; x_wconf 86' lang='lat' dir='ltr'>Christi</span> <span class='ocrx_word' id='word_1_25' title='bbox 738 400 952 439; x_wconf 87' lang='lat' dir='ltr'>doctrina</span> <span class='ocrx_word' id='word_1_26' title='bbox 981 399 1206 439; x_wconf 86' lang='lat' dir='ltr'>lectiones</span> <span class='ocrx_word' id='word_1_27' title='bbox 1233 404 1367 439; x_wconf 86' lang='lat' dir='ltr'>erant</span> <span class='ocrx_word' id='word_1_28' title='bbox 1396 397 1707 439; x_wconf 81' lang='lat' dir='ltr'>inchoandae.</span> <span class='ocrx_word' id='word_1_29' title='bbox 1742 398 1818 439; x_wconf 80' lang='lat' dir='ltr'>Af-</span> 
     </span>
     <span class='ocr_line' id='line_1_5' title="bbox 171 469 1822 522; baseline -0.001 -11"><span class='ocrx_word' id='word_1_30' title='bbox 171 471 323 511; x_wconf 85' lang='lat' dir='ltr'>fluunt</span> <span class='ocrx_word' id='word_1_31' title='bbox 335 471 451 511; x_wconf 90' lang='lat' dir='ltr'>satis</span> <span class='ocrx_word' id='word_1_32' title='bbox 467 470 758 511; x_wconf 77' lang='lat' dir='ltr'>abundanter</span> <span class='ocrx_word' id='word_1_33' title='bbox 774 472 1116 520; x_wconf 71' lang='lat' dir='ltr'>eleemosynae,</span> <span class='ocrx_word' id='word_1_34' title='bbox 1135 472 1401 522; x_wconf 75' lang='lat' dir='ltr'>multaeque</span> <span class='ocrx_word' id='word_1_35' title='bbox 1414 470 1473 510; x_wconf 89' lang='lat' dir='ltr'>ad</span> <span class='ocrx_word' id='word_1_36' title='bbox 1484 469 1822 510; x_wconf 89' lang='lat' dir='ltr'>aedificationis</span> 
     </span>
     <span class='ocr_line' id='line_1_6' title="bbox 171 540 1820 593; baseline -0.001 -11"><span class='ocrx_word' id='word_1_37' title='bbox 171 543 516 582; x_wconf 79' lang='lat' dir='ltr'>extructionem</span> <span class='ocrx_word' id='word_1_38' title='bbox 537 542 912 593; x_wconf 76' lang='lat' dir='ltr'>pollicitationes.</span> <span class='ocrx_word' id='word_1_39' title='bbox 938 541 989 581; x_wconf 91' lang='lat' dir='ltr'>In</span> <span class='ocrx_word' id='word_1_40' title='bbox 1010 541 1266 581; x_wconf 77' lang='lat' dir='ltr'>maximam</span> <span class='ocrx_word' id='word_1_41' title='bbox 1288 541 1499 592; x_wconf 87' lang='lat' dir='ltr'>profecto</span> <span class='ocrx_word' id='word_1_42' title='bbox 1523 540 1611 581; x_wconf 90' lang='lat' dir='ltr'>Dei</span> <span class='ocrx_word' id='word_1_43' title='bbox 1632 541 1820 581; x_wconf 87' lang='lat' dir='ltr'>laudem</span> 
     </span>
     <span class='ocr_line' id='line_1_7' title="bbox 170 611 1822 664; baseline -0.001 -11"><span class='ocrx_word' id='word_1_44' title='bbox 170 614 329 664; x_wconf 84' lang='lat' dir='ltr'>vergit</span> <span class='ocrx_word' id='word_1_45' title='bbox 350 619 448 653; x_wconf 90' lang='lat' dir='ltr'>tota</span> <span class='ocrx_word' id='word_1_46' title='bbox 469 613 611 653; x_wconf 92' lang='lat' dir='ltr'>totius</span> <span class='ocrx_word' id='word_1_47' title='bbox 633 613 840 653; x_wconf 84' lang='lat' dir='ltr'>civitatis</span> <span class='ocrx_word' id='word_1_48' title='bbox 862 612 1087 652; x_wconf 84' lang='lat' dir='ltr'>exultatio</span> <span class='ocrx_word' id='word_1_49' title='bbox 1106 644 1113 663; x_wconf 92' lang='lat'>,</span> <span class='ocrx_word' id='word_1_50' title='bbox 1138 618 1361 663; x_wconf 82' lang='lat' dir='ltr'>tantaque</span> <span class='ocrx_word' id='word_1_51' title='bbox 1384 612 1440 652; x_wconf 91' lang='lat' dir='ltr'>de</span> <span class='ocrx_word' id='word_1_52' title='bbox 1462 612 1550 652; x_wconf 86' lang='lat' dir='ltr'>hac</span> <span class='ocrx_word' id='word_1_53' title='bbox 1572 611 1822 652; x_wconf 85' lang='lat' dir='ltr'>Societatis</span> 
     </span>
     <span class='ocr_line' id='line_1_8' title="bbox 170 683 1819 736; baseline -0.001 -12"><span class='ocrx_word' id='word_1_54' title='bbox 170 684 552 724; x_wconf 77' lang='lat' dir='ltr'>manifestatione</span> <span class='ocrx_word' id='word_1_55' title='bbox 575 684 812 736; x_wconf 75' lang='lat' dir='ltr'>ipsiusque</span> <span class='ocrx_word' id='word_1_56' title='bbox 834 683 973 723; x_wconf 89' lang='lat' dir='ltr'>rebus</span> <span class='ocrx_word' id='word_1_57' title='bbox 991 683 1352 734; x_wconf 69' lang='lat' dir='ltr'>congratulatio.</span> <span class='ocrx_word' id='word_1_58' title='bbox 1373 683 1506 723; x_wconf 89' lang='lat' dir='ltr'>Multi</span> <span class='ocrx_word' id='word_1_59' title='bbox 1523 683 1710 735; x_wconf 91' lang='lat' dir='ltr'>quidem</span> <span class='ocrx_word' id='word_1_60' title='bbox 1727 684 1819 723; x_wconf 87' lang='lat' dir='ltr'>vel-</span> 
     </span>
     <span class='ocr_line' id='line_1_9' title="bbox 170 753 1820 807; baseline -0.001 -11"><span class='ocrx_word' id='word_1_61' title='bbox 170 757 266 796; x_wconf 89' lang='lat' dir='ltr'>lent</span> <span class='ocrx_word' id='word_1_62' title='bbox 287 756 448 807; x_wconf 85' lang='lat' dir='ltr'>recipi,</span> <span class='ocrx_word' id='word_1_63' title='bbox 473 767 566 807; x_wconf 90' lang='lat' dir='ltr'>qua</span> <span class='ocrx_word' id='word_1_64' title='bbox 587 755 634 795; x_wconf 91' lang='lat' dir='ltr'>in</span> <span class='ocrx_word' id='word_1_65' title='bbox 656 767 721 806; x_wconf 86' lang='lat' dir='ltr'>re,</span> <span class='ocrx_word' id='word_1_66' title='bbox 745 760 794 795; x_wconf 96' lang='lat' dir='ltr'>ut</span> <span class='ocrx_word' id='word_1_67' title='bbox 818 760 1017 805; x_wconf 85' lang='lat' dir='ltr'>oportet,</span> <span class='ocrx_word' id='word_1_68' title='bbox 1042 754 1249 794; x_wconf 76' lang='lat' dir='ltr'>maxima</span> <span class='ocrx_word' id='word_1_69' title='bbox 1281 753 1523 805; x_wconf 76' lang='lat' dir='ltr'>diligentia</span> <span class='ocrx_word' id='word_1_70' title='bbox 1545 766 1601 794; x_wconf 83' lang='lat' dir='ltr'>ac</span> <span class='ocrx_word' id='word_1_71' title='bbox 1623 755 1820 794; x_wconf 89' lang='lat' dir='ltr'>consilio</span> 
     </span>
     <span class='ocr_line' id='line_1_10' title="bbox 169 825 1821 878; baseline -0.001 -11"><span class='ocrx_word' id='word_1_72' title='bbox 169 826 381 867; x_wconf 91' lang='lat' dir='ltr'>adhibito</span> <span class='ocrx_word' id='word_1_73' title='bbox 403 826 688 878; x_wconf 79' lang='lat' dir='ltr'>proceditur.</span> <span class='ocrx_word' id='word_1_74' title='bbox 719 825 836 866; x_wconf 84' lang='lat' dir='ltr'>Sunt</span> <span class='ocrx_word' id='word_1_75' title='bbox 864 832 1022 865; x_wconf 88' lang='lat' dir='ltr'>tamen</span> <span class='ocrx_word' id='word_1_76' title='bbox 1048 825 1259 865; x_wconf 87' lang='lat' dir='ltr'>nonnulli</span> <span class='ocrx_word' id='word_1_77' title='bbox 1288 831 1451 865; x_wconf 91' lang='lat' dir='ltr'>nostro</span> <span class='ocrx_word' id='word_1_78' title='bbox 1483 826 1580 877; x_wconf 91' lang='lat' dir='ltr'>apti</span> <span class='ocrx_word' id='word_1_79' title='bbox 1608 826 1821 866; x_wconf 90' lang='lat' dir='ltr'>instituto</span> 
     </span>
     <span class='ocr_line' id='line_1_11' title="bbox 172 896 1823 949; baseline -0.001 -11"><span class='ocrx_word' id='word_1_80' title='bbox 172 898 266 938; x_wconf 88' lang='lat' dir='ltr'>iam</span> <span class='ocrx_word' id='word_1_81' title='bbox 288 899 479 949; x_wconf 87' lang='lat' dir='ltr'>recepti:</span> <span class='ocrx_word' id='word_1_82' title='bbox 503 898 581 937; x_wconf 87' lang='lat' dir='ltr'>alii</span> <span class='ocrx_word' id='word_1_83' title='bbox 601 909 716 937; x_wconf 86' lang='lat' dir='ltr'>vero</span> <span class='ocrx_word' id='word_1_84' title='bbox 738 898 785 937; x_wconf 92' lang='lat' dir='ltr'>in</span> <span class='ocrx_word' id='word_1_85' title='bbox 800 897 986 948; x_wconf 90' lang='lat' dir='ltr'>longius</span> <span class='ocrx_word' id='word_1_86' title='bbox 1003 896 1358 948; x_wconf 67' lang='lat' dir='ltr'>protrahuntur,</span> <span class='ocrx_word' id='word_1_87' title='bbox 1379 896 1510 936; x_wconf 89' lang='lat' dir='ltr'>multi</span> <span class='ocrx_word' id='word_1_88' title='bbox 1527 908 1744 949; x_wconf 91' lang='lat' dir='ltr'>namque,</span> <span class='ocrx_word' id='word_1_89' title='bbox 1764 909 1823 937; x_wconf 83' lang='lat' dir='ltr'>ex</span> 
     </span>
     <span class='ocr_line' id='line_1_12' title="bbox 176 967 1824 1021; baseline 0 -12"><span class='ocrx_word' id='word_1_90' title='bbox 176 969 248 1009; x_wconf 89' lang='lat' dir='ltr'>his</span> <span class='ocrx_word' id='word_1_91' title='bbox 270 969 564 1021; x_wconf 86' lang='lat' dir='ltr'>praesertim,</span> <span class='ocrx_word' id='word_1_92' title='bbox 588 969 667 1020; x_wconf 94' lang='lat' dir='ltr'>qui</span> <span class='ocrx_word' id='word_1_93' title='bbox 688 969 735 1008; x_wconf 92' lang='lat' dir='ltr'>in</span> <span class='ocrx_word' id='word_1_94' title='bbox 756 968 929 1008; x_wconf 89' lang='lat' dir='ltr'>nostris</span> <span class='ocrx_word' id='word_1_95' title='bbox 950 974 1203 1008; x_wconf 87' lang='lat' dir='ltr'>versantur</span> <span class='ocrx_word' id='word_1_96' title='bbox 1230 967 1429 1017; x_wconf 86' lang='lat' dir='ltr'>scholis,</span> <span class='ocrx_word' id='word_1_97' title='bbox 1461 968 1644 1008; x_wconf 77' lang='lat' dir='ltr'>admitti</span> <span class='ocrx_word' id='word_1_98' title='bbox 1665 969 1711 1008; x_wconf 85' lang='lat' dir='ltr'>in</span> <span class='ocrx_word' id='word_1_99' title='bbox 1742 967 1824 1009; x_wconf 82' lang='lat' dir='ltr'>So-</span> 
     </span>
     <span class='ocr_line' id='line_1_13' title="bbox 171 1039 1824 1092; baseline -0.002 -11"><span class='ocrx_word' id='word_1_100' title='bbox 171 1041 395 1081; x_wconf 89' lang='lat' dir='ltr'>cietatem</span> <span class='ocrx_word' id='word_1_101' title='bbox 424 1047 630 1092; x_wconf 81' lang='lat' dir='ltr'>possent,</span> <span class='ocrx_word' id='word_1_102' title='bbox 665 1041 790 1092; x_wconf 92' lang='lat' dir='ltr'>quod</span> <span class='ocrx_word' id='word_1_103' title='bbox 819 1040 948 1080; x_wconf 90' lang='lat' dir='ltr'>initio</span> <span class='ocrx_word' id='word_1_104' title='bbox 978 1039 1079 1080; x_wconf 89' lang='lat' dir='ltr'>fieri</span> <span class='ocrx_word' id='word_1_105' title='bbox 1105 1051 1199 1079; x_wconf 89' lang='lat' dir='ltr'>non</span> <span class='ocrx_word' id='word_1_106' title='bbox 1229 1039 1398 1079; x_wconf 89' lang='lat' dir='ltr'>debere</span> <span class='ocrx_word' id='word_1_107' title='bbox 1429 1039 1669 1090; x_wconf 74' lang='lat' dir='ltr'>duximus,</span> <span class='ocrx_word' id='word_1_108' title='bbox 1702 1051 1824 1090; x_wconf 91' lang='lat' dir='ltr'>quae</span> 
     </span>
     <span class='ocr_line' id='line_1_14' title="bbox 170 1110 1821 1162; baseline -0.001 -10"><span class='ocrx_word' id='word_1_109' title='bbox 170 1112 330 1152; x_wconf 88' lang='lat' dir='ltr'>omnia</span> <span class='ocrx_word' id='word_1_110' title='bbox 352 1112 399 1152; x_wconf 89' lang='lat' dir='ltr'>in</span> <span class='ocrx_word' id='word_1_111' title='bbox 428 1112 655 1152; x_wconf 88' lang='lat' dir='ltr'>maiorem</span> <span class='ocrx_word' id='word_1_112' title='bbox 686 1113 759 1152; x_wconf 89' lang='lat' dir='ltr'>sui</span> <span class='ocrx_word' id='word_1_113' title='bbox 787 1111 988 1152; x_wconf 91' lang='lat' dir='ltr'>nominis</span> <span class='ocrx_word' id='word_1_114' title='bbox 1015 1111 1216 1162; x_wconf 83' lang='lat' dir='ltr'>gloriam</span> <span class='ocrx_word' id='word_1_115' title='bbox 1244 1116 1288 1150; x_wconf 91' lang='lat' dir='ltr'>et</span> <span class='ocrx_word' id='word_1_116' title='bbox 1314 1110 1540 1150; x_wconf 86' lang='lat' dir='ltr'>honorem</span> <span class='ocrx_word' id='word_1_117' title='bbox 1567 1117 1723 1150; x_wconf 82' lang='lat' dir='ltr'>vertat</span> <span class='ocrx_word' id='word_1_118' title='bbox 1751 1122 1821 1151; x_wconf 88' lang='lat' dir='ltr'>sa-</span> 
     </span>
     <span class='ocr_line' id='line_1_15' title="bbox 172 1183 660 1235; baseline 0 -12"><span class='ocrx_word' id='word_1_119' title='bbox 172 1184 495 1235; x_wconf 88' lang='lat' dir='ltr'>pientissimus</span> <span class='ocrx_word' id='word_1_120' title='bbox 516 1183 660 1223; x_wconf 85' lang='lat' dir='ltr'>Deus.</span> 
     </span>
    </p>

    <p class='ocr_par' dir='ltr' id='par_1_3' title="bbox 172 1254 1823 1520">
     <span class='ocr_line' id='line_1_16' title="bbox 252 1254 1821 1306; baseline -0.001 -11"><span class='ocrx_word' id='word_1_121' title='bbox 252 1255 588 1306; x_wconf 89' lang='lat' dir='ltr'>Algarbiorum</span> <span class='ocrx_word' id='word_1_122' title='bbox 610 1255 872 1306; x_wconf 86' lang='lat' dir='ltr'>Episcopus</span> <span class='ocrx_word' id='word_1_123' title='bbox 894 1255 982 1294; x_wconf 85' lang='lat' dir='ltr'>hoc</span> <span class='ocrx_word' id='word_1_124' title='bbox 1003 1254 1242 1306; x_wconf 82' lang='lat' dir='ltr'>praesenti</span> <span class='ocrx_word' id='word_1_125' title='bbox 1263 1260 1473 1305; x_wconf 88' lang='lat' dir='ltr'>tempore</span> <span class='ocrx_word' id='word_1_126' title='bbox 1491 1265 1777 1305; x_wconf 82' lang='lat' dir='ltr'>magnopere</span> <span class='ocrx_word' id='word_1_127' title='bbox 1795 1266 1821 1292; x_wconf 89' lang='lat' dir='ltr'>a</span> 
     </span>
     <span class='ocr_line' id='line_1_17' title="bbox 175 1324 1821 1377; baseline -0.001 -11"><span class='ocrx_word' id='word_1_128' title='bbox 175 1326 311 1366; x_wconf 89' lang='lat' dir='ltr'>nobis</span> <span class='ocrx_word' id='word_1_129' title='bbox 332 1325 623 1377; x_wconf 81' lang='lat' dir='ltr'>efflagitavit,</span> <span class='ocrx_word' id='word_1_130' title='bbox 647 1333 697 1366; x_wconf 92' lang='lat' dir='ltr'>ut</span> <span class='ocrx_word' id='word_1_131' title='bbox 730 1326 874 1377; x_wconf 87' lang='lat' dir='ltr'>aliqui</span> <span class='ocrx_word' id='word_1_132' title='bbox 902 1338 960 1365; x_wconf 83' lang='lat' dir='ltr'>ex</span> <span class='ocrx_word' id='word_1_133' title='bbox 990 1325 1165 1365; x_wconf 87' lang='lat' dir='ltr'>nostris</span> <span class='ocrx_word' id='word_1_134' title='bbox 1196 1325 1238 1365; x_wconf 91' lang='lat' dir='ltr'>ei</span> <span class='ocrx_word' id='word_1_135' title='bbox 1265 1325 1325 1365; x_wconf 90' lang='lat' dir='ltr'>ad</span> <span class='ocrx_word' id='word_1_136' title='bbox 1353 1324 1613 1376; x_wconf 86' lang='lat' dir='ltr'>Collegium</span> <span class='ocrx_word' id='word_1_137' title='bbox 1641 1325 1821 1376; x_wconf 86' lang='lat' dir='ltr'>erigen-</span> 
     </span>
     <span class='ocr_line' id='line_1_18' title="bbox 172 1395 1823 1449; baseline -0.001 -12"><span class='ocrx_word' id='word_1_138' title='bbox 172 1397 285 1437; x_wconf 90' lang='lat' dir='ltr'>dum</span> <span class='ocrx_word' id='word_1_139' title='bbox 306 1397 658 1449; x_wconf 84' lang='lat' dir='ltr'>praeberentur,</span> <span class='ocrx_word' id='word_1_140' title='bbox 684 1398 816 1437; x_wconf 88' lang='lat' dir='ltr'>cuius</span> <span class='ocrx_word' id='word_1_141' title='bbox 837 1404 934 1437; x_wconf 88' lang='lat' dir='ltr'>tam</span> <span class='ocrx_word' id='word_1_142' title='bbox 955 1403 1120 1436; x_wconf 87' lang='lat' dir='ltr'>sancto</span> <span class='ocrx_word' id='word_1_143' title='bbox 1151 1395 1383 1436; x_wconf 89' lang='lat' dir='ltr'>desiderio</span> <span class='ocrx_word' id='word_1_144' title='bbox 1405 1395 1726 1436; x_wconf 89' lang='lat' dir='ltr'>satisfaciendi</span> <span class='ocrx_word' id='word_1_145' title='bbox 1750 1407 1823 1435; x_wconf 88' lang='lat' dir='ltr'>ca-</span> 
     </span>
     <span class='ocr_line' id='line_1_19' title="bbox 173 1469 560 1520; baseline -0.005 -11"><span class='ocrx_word' id='word_1_146' title='bbox 173 1475 335 1520; x_wconf 88' lang='lat' dir='ltr'>ptatur</span> <span class='ocrx_word' id='word_1_147' title='bbox 358 1469 560 1509; x_wconf 91' lang='lat' dir='ltr'>occasio.</span> 
     </span>
    </p>

    <p class='ocr_par' dir='ltr' id='par_1_4' title="bbox 170 1540 1822 1664">
     <span class='ocr_line' id='line_1_20' title="bbox 254 1540 1822 1592; baseline -0.001 -11"><span class='ocrx_word' id='word_1_148' title='bbox 254 1540 528 1581; x_wconf 82' lang='lat' dir='ltr'>Portuensis</span> <span class='ocrx_word' id='word_1_149' title='bbox 549 1541 709 1581; x_wconf 89' lang='lat' dir='ltr'>itidem</span> <span class='ocrx_word' id='word_1_150' title='bbox 731 1541 901 1581; x_wconf 89' lang='lat' dir='ltr'>civitas</span> <span class='ocrx_word' id='word_1_151' title='bbox 921 1542 997 1581; x_wconf 85' lang='lat' dir='ltr'>vel</span> <span class='ocrx_word' id='word_1_152' title='bbox 1018 1540 1076 1580; x_wconf 87' lang='lat' dir='ltr'>ad</span> <span class='ocrx_word' id='word_1_153' title='bbox 1106 1540 1367 1591; x_wconf 88' lang='lat' dir='ltr'>Collegium</span> <span class='ocrx_word' id='word_1_154' title='bbox 1397 1541 1473 1580; x_wconf 86' lang='lat' dir='ltr'>vel</span> <span class='ocrx_word' id='word_1_155' title='bbox 1500 1540 1822 1592; x_wconf 88' lang='lat' dir='ltr'>professorum</span> 
     </span>
     <span class='ocr_line' id='line_1_21' title="bbox 170 1600 1208 1664; baseline 0 -12"><span class='ocrx_word' id='word_1_156' title='bbox 170 1600 364 1653; x_wconf 86' lang='lat' dir='ltr'>domum</span> <span class='ocrx_word' id='word_1_157' title='bbox 385 1613 763 1653; x_wconf 86' lang='lat' dir='ltr'>constituendam</span> <span class='ocrx_word' id='word_1_158' title='bbox 785 1613 966 1664; x_wconf 88' lang='lat' dir='ltr'>aliquos</span> <span class='ocrx_word' id='word_1_159' title='bbox 988 1613 1208 1664; x_wconf 88' lang='lat' dir='ltr'>postulat.</span> 
     </span>
    </p>

    <p class='ocr_par' dir='ltr' id='par_1_5' title="bbox 172 1682 1825 2092">
     <span class='ocr_line' id='line_1_22' title="bbox 253 1682 1820 1735; baseline -0.001 -11"><span class='ocrx_word' id='word_1_160' title='bbox 253 1683 363 1724; x_wconf 82' lang='lat' dir='ltr'>Dux</span> <span class='ocrx_word' id='word_1_161' title='bbox 385 1684 527 1724; x_wconf 86' lang='lat' dir='ltr'>etiam</span> <span class='ocrx_word' id='word_1_162' title='bbox 549 1684 835 1735; x_wconf 83' lang='lat' dir='ltr'>Bargantiae</span> <span class='ocrx_word' id='word_1_163' title='bbox 857 1695 964 1724; x_wconf 92' lang='lat' dir='ltr'>cum</span> <span class='ocrx_word' id='word_1_164' title='bbox 992 1684 1120 1735; x_wconf 91' lang='lat' dir='ltr'>prius</span> <span class='ocrx_word' id='word_1_165' title='bbox 1150 1683 1453 1723; x_wconf 79' lang='lat' dir='ltr'>vehementer</span> <span class='ocrx_word' id='word_1_166' title='bbox 1484 1682 1820 1732; x_wconf 87' lang='lat' dir='ltr'>contendisset,</span> 
     </span>
     <span class='ocr_line' id='line_1_23' title="bbox 172 1754 1821 1807; baseline 0 -12"><span class='ocrx_word' id='word_1_167' title='bbox 172 1762 223 1795; x_wconf 91' lang='lat' dir='ltr'>ut</span> <span class='ocrx_word' id='word_1_168' title='bbox 245 1756 321 1795; x_wconf 83' lang='lat' dir='ltr'>vel</span> <span class='ocrx_word' id='word_1_169' title='bbox 342 1755 460 1796; x_wconf 91' lang='lat' dir='ltr'>duos</span> <span class='ocrx_word' id='word_1_170' title='bbox 480 1757 647 1796; x_wconf 88' lang='lat' dir='ltr'>saltem</span> <span class='ocrx_word' id='word_1_171' title='bbox 667 1767 726 1795; x_wconf 81' lang='lat' dir='ltr'>ex</span> <span class='ocrx_word' id='word_1_172' title='bbox 747 1754 994 1805; x_wconf 84' lang='lat' dir='ltr'>Societate,</span> <span class='ocrx_word' id='word_1_173' title='bbox 1016 1755 1096 1807; x_wconf 91' lang='lat' dir='ltr'>qui</span> <span class='ocrx_word' id='word_1_174' title='bbox 1112 1755 1214 1805; x_wconf 87' lang='lat' dir='ltr'>sibi,</span> <span class='ocrx_word' id='word_1_175' title='bbox 1234 1755 1394 1795; x_wconf 85' lang='lat' dir='ltr'>curiae</span> <span class='ocrx_word' id='word_1_176' title='bbox 1409 1766 1464 1795; x_wconf 89' lang='lat' dir='ltr'>ac</span> <span class='ocrx_word' id='word_1_177' title='bbox 1484 1754 1691 1795; x_wconf 87' lang='lat' dir='ltr'>familiae</span> <span class='ocrx_word' id='word_1_178' title='bbox 1708 1766 1821 1795; x_wconf 89' lang='lat' dir='ltr'>suae</span> 
     </span>
     <span class='ocr_line' id='line_1_24' title="bbox 172 1825 1825 1877; baseline -0.001 -11"><span class='ocrx_word' id='word_1_179' title='bbox 172 1826 407 1877; x_wconf 88' lang='lat' dir='ltr'>adessent,</span> <span class='ocrx_word' id='word_1_180' title='bbox 439 1827 684 1876; x_wconf 89' lang='lat' dir='ltr'>obtineret,</span> <span class='ocrx_word' id='word_1_181' title='bbox 716 1838 840 1867; x_wconf 90' lang='lat' dir='ltr'>nunc</span> <span class='ocrx_word' id='word_1_182' title='bbox 867 1833 912 1866; x_wconf 92' lang='lat' dir='ltr'>et</span> <span class='ocrx_word' id='word_1_183' title='bbox 937 1827 1186 1866; x_wconf 92' lang='lat' dir='ltr'>nonnullos</span> <span class='ocrx_word' id='word_1_184' title='bbox 1215 1826 1357 1866; x_wconf 87' lang='lat' dir='ltr'>etiam</span> <span class='ocrx_word' id='word_1_185' title='bbox 1384 1832 1434 1865; x_wconf 93' lang='lat' dir='ltr'>ut</span> <span class='ocrx_word' id='word_1_186' title='bbox 1462 1826 1713 1876; x_wconf 89' lang='lat' dir='ltr'>collegium</span> <span class='ocrx_word' id='word_1_187' title='bbox 1744 1825 1825 1866; x_wconf 85' lang='lat' dir='ltr'>So-</span> 
     </span>
     <span class='ocr_line' id='line_1_25' title="bbox 173 1896 1825 1950; baseline -0.001 -12"><span class='ocrx_word' id='word_1_188' title='bbox 173 1898 357 1938; x_wconf 85' lang='lat' dir='ltr'>cietatis</span> <span class='ocrx_word' id='word_1_189' title='bbox 393 1898 633 1938; x_wconf 85' lang='lat' dir='ltr'>aedificari</span> <span class='ocrx_word' id='word_1_190' title='bbox 665 1898 828 1950; x_wconf 89' lang='lat' dir='ltr'>possit,</span> <span class='ocrx_word' id='word_1_191' title='bbox 861 1898 1029 1938; x_wconf 77' lang='lat' dir='ltr'>obnixe</span> <span class='ocrx_word' id='word_1_192' title='bbox 1064 1898 1194 1949; x_wconf 90' lang='lat' dir='ltr'>petit,</span> <span class='ocrx_word' id='word_1_193' title='bbox 1228 1897 1318 1947; x_wconf 89' lang='lat' dir='ltr'>cui,</span> <span class='ocrx_word' id='word_1_194' title='bbox 1355 1903 1453 1937; x_wconf 92' lang='lat' dir='ltr'>tum</span> <span class='ocrx_word' id='word_1_195' title='bbox 1482 1897 1606 1949; x_wconf 89' lang='lat' dir='ltr'>quod</span> <span class='ocrx_word' id='word_1_196' title='bbox 1636 1909 1663 1936; x_wconf 93' lang='lat' dir='ltr'>a</span> <span class='ocrx_word' id='word_1_197' title='bbox 1694 1896 1825 1948; x_wconf 90' lang='lat' dir='ltr'>Rege</span> 
     </span>
     <span class='ocr_line' id='line_1_26' title="bbox 173 1968 1824 2020; baseline -0.001 -11"><span class='ocrx_word' id='word_1_198' title='bbox 173 1969 407 2010; x_wconf 89' lang='lat' dir='ltr'>secundus</span> <span class='ocrx_word' id='word_1_199' title='bbox 428 1970 476 2009; x_wconf 89' lang='lat' dir='ltr'>in</span> <span class='ocrx_word' id='word_1_200' title='bbox 496 1969 740 2010; x_wconf 86' lang='lat' dir='ltr'>Lusitania</span> <span class='ocrx_word' id='word_1_201' title='bbox 762 1970 837 2019; x_wconf 90' lang='lat' dir='ltr'>sit,</span> <span class='ocrx_word' id='word_1_202' title='bbox 862 1976 960 2009; x_wconf 90' lang='lat' dir='ltr'>tum</span> <span class='ocrx_word' id='word_1_203' title='bbox 981 1969 1124 2009; x_wconf 89' lang='lat' dir='ltr'>etiam</span> <span class='ocrx_word' id='word_1_204' title='bbox 1145 1969 1270 2020; x_wconf 90' lang='lat' dir='ltr'>quod</span> <span class='ocrx_word' id='word_1_205' title='bbox 1291 1975 1423 2009; x_wconf 87' lang='lat' dir='ltr'>tanta</span> <span class='ocrx_word' id='word_1_206' title='bbox 1444 1969 1621 2009; x_wconf 81' lang='lat' dir='ltr'>virtute</span> <span class='ocrx_word' id='word_1_207' title='bbox 1643 1968 1824 2020; x_wconf 90' lang='lat' dir='ltr'>praedi-</span> 
     </span>
     <span class='ocr_line' id='line_1_27' title="bbox 174 2041 1053 2092; baseline 0 -11"><span class='ocrx_word' id='word_1_208' title='bbox 174 2047 263 2092; x_wconf 86' lang='lat' dir='ltr'>tus,</span> <span class='ocrx_word' id='word_1_209' title='bbox 288 2041 493 2081; x_wconf 79' lang='lat' dir='ltr'>maxime</span> <span class='ocrx_word' id='word_1_210' title='bbox 514 2041 788 2081; x_wconf 83' lang='lat' dir='ltr'>satisfacere</span> <span class='ocrx_word' id='word_1_211' title='bbox 810 2053 1053 2081; x_wconf 89' lang='lat' dir='ltr'>conamur.</span> 
     </span>
    </p>

    <p class='ocr_par' dir='ltr' id='par_1_6' title="bbox 172 2111 1827 3018">
     <span class='ocr_line' id='line_1_28' title="bbox 253 2111 1819 2164; baseline -0.001 -12"><span class='ocrx_word' id='word_1_212' title='bbox 253 2112 369 2152; x_wconf 89' lang='lat' dir='ltr'>Erat</span> <span class='ocrx_word' id='word_1_213' title='bbox 390 2112 437 2152; x_wconf 90' lang='lat' dir='ltr'>in</span> <span class='ocrx_word' id='word_1_214' title='bbox 459 2111 689 2152; x_wconf 87' lang='lat' dir='ltr'>Almeirin</span> <span class='ocrx_word' id='word_1_215' title='bbox 712 2112 883 2164; x_wconf 88' lang='lat' dir='ltr'>oppido</span> <span class='ocrx_word' id='word_1_216' title='bbox 903 2112 1070 2152; x_wconf 88' lang='lat' dir='ltr'>domus</span> <span class='ocrx_word' id='word_1_217' title='bbox 1089 2112 1322 2164; x_wconf 89' lang='lat' dir='ltr'>quaedam</span> <span class='ocrx_word' id='word_1_218' title='bbox 1339 2111 1555 2151; x_wconf 84' lang='lat' dir='ltr'>Patribus</span> <span class='ocrx_word' id='word_1_219' title='bbox 1573 2112 1643 2161; x_wconf 91' lang='lat' dir='ltr'>iis,</span> <span class='ocrx_word' id='word_1_220' title='bbox 1665 2111 1743 2162; x_wconf 91' lang='lat' dir='ltr'>qui</span> <span class='ocrx_word' id='word_1_221' title='bbox 1764 2122 1819 2151; x_wconf 91' lang='lat' dir='ltr'>eo</span> 
     </span>
     <span class='ocr_line' id='line_1_29' title="bbox 175 2175 1827 2235; baseline -0.001 -12"><span class='ocrx_word' id='word_1_222' title='bbox 175 2184 313 2223; x_wconf 90' lang='lat' dir='ltr'>simul</span> <span class='ocrx_word' id='word_1_223' title='bbox 335 2195 441 2223; x_wconf 92' lang='lat' dir='ltr'>cum</span> <span class='ocrx_word' id='word_1_224' title='bbox 464 2184 595 2224; x_wconf 86' lang='lat' dir='ltr'>curia</span> <span class='ocrx_word' id='word_1_225' title='bbox 617 2184 977 2235; x_wconf 81' lang='lat' dir='ltr'>conveniebant,</span> <span class='ocrx_word' id='word_1_226' title='bbox 1002 2184 1265 2233; x_wconf 88' lang='lat' dir='ltr'>aedificata;</span> <span class='ocrx_word' id='word_1_227' title='bbox 1290 2183 1490 2224; x_wconf 89' lang='lat' dir='ltr'>cuicum</span> <span class='ocrx_word' id='word_1_228' title='bbox 1506 2175 1738 2234; x_wconf 84' lang='lat' dir='ltr'>quaedam</span> <span class='ocrx_word' id='word_1_229' title='bbox 1757 2183 1827 2222; x_wconf 90' lang='lat' dir='ltr'>in-</span> 
     </span>
     <span class='ocr_line' id='line_1_30' title="bbox 175 2254 1825 2306; baseline -0.001 -12"><span class='ocrx_word' id='word_1_230' title='bbox 175 2255 319 2294; x_wconf 85' lang='lat' dir='ltr'>fantis</span> <span class='ocrx_word' id='word_1_231' title='bbox 338 2254 533 2306; x_wconf 84' lang='lat' dir='ltr'>Mariae,</span> <span class='ocrx_word' id='word_1_232' title='bbox 558 2255 737 2295; x_wconf 85' lang='lat' dir='ltr'>sororis</span> <span class='ocrx_word' id='word_1_233' title='bbox 756 2254 916 2306; x_wconf 86' lang='lat' dir='ltr'>Regis,</span> <span class='ocrx_word' id='word_1_234' title='bbox 941 2254 1106 2294; x_wconf 89' lang='lat' dir='ltr'>domus</span> <span class='ocrx_word' id='word_1_235' title='bbox 1124 2254 1348 2306; x_wconf 91' lang='lat' dir='ltr'>contigua</span> <span class='ocrx_word' id='word_1_236' title='bbox 1367 2260 1506 2304; x_wconf 90' lang='lat' dir='ltr'>esset,</span> <span class='ocrx_word' id='word_1_237' title='bbox 1526 2265 1630 2293; x_wconf 91' lang='lat' dir='ltr'>eam</span> <span class='ocrx_word' id='word_1_238' title='bbox 1647 2254 1725 2293; x_wconf 89' lang='lat' dir='ltr'>illa</span> <span class='ocrx_word' id='word_1_239' title='bbox 1744 2265 1825 2293; x_wconf 91' lang='lat' dir='ltr'>no-</span> 
     </span>
     <span class='ocr_line' id='line_1_31' title="bbox 174 2325 1823 2377; baseline -0.001 -11"><span class='ocrx_word' id='word_1_240' title='bbox 174 2333 303 2366; x_wconf 87' lang='lat' dir='ltr'>strae</span> <span class='ocrx_word' id='word_1_241' title='bbox 324 2326 537 2366; x_wconf 79' lang='lat' dir='ltr'>adiunxit</span> <span class='ocrx_word' id='word_1_242' title='bbox 557 2333 602 2366; x_wconf 91' lang='lat' dir='ltr'>et</span> <span class='ocrx_word' id='word_1_243' title='bbox 623 2326 829 2377; x_wconf 88' lang='lat' dir='ltr'>tradidit,</span> <span class='ocrx_word' id='word_1_244' title='bbox 854 2334 902 2366; x_wconf 92' lang='lat' dir='ltr'>ut</span> <span class='ocrx_word' id='word_1_245' title='bbox 923 2327 1062 2366; x_wconf 86' lang='lat' dir='ltr'>latior</span> <span class='ocrx_word' id='word_1_246' title='bbox 1084 2332 1246 2366; x_wconf 91' lang='lat' dir='ltr'>nostra</span> <span class='ocrx_word' id='word_1_247' title='bbox 1268 2325 1399 2366; x_wconf 89' lang='lat' dir='ltr'>fieret</span> <span class='ocrx_word' id='word_1_248' title='bbox 1423 2332 1563 2376; x_wconf 89' lang='lat' dir='ltr'>atque</span> <span class='ocrx_word' id='word_1_249' title='bbox 1585 2325 1823 2376; x_wconf 88' lang='lat' dir='ltr'>capacior.</span> 
     </span>
     <span class='ocr_line' id='line_1_32' title="bbox 174 2395 1825 2450; baseline -0.001 -14"><span class='ocrx_word' id='word_1_250' title='bbox 174 2397 421 2450; x_wconf 82' lang='lat' dir='ltr'>Templum</span> <span class='ocrx_word' id='word_1_251' title='bbox 455 2404 700 2448; x_wconf 85' lang='lat' dir='ltr'>praeterea</span> <span class='ocrx_word' id='word_1_252' title='bbox 727 2398 1117 2449; x_wconf 86' lang='lat' dir='ltr'>pulcherrimum,</span> <span class='ocrx_word' id='word_1_253' title='bbox 1149 2396 1272 2449; x_wconf 92' lang='lat' dir='ltr'>quod</span> <span class='ocrx_word' id='word_1_254' title='bbox 1301 2397 1348 2436; x_wconf 89' lang='lat' dir='ltr'>in</span> <span class='ocrx_word' id='word_1_255' title='bbox 1377 2395 1627 2436; x_wconf 84' lang='lat' dir='ltr'>Santarem</span> <span class='ocrx_word' id='word_1_256' title='bbox 1655 2395 1825 2447; x_wconf 90' lang='lat' dir='ltr'>oppido</span> 
     </span>
     <span class='ocr_line' id='line_1_33' title="bbox 175 2467 1826 2520; baseline -0.001 -13"><span class='ocrx_word' id='word_1_257' title='bbox 175 2468 398 2520; x_wconf 90' lang='lat' dir='ltr'>possidet,</span> <span class='ocrx_word' id='word_1_258' title='bbox 423 2468 556 2508; x_wconf 88' lang='lat' dir='ltr'>nobis</span> <span class='ocrx_word' id='word_1_259' title='bbox 584 2469 762 2508; x_wconf 87' lang='lat' dir='ltr'>obtulit.</span> <span class='ocrx_word' id='word_1_260' title='bbox 792 2469 950 2509; x_wconf 85' lang='lat' dir='ltr'>Infans</span> <span class='ocrx_word' id='word_1_261' title='bbox 979 2475 1227 2520; x_wconf 86' lang='lat' dir='ltr'>praeterea</span> <span class='ocrx_word' id='word_1_262' title='bbox 1255 2467 1443 2508; x_wconf 87' lang='lat' dir='ltr'>Card.lis</span> <span class='ocrx_word' id='word_1_263' title='bbox 1472 2467 1673 2516; x_wconf 87' lang='lat' dir='ltr'>Eborae,</span> <span class='ocrx_word' id='word_1_264' title='bbox 1707 2477 1826 2518; x_wconf 91' lang='lat' dir='ltr'>quae</span> 
     </span>
     <span class='ocr_line' id='line_1_34' title="bbox 173 2539 1826 2592; baseline -0.001 -13"><span class='ocrx_word' id='word_1_265' title='bbox 173 2540 246 2579; x_wconf 90' lang='lat' dir='ltr'>sui</span> <span class='ocrx_word' id='word_1_266' title='bbox 268 2539 703 2591; x_wconf 87' lang='lat' dir='ltr'>archiepiscopatus</span> <span class='ocrx_word' id='word_1_267' title='bbox 725 2540 999 2592; x_wconf 86' lang='lat' dir='ltr'>metropolis</span> <span class='ocrx_word' id='word_1_268' title='bbox 1020 2546 1106 2591; x_wconf 91' lang='lat' dir='ltr'>est,</span> <span class='ocrx_word' id='word_1_269' title='bbox 1132 2539 1395 2590; x_wconf 90' lang='lat' dir='ltr'>Collegium</span> <span class='ocrx_word' id='word_1_270' title='bbox 1416 2539 1693 2578; x_wconf 87' lang='lat' dir='ltr'>decreverat</span> <span class='ocrx_word' id='word_1_271' title='bbox 1720 2549 1826 2578; x_wconf 92' lang='lat' dir='ltr'>con-</span> 
     </span>
     <span class='ocr_line' id='line_1_35' title="bbox 174 2609 1825 2663; baseline -0.001 -13"><span class='ocrx_word' id='word_1_272' title='bbox 174 2610 300 2661; x_wconf 88' lang='lat' dir='ltr'>dere,</span> <span class='ocrx_word' id='word_1_273' title='bbox 325 2611 511 2663; x_wconf 90' lang='lat' dir='ltr'>iamque</span> <span class='ocrx_word' id='word_1_274' title='bbox 534 2611 633 2651; x_wconf 87' lang='lat' dir='ltr'>eius</span> <span class='ocrx_word' id='word_1_275' title='bbox 655 2611 882 2661; x_wconf 87' lang='lat' dir='ltr'>aedificia,</span> <span class='ocrx_word' id='word_1_276' title='bbox 909 2612 1085 2662; x_wconf 89' lang='lat' dir='ltr'>optima</span> <span class='ocrx_word' id='word_1_277' title='bbox 1116 2611 1325 2662; x_wconf 90' lang='lat' dir='ltr'>quidem,</span> <span class='ocrx_word' id='word_1_278' title='bbox 1352 2621 1497 2661; x_wconf 88' lang='lat' dir='ltr'>prope</span> <span class='ocrx_word' id='word_1_279' title='bbox 1529 2616 1664 2649; x_wconf 86' lang='lat' dir='ltr'>erant</span> <span class='ocrx_word' id='word_1_280' title='bbox 1693 2609 1825 2648; x_wconf 84' lang='lat' dir='ltr'>abso-</span> 
     </span>
     <span class='ocr_line' id='line_1_36' title="bbox 172 2681 1822 2734; baseline -0.001 -12"><span class='ocrx_word' id='word_1_281' title='bbox 172 2683 285 2722; x_wconf 88' lang='lat' dir='ltr'>luta:</span> <span class='ocrx_word' id='word_1_282' title='bbox 310 2693 416 2722; x_wconf 92' lang='lat' dir='ltr'>cum</span> <span class='ocrx_word' id='word_1_283' title='bbox 437 2694 552 2722; x_wconf 78' lang='lat' dir='ltr'>vero</span> <span class='ocrx_word' id='word_1_284' title='bbox 570 2694 730 2722; x_wconf 88' lang='lat' dir='ltr'>mense</span> <span class='ocrx_word' id='word_1_285' title='bbox 750 2682 955 2734; x_wconf 89' lang='lat' dir='ltr'>Augusti</span> <span class='ocrx_word' id='word_1_286' title='bbox 976 2682 1210 2734; x_wconf 88' lang='lat' dir='ltr'>superiori</span> <span class='ocrx_word' id='word_1_287' title='bbox 1229 2681 1279 2722; x_wconf 89' lang='lat' dir='ltr'>P.</span> <span class='ocrx_word' id='word_1_288' title='bbox 1304 2681 1485 2722; x_wconf 87' lang='lat' dir='ltr'>Natalis</span> <span class='ocrx_word' id='word_1_289' title='bbox 1514 2693 1568 2721; x_wconf 93' lang='lat' dir='ltr'>eo</span> <span class='ocrx_word' id='word_1_290' title='bbox 1597 2681 1822 2730; x_wconf 85' lang='lat' dir='ltr'>venisset,</span> 
     </span>
     <span class='ocr_line' id='line_1_37' title="bbox 175 2748 1821 2806; baseline -0.002 -12"><span class='ocrx_word' id='word_1_291' title='bbox 175 2766 265 2806; x_wconf 91' lang='lat' dir='ltr'>quo</span> <span class='ocrx_word' id='word_1_292' title='bbox 293 2754 510 2796; x_wconf 87' lang='lat' dir='ltr'>omnibus</span> <span class='ocrx_word' id='word_1_293' title='bbox 536 2754 583 2793; x_wconf 90' lang='lat' dir='ltr'>in</span> <span class='ocrx_word' id='word_1_294' title='bbox 610 2748 754 2794; x_wconf 85' lang='lat' dir='ltr'>rebus</span> <span class='ocrx_word' id='word_1_295' title='bbox 771 2754 889 2794; x_wconf 88' lang='lat' dir='ltr'>duce</span> <span class='ocrx_word' id='word_1_296' title='bbox 916 2754 989 2794; x_wconf 92' lang='lat' dir='ltr'>usi</span> <span class='ocrx_word' id='word_1_297' title='bbox 1018 2766 1195 2804; x_wconf 76' lang='lat' dir='ltr'>sumuS,</span> <span class='ocrx_word' id='word_1_298' title='bbox 1224 2765 1310 2805; x_wconf 87' lang='lat' dir='ltr'>pro</span> <span class='ocrx_word' id='word_1_299' title='bbox 1331 2764 1447 2793; x_wconf 80' lang='lat' dir='ltr'>Vero</span> <span class='ocrx_word' id='word_1_300' title='bbox 1469 2753 1657 2804; x_wconf 87' lang='lat' dir='ltr'>spiritu,</span> <span class='ocrx_word' id='word_1_301' title='bbox 1682 2763 1821 2803; x_wconf 91' lang='lat' dir='ltr'>quem</span> 
     </span>
     <span class='ocr_line' id='line_1_38' title="bbox 174 2823 1821 2876; baseline -0.002 -11"><span class='ocrx_word' id='word_1_302' title='bbox 174 2826 239 2866; x_wconf 90' lang='lat' dir='ltr'>illi</span> <span class='ocrx_word' id='word_1_303' title='bbox 260 2826 491 2867; x_wconf 88' lang='lat' dir='ltr'>Dominus</span> <span class='ocrx_word' id='word_1_304' title='bbox 514 2825 618 2876; x_wconf 91' lang='lat' dir='ltr'>Opt.</span> <span class='ocrx_word' id='word_1_305' title='bbox 643 2825 769 2865; x_wconf 81' lang='lat' dir='ltr'>Max.</span> <span class='ocrx_word' id='word_1_306' title='bbox 794 2825 980 2875; x_wconf 86' lang='lat' dir='ltr'>infudit,</span> <span class='ocrx_word' id='word_1_307' title='bbox 1012 2825 1199 2865; x_wconf 83' lang='lat' dir='ltr'>Card.1iS</span> <span class='ocrx_word' id='word_1_308' title='bbox 1216 2824 1478 2874; x_wconf 88' lang='lat' dir='ltr'>Collegium</span> <span class='ocrx_word' id='word_1_309' title='bbox 1504 2823 1638 2863; x_wconf 91' lang='lat' dir='ltr'>nobis</span> <span class='ocrx_word' id='word_1_310' title='bbox 1666 2823 1821 2863; x_wconf 90' lang='lat' dir='ltr'>simul-</span> 
     </span>
     <span class='ocr_line' id='line_1_39' title="bbox 172 2893 1826 2949; baseline -0.003 -11"><span class='ocrx_word' id='word_1_311' title='bbox 172 2909 263 2949; x_wconf 89' lang='lat' dir='ltr'>que</span> <span class='ocrx_word' id='word_1_312' title='bbox 286 2898 408 2938; x_wconf 89' lang='lat' dir='ltr'>mille</span> <span class='ocrx_word' id='word_1_313' title='bbox 434 2908 687 2938; x_wconf 88' lang='lat' dir='ltr'>aureorum</span> <span class='ocrx_word' id='word_1_314' title='bbox 715 2896 926 2936; x_wconf 90' lang='lat' dir='ltr'>redditus</span> <span class='ocrx_word' id='word_1_315' title='bbox 954 2896 1185 2948; x_wconf 88' lang='lat' dir='ltr'>praebuit.</span> <span class='ocrx_word' id='word_1_316' title='bbox 1219 2895 1441 2935; x_wconf 86' lang='lat' dir='ltr'>Divisum</span> <span class='ocrx_word' id='word_1_317' title='bbox 1470 2906 1585 2935; x_wconf 88' lang='lat' dir='ltr'>vero</span> <span class='ocrx_word' id='word_1_318' title='bbox 1618 2893 1826 2946; x_wconf 77' lang='lat' dir='ltr'>Gymna—</span> 
     </span>
     <span class='ocr_line' id='line_1_40' title="bbox 173 2965 1823 3018; baseline -0.002 -10"><span class='ocrx_word' id='word_1_319' title='bbox 173 2968 294 3008; x_wconf 89' lang='lat' dir='ltr'>sium</span> <span class='ocrx_word' id='word_1_320' title='bbox 330 2976 399 3008; x_wconf 92' lang='lat' dir='ltr'>est</span> <span class='ocrx_word' id='word_1_321' title='bbox 428 2969 475 3008; x_wconf 91' lang='lat' dir='ltr'>in</span> <span class='ocrx_word' id='word_1_322' title='bbox 506 2975 603 3008; x_wconf 89' lang='lat' dir='ltr'>tres</span> <span class='ocrx_word' id='word_1_323' title='bbox 637 2968 973 3018; x_wconf 90' lang='lat' dir='ltr'>grammatices</span> <span class='ocrx_word' id='word_1_324' title='bbox 1001 2969 1193 3018; x_wconf 90' lang='lat' dir='ltr'>classes,</span> <span class='ocrx_word' id='word_1_325' title='bbox 1232 2978 1374 3006; x_wconf 91' lang='lat' dir='ltr'>unam</span> <span class='ocrx_word' id='word_1_326' title='bbox 1401 2977 1516 3006; x_wconf 89' lang='lat' dir='ltr'>vero</span> <span class='ocrx_word' id='word_1_327' title='bbox 1548 2965 1823 3016; x_wconf 89' lang='lat' dir='ltr'>rhetorices,</span> 
     </span>
    </p>
   </div>
  </div>
 </body>
</html>
