2080 3392
848 183 931 220 AN.
964 183 1056 220 1554
1722 183 1794 221 559

148 291 290 331 aegre
316 279 517 329 ferebat,
549 286 592 319 et
621 280 767 331 ipsius
796 291 992 320 uxorem
1022 279 1119 331 jam
1145 280 1414 331 poenitebat
1445 280 1570 331 quod
1600 280 1789 320 veniam

145 350 346 391 abeundi
368 351 586 391 dedisset.
611 350 661 390 In
683 350 782 402 ejus
801 362 917 391 vero
939 350 1094 390 Patris
1120 350 1272 390 reditu
1301 361 1475 401 magna
1505 362 1611 403 spes
1644 350 1789 391 futuri

145 423 255 463 boni
282 423 488 474 reposita
516 429 607 472 est,
630 434 741 462 nam
767 423 931 463 eadem
961 422 1108 462 Ducis
1136 434 1279 471 uxor,
1309 434 1394 474 pro
1424 429 1533 463 tunc
1564 423 1791 474 temporis

145 495 237 534 duo
260 505 310 534 se
330 494 564 534 facturam
584 494 908 546 pollicebatur;
932 494 1084 546 primo
1115 496 1258 534 semel
1286 495 1333 534 in
1364 506 1523 534 mense
1554 495 1792 546 poeniten-

146 566 238 605 tiae
261 571 612 605 sacramentum
633 564 883 615 adituram,
908 564 1073 605 deinde
1096 571 1142 605 ut
1164 565 1264 617 ipse
1286 565 1427 605 Pater
1458 565 1621 606 diebus
1650 566 1794 606 domi-

145 637 264 677 nicis
286 636 562 676 concionem
578 635 771 675 haberet
789 635 877 675 sibi
893 641 938 675 et
955 636 1026 686 iis,
1047 636 1124 687 qui
1142 636 1265 687 apud
1284 648 1333 676 se
1352 637 1398 676 in
1417 637 1523 677 aula
1542 644 1664 677 sunt.
1684 636 1791 687 Sed,

147 713 401 758 antequam
432 707 717 747 destinatum
753 706 840 746 iter
878 706 1229 757 ingrederetur,
1271 708 1534 759 negotium,
1573 708 1697 759 quod
1737 708 1795 748 de

145 777 202 818 D.
226 778 446 830 Joannini
469 777 584 817 aede
605 777 739 817 nobis
761 777 1072 817 adscribenda
1095 778 1387 828 agitabatur,
1412 791 1466 819 eo
1488 779 1723 830 perduxit,
1745 786 1794 820 ut

145 848 191 888 id
225 848 493 900 expeditum
529 848 887 900 confectumque
923 848 1111 888 omnino
1148 860 1404 900 speremus.
1442 849 1539 890 Nos
1569 863 1711 902 porro
1748 851 1796 891 in

146 920 205 960 D.
235 920 455 973 Joannini
484 920 673 960 domum
698 919 762 959 3.0
791 919 888 960 Cal.
921 918 1201 959 Novembris
1229 921 1670 973 commigravimus,
1704 934 1795 974 quo

147 998 357 1043 tempore
384 991 506 1032 R.du⁵
527 991 576 1031 P.
607 991 879 1032 Ludovicus
908 991 1222 1031 concionandi
1253 1003 1422 1032 munus
1452 993 1628 1034 dudum
1655 994 1794 1034 inter-

150 1063 345 1103 missum
376 1063 647 1114 renovavit,
680 1069 724 1103 et
751 1062 939 1114 quidem
967 1061 1134 1114 majori
1162 1075 1303 1114 quam
1333 1070 1471 1103 antea
1498 1065 1658 1115 populi
1689 1077 1796 1105 con-

147 1141 291 1174 ventu
313 1135 437 1185 (sive
459 1141 625 1186 sponte
652 1134 846 1186 propria
878 1146 934 1174 ac
961 1134 1134 1186 pietate
1169 1133 1456 1185 adducente,
1491 1135 1591 1175 sive
1623 1137 1794 1176 summi

149 1206 311 1257 templi
333 1206 668 1246 concionatore
694 1205 741 1245 id
761 1205 1055 1257 impetrante,
1080 1217 1190 1245 nam
1221 1205 1512 1257 frequentem
1544 1207 1796 1247 multitudi-

150 1289 256 1317 nem
277 1283 347 1317 est
370 1277 648 1317 adhortatus
669 1283 718 1317 ut
740 1277 965 1328 templum
986 1284 1199 1316 nostrum
1220 1276 1371 1317 adiret
1399 1284 1443 1317 et
1473 1278 1796 1328 concionibus,

150 1360 269 1400 quae
286 1349 333 1388 in
351 1360 405 1388 eo
426 1348 728 1399 haberentur,
747 1348 1026 1398 interesset).
1048 1348 1227 1388 Verum
1244 1361 1337 1388 non
1355 1350 1498 1389 multo
1517 1356 1620 1401 post
1634 1350 1680 1390 in
1694 1362 1799 1390 con-

148 1419 297 1460 cionis
318 1421 476 1460 locum
499 1419 740 1459 Psalmum
759 1419 813 1458 50
833 1419 1152 1460 enarrandum
1174 1421 1317 1471 elegit
1338 1420 1492 1460 Pater.
1518 1419 1634 1473 Spes
1662 1434 1793 1470 verO,

150 1503 291 1543 quam
313 1503 699 1544 conceperamus,
723 1491 779 1532 de
798 1492 999 1532 utilitate
1017 1492 1064 1531 in
1082 1504 1381 1532 communem
1398 1494 1598 1533 salutem
1615 1504 1798 1544 proma-

154 1569 345 1614 natura,
379 1563 417 1603 si
448 1563 636 1615 quando
669 1562 867 1614 alicujus
901 1563 1062 1614 templi
1088 1564 1216 1603 nacti
1245 1575 1455 1603 essemus
1492 1565 1799 1605 commodita-

149 1641 269 1685 tem,
295 1646 383 1675 nos
416 1641 542 1675 certe
570 1646 666 1674 non
692 1633 872 1683 fefellit3
904 1646 1034 1685 nam,
1064 1641 1114 1675 ut
1144 1642 1251 1675 ante
1284 1636 1519 1686 dicebam,
1545 1638 1795 1678 multorum

150 1706 470 1747 confessiones
493 1712 600 1746 sunt
621 1706 822 1757 auditae,
842 1713 886 1747 et
903 1706 1000 1747 fere
1017 1706 1223 1759 quotidie
1242 1708 1590 1757 (nonnullorum
1615 1709 1797 1758 saltem)

151 1778 423 1830 audiuntur;
448 1791 534 1818 nec
563 1779 716 1819 minus
742 1790 852 1818 raro
880 1785 1240 1819 sacrosanctum
1267 1778 1441 1819 Christi
1470 1792 1642 1832 corpus
1673 1782 1799 1821 exhi-

152 1850 287 1890 betur
309 1850 655 1890 accedentibus.
679 1850 803 1890 Inter
831 1849 1175 1890 hebdomadam
1202 1853 1347 1890 semel
1375 1851 1497 1891 idem
1525 1851 1597 1892 Pr
1626 1853 1801 1904 aliquid

153 1933 212 1961 ex
229 1922 486 1961 christiana
504 1921 718 1961 doctrina
735 1921 1032 1961 scholasticis
1049 1922 1233 1973 publice
1251 1923 1465 1974 exponit,
1486 1923 1561 1963 cui
1576 1924 1800 1975 interpre—

155 1994 323 2034 tationi
343 1994 483 2034 etiam
505 1994 585 2034 alii
606 1994 837 2034 intersunt
859 2005 913 2033 ac
937 1993 1229 2034 delectantur
1251 1995 1478 2035 maxime:
1502 1996 1566 2035 ita
1589 1996 1712 2036 enim
1730 2008 1805 2036 ex-

157 2067 320 2118 plicat,
344 2072 393 2105 ut
414 2066 593 2115 omnia,
622 2066 767 2105 veluti
790 2065 836 2105 in
859 2065 1014 2117 capita
1033 2065 1265 2117 quaedam
1283 2066 1460 2118 divisa,
1480 2068 1611 2118 pueri
1632 2080 1803 2108 memo-

157 2139 255 2178 riae
278 2137 499 2177 mandent
521 2137 705 2177 facilius
734 2149 788 2177 ac
820 2138 1045 2177 mandata
1076 2138 1307 2178 retineant
1338 2138 1532 2179 fidelius.
1559 2139 1650 2179 Uni
1670 2152 1802 2191 repo-

159 2209 324 2259 scenti,
348 2209 511 2249 eodem
533 2209 715 2258 ordine,
750 2209 829 2260 qui
857 2208 1154 2259 audiverunt,
1185 2210 1342 2260 palam
1370 2211 1555 2261 singula
1584 2211 1798 2251 reddunt.

159 2281 337 2321 Diebus
358 2287 536 2330 autem,
567 2280 733 2331 quibus
762 2279 962 2320 Davidis
987 2279 1202 2320 Psalmus
1232 2281 1588 2332 interpretatur,
1624 2282 1714 2322 duo
1743 2294 1803 2322 ex

159 2351 453 2391 scholasticis
476 2351 717 2390 doctrinae
740 2351 1026 2391 christianae
1044 2358 1240 2402 partem,
1262 2356 1368 2391 ante
1392 2351 1490 2403 ejus
1508 2353 1719 2393 lectionis
1737 2353 1805 2393 in-

159 2435 391 2475 gressum,
416 2423 471 2462 de
494 2423 659 2463 altiore
679 2424 783 2462 loco
801 2423 1072 2463 memoriter
1093 2424 1416 2475 pronuntiant.
1450 2424 1581 2475 Quae
1604 2437 1678 2465 res
1709 2437 1804 2466 ma-

161 2506 304 2546 gnam
326 2494 539 2534 omnibus
567 2494 701 2534 affert
733 2495 1093 2534 admirationem
1122 2507 1216 2534 non
1247 2495 1430 2545 minori,
1465 2503 1513 2535 ut
1542 2508 1802 2548 speramus,

163 2567 351 2607 utilitati
377 2565 691 2617 conjunctam.
885 2606 890 2611 ,

240 2638 291 2678 In
308 2649 484 2678 novum
502 2637 788 2678 domicilium
804 2637 938 2677 nobis
955 2638 1060 2688 (sic)
1072 2638 1149 2678 ubi
1166 2639 1395 2688 venimus,
1412 2639 1467 2679 de
1486 2639 1805 2680 instaurandis

162 2721 346 2761 quoque
366 2709 610 2748 literarum
632 2708 797 2748 studiis
821 2709 1061 2760 coepimus
1083 2710 1310 2761 cogitare:
1345 2710 1501 2761 itaque
1534 2710 1606 2750 die
1635 2710 1689 2751 20
1718 2711 1804 2751 No-

161 2781 368 2821 vembris
391 2780 564 2832 aliquot
587 2780 911 2820 adolescentes
934 2792 1110 2831 eorum,
1131 2781 1208 2832 qui
1226 2781 1272 2820 in
1291 2787 1452 2821 nostro
1470 2782 1577 2821 ludo
1594 2782 1805 2822 literario

162 2864 212 2892 sc
234 2858 469 2901 exercent,
492 2851 628 2891 varia
651 2851 862 2891 carmina
882 2851 1105 2903 pietatem
1125 2852 1345 2892 habentia
1374 2853 1647 2893 recitarunt.
1671 2854 1807 2895 Unus

164 2924 426 2963 orationem
446 2923 622 2973 habuit;
652 2930 759 2974 post
786 2923 877 2962 duo
912 2922 1186 2974 subsequuti
1214 2929 1321 2963 sunt
1350 2923 1405 2963 de
1441 2923 1654 2965 doctrina
1688 2927 1807 2966 chri-

166 2995 318 3035 stiana
355 3008 404 3038 se
442 2995 791 3045 interrogantes
819 3005 875 3033 ac
906 2994 1257 3046 respondentes.
1284 2994 1399 3035 Rem
1428 3007 1543 3035 vero
1576 2999 1807 3038 conclusit
