2080 3392
274 169 344 205 490
784 167 1013 205 LITTERAE
1040 177 1396 210 QUADRiMEs'rREs

273 265 476 304 maxime
497 264 543 303 in
565 262 1003 314 circumjacentibus
1024 263 1182 314 pagiS,
1205 263 1302 314 qui,
1327 263 1648 303 sacerdotibus
1679 264 1901 314 destituti,

275 335 333 375 ad
354 346 461 384 nos,
485 334 763 385 praesertim
791 334 838 373 in
864 333 995 373 festis
1024 334 1326 384 solemnibus,
1357 339 1633 383 accurrunt,
1668 333 1903 374 humiliter

276 410 484 456 petentes
504 410 554 444 ut
574 405 722 444 nostri
744 416 798 444 eo
821 404 1128 455 contendant,
1154 404 1363 444 divinum
1385 405 1535 443 acturi
1565 404 1780 444 officium.
1813 404 1902 444 Ho—

274 487 376 515 rum
411 475 499 526 piis
533 480 671 526 atque
706 475 822 514 adeo
853 473 988 525 Justis
1023 475 1341 526 petitionibus,
1381 475 1468 514 etsi
1497 487 1590 515 non
1628 476 1816 514 omnino
1846 476 1904 515 ob

273 546 573 586 sacerdotum
594 546 860 597 penuriam,
884 552 1060 597 tamen,
1085 553 1134 586 ut
1154 546 1410 597 potuimus,
1433 546 1706 586 satisfacere
1729 545 1902 586 studui-

273 628 390 657 mus.
425 616 579 668 Atque
607 617 672 656 ita
692 616 747 656 R.
770 616 818 656 P.
853 616 1111 656 Gaudanus
1134 614 1161 666 ¹,
1184 628 1275 656 uno
1301 622 1513 656 nostrum
1542 616 1811 665 comitatus,
1845 617 1904 657 ad

274 688 450 739 aliquot
480 699 630 739 pagos
658 688 704 727 in
730 687 803 727 his
832 687 1056 727 natalitiis
1090 687 1287 738 profecti
1321 693 1449 737 sunt,
1487 687 1563 738 qui
1599 692 1696 727 tum
1731 687 1901 727 sacrifi-

274 759 424 799 cando
445 764 543 799 tum
567 759 891 798 concionando
909 759 1133 809 populum
1155 757 1474 797 aedificarunt.

352 829 487 869 Aliae
522 841 705 881 quoque
734 835 832 869 tum
866 829 1093 880 plurimae
1128 835 1227 868 tum
1261 828 1571 879 gravissimae
1605 840 1699 868 non
1734 828 1900 868 desunt

272 901 629 951 occupationes,
664 900 830 951 quibus
865 900 914 940 P.
943 900 1094 939 nostri
1121 899 1430 939 distineantur
1456 905 1552 939 tam
1579 899 1725 950 ipsius
1758 898 1903 950 Regis

274 982 412 1022 quam
434 969 568 1022 hujus
591 972 741 1011 almae
761 971 1094 1011 Universitatis
1123 981 1280 1010 causa.
1317 970 1433 1010 Cum
1460 970 1584 1010 enim
1610 970 1741 1009 fieret
1768 981 1903 1021 quae-

273 1042 381 1081 dam
402 1041 538 1093 hujus
562 1041 896 1082 Universitatis
926 1041 1204 1081 instauratio
1236 1047 1374 1092 atque
1401 1041 1661 1081 studiorum
1695 1041 1905 1092 perutilis

273 1113 532 1164 renovatio,
557 1113 970 1164 congregabantur
992 1113 1166 1164 pariter
1186 1112 1233 1151 in
1255 1112 1376 1152 Aula
1407 1111 1579 1162 Regia,
1611 1118 1709 1151 tum
1736 1111 1903 1151 doctis-

272 1183 402 1234 simi,
426 1190 526 1224 tum
546 1184 804 1235 praecipui,
829 1183 966 1235 hujus
987 1183 1273 1223 Academiae
1301 1183 1392 1222 Viri
1424 1182 1513 1222 hac
1543 1183 1598 1222 de
1619 1194 1670 1222 re
1693 1182 1771 1222 diu
1793 1193 1902 1222 con-

272 1255 521 1305 sultantes,
557 1255 612 1295 de
645 1266 843 1306 quorum
874 1266 1067 1294 numero
1096 1254 1182 1294 fuit
1216 1253 1270 1293 R.
1302 1253 1351 1293 Ρ.
1383 1253 1619 1303 Canisius,
1660 1253 1737 1304 qui
1766 1253 1813 1293 in
1849 1264 1903 1293 eo

272 1326 462 1377 negotio
482 1326 557 1365 Vel
580 1332 705 1365 totos
727 1337 867 1377 saepe
890 1324 1181 1376 expendebat
1203 1325 1302 1364 dies
1323 1323 1353 1362 ‘·'.

351 1397 457 1447 Ipsa
492 1408 674 1448 quoque
709 1396 856 1446 Regia
890 1395 1113 1447 Majestas
1147 1396 1193 1435 in
1219 1395 1446 1447 gravibus
1473 1395 1568 1435 suis
1597 1401 1735 1446 atque
1770 1395 1905 1435 seriis

272 1468 474 1519 negotiis
505 1480 645 1519 saepe
672 1474 716 1507 et
744 1468 940 1507 libenter
970 1472 1236 1507 nostrorum
1268 1478 1412 1517 opera
1439 1472 1484 1506 et
1513 1466 1707 1506 consilio
1740 1466 1898 1506 utitur.

352 1539 493 1579 Hisce
514 1539 745 1579 accedunt
766 1540 991 1579 lectiones
1012 1538 1247 1589 publicae,
1271 1549 1389 1589 quae
1410 1549 1503 1577 non
1524 1537 1762 1577 minimam
1793 1543 1900 1577 tem—

271 1610 397 1661 poris
418 1616 600 1661 partem
621 1610 708 1649 sibi
730 1610 985 1650 vindicant.
1011 1608 1130 1649 Nam
1150 1615 1400 1660 postquam
1429 1608 1591 1648 Patres
1621 1608 1790 1658 nostri,
1826 1608 1901 1648 diu

272 1680 573 1721 reclamando
609 1680 855 1731 quominus
884 1680 931 1720 in
958 1680 1188 1730 gremium
1217 1679 1550 1719 Universitatis
1585 1678 1900 1718 adscisceren-

271 1757 360 1801 tur,
397 1751 509 1791 nihil
539 1751 816 1801 effecerunt,
854 1750 943 1790 duo
971 1750 1120 1802 Regia
1150 1751 1392 1790 voluntate
1424 1749 1665 1790 constituti
1693 1755 1799 1789 sunt
1829 1761 1897 1789 or-

272 1823 442 1863 dinarii
481 1835 725 1863 sacrarum
763 1823 1025 1863 litterarum
1058 1821 1371 1873 professores,
1410 1833 1575 1872 nempe
1610 1820 1703 1860 Rdi
1737 1819 1899 1860 Patres

271 1894 488 1935 Canisius
514 1900 558 1934 et
589 1894 867 1944 Gaudanus,
906 1904 1103 1945 quorum
1124 1893 1198 1933 hic
1233 1892 1425 1932 secundi
1459 1892 1675 1941 Magistri
1709 1891 1900 1932 Senten-

270 1966 440 2006 tiarum
463 1965 783 2017 pomeridiano
803 1971 1035 2016 tempore,
1060 1965 1134 2004 ille
1156 1964 1410 2003 secundum
1428 1963 1717 2003 Matthaeum
1744 1963 1895 2002 Evan-

272 2037 381 2088 gelii
412 2037 845 2087 interpretationem
894 2048 1028 2075 mane
1074 2035 1269 2074 feliciter
1307 2034 1560 2074 inchoavit.
1605 2032 1809 2083 Rursus,
1855 2039 1904 2072 ut

273 2108 470 2160 publicis
492 2108 656 2147 studiis
676 2107 828 2158 magis
850 2108 1114 2147 consultum
1133 2106 1267 2154 soret,
1300 2106 1455 2145 visum
1483 2112 1552 2144 est
1573 2104 1691 2155 Regi
1713 2116 1771 2144 ex
1793 2103 1903 2144 duo-

273 2180 382 2230 bus,
426 2179 504 2230 qui
544 2178 754 2229 Collegio
794 2178 1113 2230 professorum
1152 2187 1370 2228 praeesse
1416 2177 1588 2226 solent,
1631 2175 1904 2215 doctoribus

273 2250 557 2300 theologiae,
581 2251 780 2289 alterum
802 2260 1040 2289 assumere
1062 2248 1324 2298 Canisium,
1348 2247 1589 2297 nimirum,
1616 2246 1675 2286 ad
1697 2245 1905 2296 ejusdem

275 2321 470 2371 Collegii
492 2321 788 2371 disciplinam
809 2319 1187 2369 instaurandam,
1212 2324 1256 2358 et
1276 2330 1333 2358 ne
1355 2319 1401 2357 in
1429 2329 1482 2357 eo
1514 2317 1699 2368 quidem
1726 2316 1903 2367 Regiae

274 2392 504 2432 voluntati
537 2391 685 2443 potuit
721 2391 936 2431 Canisius
970 2401 1249 2441 repugnare.
1289 2388 1432 2439 Regis
1467 2389 1650 2428 animus
1681 2399 1821 2439 quam
1858 2387 1905 2426 in

275 2463 373 2502 dies
408 2473 522 2513 erga
550 2474 635 2502 nos
663 2462 815 2512 magis
845 2461 1074 2501 afficiatur
1103 2461 1178 2500 vel
1213 2461 1301 2500 hoc
1329 2472 1422 2500 non
1452 2460 1648 2499 obscure
1678 2458 1900 2508 declarat,

275 2533 398 2584 quod
427 2533 619 2574 Patrum
650 2540 694 2573 et
723 2533 921 2573 fratrum
950 2543 1193 2572 numerum
1221 2531 1366 2571 minui
1394 2542 1487 2570 non
1522 2530 1749 2580 patiatur,
1778 2528 1901 2568 unde

276 2617 381 2645 curn
402 2605 466 2644 illi
487 2604 795 2644 subolevisset
822 2602 1078 2655 principem
1099 2602 1346 2653 quemdam
1376 2601 1527 2641 moliri
1556 2607 1603 2640 ut
1635 2600 1814 2651 aliquos
1849 2611 1907 2639 ex

276 2675 485 2727 patribus
505 2675 612 2714 hinc
635 2675 726 2714 alio
748 2673 1020 2723 abduceret,
1046 2673 1203 2712 statim
1226 2673 1272 2712 id
1292 2684 1350 2712 ne
1377 2671 1507 2711 fieret
1537 2671 1734 2720 obstitit,
1769 2676 1907 2720 atque

277 2747 335 2786 ad
356 2752 485 2786 tuam
506 2746 650 2796 P.te111,
674 2751 723 2785 ut
744 2745 867 2785 nosti
888 2744 1074 2794 melius,
1098 2744 1257 2784 literas
1279 2743 1423 2793 misit,
1449 2742 1617 2794 quibus
1637 2747 1907 2781 nostrorum

334 2929 341 2947 ¹
383 2929 418 2955 P.
435 2929 595 2957 Nicolaus
610 2928 807 2956 Gaudanusr.

333 2976 345 2994 Ξ
385 2976 511 3003 Videas
523 2977 608 3004 haec
624 2976 657 3004 in
672 2977 831 3004 PoLANCI.
850 2974 1026 3007 Chronico,
1040 2979 1064 3002 t.
1079 2982 1127 3008 111,
1143 2983 1174 3009 p.
1190 2973 1252 3008 250,
1269 2982 1299 3001 n.
1314 2974 1376 3001 561.
