<?xml version="1.0" encoding="UTF-8"?>
<!DOCTYPE html PUBLIC "-//W3C//DTD XHTML 1.0 Transitional//EN"
    "http://www.w3.org/TR/xhtml1/DTD/xhtml1-transitional.dtd">
<html xmlns="http://www.w3.org/1999/xhtml" xml:lang="en" lang="en">
 <head>
  <title>
</title>
<meta http-equiv="Content-Type" content="text/html;charset=utf-8" />
  <meta name='ocr-system' content='tesseract 3.04.00' />
  <meta name='ocr-capabilities' content='ocr_page ocr_carea ocr_par ocr_line ocrx_word'/>
</head>
<body>
  <div class='ocr_page' id='page_1' title='image "./litteraequadrime14lain_0520.png"; bbox 0 0 2080 3392; ppageno 0'>
   <div class='ocr_carea' id='block_1_1' title="bbox 337 225 1454 267">
    <p class='ocr_par' dir='ltr' id='par_1_1' title="bbox 337 225 1454 267">
     <span class='ocr_line' id='line_1_1' title="bbox 337 225 1454 267; baseline -0.001 -6"><span class='ocrx_word' id='word_1_1' title='bbox 337 227 407 262; x_wconf 74' lang='lat'>516</span> <span class='ocrx_word' id='word_1_2' title='bbox 845 225 1069 261; x_wconf 76' lang='lat' dir='ltr'><strong>LITTERAE</strong></span> <span class='ocrx_word' id='word_1_3' title='bbox 1095 234 1454 267; x_wconf 79' lang='lat' dir='ltr'>QUADRIMESTRES</span> 
     </span>
    </p>
   </div>
   <div class='ocr_carea' id='block_1_2' title="bbox 1011 674 1301 727">
    <p class='ocr_par' dir='ltr' id='par_1_2' title="bbox 1011 674 1301 727">
     <span class='ocr_line' id='line_1_2' title="bbox 1011 674 1301 727; baseline -0.003 0"><span class='ocrx_word' id='word_1_4' title='bbox 1011 674 1301 727; x_wconf 78' lang='lat' dir='ltr'>OOLXIX</span> 
     </span>
    </p>
   </div>
   <div class='ocr_carea' id='block_1_3' title="bbox 409 937 1110 1113">
    <p class='ocr_par' dir='ltr' id='par_1_3' title="bbox 409 937 1110 1113">
     <span class='ocr_line' id='line_1_3' title="bbox 409 937 930 984; baseline 0 -10"><span class='ocrx_word' id='word_1_5' title='bbox 409 938 627 975; x_wconf 81' lang='lat' dir='ltr'>Robertus</span> <span class='ocrx_word' id='word_1_6' title='bbox 644 937 930 984; x_wconf 86' lang='lat' dir='ltr'>Clayssonius</span> 
     </span>
     <span class='ocr_line' id='line_1_4' title="bbox 456 1002 1044 1049; baseline -0.003 -10"><span class='ocrx_word' id='word_1_7' title='bbox 456 1003 574 1039; x_wconf 80' lang='lat' dir='ltr'>Patri</span> <span class='ocrx_word' id='word_1_8' title='bbox 593 1002 762 1049; x_wconf 73' lang='lat' dir='ltr'>ignatio</span> <span class='ocrx_word' id='word_1_9' title='bbox 783 1002 835 1038; x_wconf 88' lang='lat' dir='ltr'>de</span> <span class='ocrx_word' id='word_1_10' title='bbox 856 1002 1044 1049; x_wconf 79' lang='lat' dir='ltr'>Loyola.</span> 
     </span>
     <span class='ocr_line' id='line_1_5' title="bbox 502 1067 1110 1113; baseline -0.003 -10"><span class='ocrx_word' id='word_1_11' title='bbox 502 1067 694 1112; x_wconf 83' lang='lat' dir='ltr'>Parisiis,</span> <span class='ocrx_word' id='word_1_12' title='bbox 715 1068 738 1105; x_wconf 79' lang='lat'>5</span> <span class='ocrx_word' id='word_1_13' title='bbox 756 1067 953 1113; x_wconf 85' lang='lat' dir='ltr'>Januarii</span> <span class='ocrx_word' id='word_1_14' title='bbox 977 1067 1067 1104; x_wconf 72' lang='lat'>1554</span> <span class='ocrx_word' id='word_1_15' title='bbox 1088 1067 1110 1101; x_wconf 91' lang='lat'>¹.</span> 
     </span>
    </p>
   </div>
   <div class='ocr_carea' id='block_1_4' title="bbox 327 1309 1967 2847">
    <p class='ocr_par' dir='ltr' id='par_1_4' title="bbox 335 1309 1964 1421">
     <span class='ocr_line' id='line_1_6' title="bbox 414 1309 1964 1363; baseline -0.001 -13"><span class='ocrx_word' id='word_1_16' title='bbox 414 1309 513 1350; x_wconf 83' lang='lat' dir='ltr'>Pax</span> <span class='ocrx_word' id='word_1_17' title='bbox 535 1310 722 1350; x_wconf 87' lang='lat' dir='ltr'>Domini</span> <span class='ocrx_word' id='word_1_18' title='bbox 743 1311 830 1350; x_wconf 90' lang='lat' dir='ltr'>Dei</span> <span class='ocrx_word' id='word_1_19' title='bbox 851 1311 997 1350; x_wconf 88' lang='lat' dir='ltr'>nostri</span> <span class='ocrx_word' id='word_1_20' title='bbox 1017 1311 1128 1363; x_wconf 89' lang='lat' dir='ltr'>Jesu</span> <span class='ocrx_word' id='word_1_21' title='bbox 1152 1310 1330 1350; x_wconf 74' lang='lat' dir='ltr'>Christi</span> <span class='ocrx_word' id='word_1_22' title='bbox 1348 1309 1556 1360; x_wconf 85' lang='lat' dir='ltr'>perfecta</span> <span class='ocrx_word' id='word_1_23' title='bbox 1575 1321 1660 1350; x_wconf 91' lang='lat' dir='ltr'>nos</span> <span class='ocrx_word' id='word_1_24' title='bbox 1677 1309 1819 1349; x_wconf 89' lang='lat' dir='ltr'>donet</span> <span class='ocrx_word' id='word_1_25' title='bbox 1835 1310 1964 1349; x_wconf 90' lang='lat' dir='ltr'>liber-</span> 
     </span>
     <span class='ocr_line' id='line_1_7' title="bbox 335 1381 639 1421; baseline -0.003 0"><span class='ocrx_word' id='word_1_26' title='bbox 335 1387 445 1421; x_wconf 90' lang='lat' dir='ltr'>tate.</span> <span class='ocrx_word' id='word_1_27' title='bbox 471 1381 639 1421; x_wconf 88' lang='lat' dir='ltr'>Amen.</span> 
     </span>
    </p>

    <p class='ocr_par' dir='ltr' id='par_1_5' title="bbox 329 1451 1967 2068">
     <span class='ocr_line' id='line_1_8' title="bbox 413 1451 1965 1503; baseline -0.001 -11"><span class='ocrx_word' id='word_1_28' title='bbox 413 1451 648 1502; x_wconf 76' lang='lat' dir='ltr'>Quantam</span> <span class='ocrx_word' id='word_1_29' title='bbox 665 1452 872 1492; x_wconf 87' lang='lat' dir='ltr'>letiferae</span> <span class='ocrx_word' id='word_1_30' title='bbox 889 1453 1032 1503; x_wconf 89' lang='lat' dir='ltr'>pestis</span> <span class='ocrx_word' id='word_1_31' title='bbox 1051 1452 1256 1502; x_wconf 78' lang='lat' dir='ltr'>occasio,</span> <span class='ocrx_word' id='word_1_32' title='bbox 1278 1452 1463 1492; x_wconf 87' lang='lat' dir='ltr'>diuinae</span> <span class='ocrx_word' id='word_1_33' title='bbox 1480 1451 1709 1491; x_wconf 81' lang='lat' dir='ltr'>Bonitatis</span> <span class='ocrx_word' id='word_1_34' title='bbox 1725 1452 1965 1502; x_wconf 90' lang='lat' dir='ltr'>prouiden-</span> 
     </span>
     <span class='ocr_line' id='line_1_9' title="bbox 334 1522 1964 1574; baseline 0.001 -13"><span class='ocrx_word' id='word_1_35' title='bbox 334 1523 412 1573; x_wconf 84' lang='lat' dir='ltr'>tia,</span> <span class='ocrx_word' id='word_1_36' title='bbox 438 1522 496 1562; x_wconf 88' lang='lat' dir='ltr'>ad</span> <span class='ocrx_word' id='word_1_37' title='bbox 518 1523 780 1563; x_wconf 88' lang='lat' dir='ltr'>animorum</span> <span class='ocrx_word' id='word_1_38' title='bbox 802 1523 1085 1574; x_wconf 77' lang='lat' dir='ltr'>expiandam</span> <span class='ocrx_word' id='word_1_39' title='bbox 1102 1529 1293 1574; x_wconf 87' lang='lat' dir='ltr'>pestem,</span> <span class='ocrx_word' id='word_1_40' title='bbox 1316 1523 1558 1573; x_wconf 77' lang='lat' dir='ltr'>energiam</span> <span class='ocrx_word' id='word_1_41' title='bbox 1580 1522 1858 1571; x_wconf 82' lang='lat' dir='ltr'>exercuerit,</span> <span class='ocrx_word' id='word_1_42' title='bbox 1882 1522 1964 1562; x_wconf 88' lang='lat' dir='ltr'>Re-</span> 
     </span>
     <span class='ocr_line' id='line_1_10' title="bbox 335 1593 1965 1645; baseline 0 -13"><span class='ocrx_word' id='word_1_43' title='bbox 335 1594 535 1633; x_wconf 89' lang='lat' dir='ltr'>uerende</span> <span class='ocrx_word' id='word_1_44' title='bbox 556 1594 601 1633; x_wconf 91' lang='lat' dir='ltr'>in</span> <span class='ocrx_word' id='word_1_45' title='bbox 624 1594 809 1634; x_wconf 90' lang='lat' dir='ltr'>Christo</span> <span class='ocrx_word' id='word_1_46' title='bbox 831 1593 983 1641; x_wconf 86' lang='lat' dir='ltr'>Pater,</span> <span class='ocrx_word' id='word_1_47' title='bbox 1003 1594 1216 1644; x_wconf 77' lang='lat' dir='ltr'>exempla</span> <span class='ocrx_word' id='word_1_48' title='bbox 1237 1605 1413 1644; x_wconf 87' lang='lat' dir='ltr'>eorum,</span> <span class='ocrx_word' id='word_1_49' title='bbox 1438 1605 1557 1645; x_wconf 90' lang='lat' dir='ltr'>quae</span> <span class='ocrx_word' id='word_1_50' title='bbox 1578 1593 1764 1633; x_wconf 91' lang='lat' dir='ltr'>diuinae</span> <span class='ocrx_word' id='word_1_51' title='bbox 1787 1593 1965 1643; x_wconf 85' lang='lat' dir='ltr'>Magni—</span> 
     </span>
     <span class='ocr_line' id='line_1_11' title="bbox 333 1663 1967 1714; baseline -0.001 -10"><span class='ocrx_word' id='word_1_52' title='bbox 333 1663 545 1704; x_wconf 85' lang='lat' dir='ltr'>ficentiae</span> <span class='ocrx_word' id='word_1_53' title='bbox 566 1665 820 1704; x_wconf 76' lang='lat' dir='ltr'>liberalitas</span> <span class='ocrx_word' id='word_1_54' title='bbox 841 1664 869 1714; x_wconf 68' lang='lat'>⁶²,</span> <span class='ocrx_word' id='word_1_55' title='bbox 894 1663 1140 1704; x_wconf 83' lang='lat' dir='ltr'>Societatis</span> <span class='ocrx_word' id='word_1_56' title='bbox 1169 1664 1448 1714; x_wconf 84' lang='lat' dir='ltr'>ministerio,</span> <span class='ocrx_word' id='word_1_57' title='bbox 1478 1675 1583 1703; x_wconf 90' lang='lat' dir='ltr'>cum</span> <span class='ocrx_word' id='word_1_58' title='bbox 1609 1664 1843 1704; x_wconf 88' lang='lat' dir='ltr'>uberrimo</span> <span class='ocrx_word' id='word_1_59' title='bbox 1872 1664 1967 1703; x_wconf 90' lang='lat' dir='ltr'>ani-</span> 
     </span>
     <span class='ocr_line' id='line_1_12' title="bbox 333 1734 1965 1787; baseline 0 -13"><span class='ocrx_word' id='word_1_60' title='bbox 333 1746 515 1774; x_wconf 90' lang='lat' dir='ltr'>marum</span> <span class='ocrx_word' id='word_1_61' title='bbox 536 1735 710 1785; x_wconf 75' lang='lat' dir='ltr'>fenore,</span> <span class='ocrx_word' id='word_1_62' title='bbox 735 1736 951 1786; x_wconf 79' lang='lat' dir='ltr'>proximo</span> <span class='ocrx_word' id='word_1_63' title='bbox 974 1735 1304 1787; x_wconf 88' lang='lat' dir='ltr'>quadrimestri</span> <span class='ocrx_word' id='word_1_64' title='bbox 1326 1736 1508 1786; x_wconf 88' lang='lat' dir='ltr'>elapso,</span> <span class='ocrx_word' id='word_1_65' title='bbox 1531 1734 1715 1785; x_wconf 89' lang='lat' dir='ltr'>piorum</span> <span class='ocrx_word' id='word_1_66' title='bbox 1737 1735 1859 1775; x_wconf 85' lang='lat' dir='ltr'>votis</span> <span class='ocrx_word' id='word_1_67' title='bbox 1880 1736 1965 1774; x_wconf 91' lang='lat' dir='ltr'>lar-</span> 
     </span>
     <span class='ocr_line' id='line_1_13' title="bbox 331 1805 1965 1856; baseline 0.001 -12"><span class='ocrx_word' id='word_1_68' title='bbox 331 1805 429 1855; x_wconf 87' lang='lat' dir='ltr'>gita</span> <span class='ocrx_word' id='word_1_69' title='bbox 451 1812 534 1855; x_wconf 92' lang='lat' dir='ltr'>est,</span> <span class='ocrx_word' id='word_1_70' title='bbox 559 1807 817 1845; x_wconf 77' lang='lat' dir='ltr'>luculenter</span> <span class='ocrx_word' id='word_1_71' title='bbox 846 1806 1305 1855; x_wconf 88' lang='lat' dir='ltr'>commonstrabunt,</span> <span class='ocrx_word' id='word_1_72' title='bbox 1339 1817 1458 1856; x_wconf 90' lang='lat' dir='ltr'>quae</span> <span class='ocrx_word' id='word_1_73' title='bbox 1479 1816 1644 1845; x_wconf 89' lang='lat' dir='ltr'>sacrae</span> <span class='ocrx_word' id='word_1_74' title='bbox 1676 1805 1965 1846; x_wconf 86' lang='lat' dir='ltr'>obedientiae</span> 
     </span>
     <span class='ocr_line' id='line_1_14' title="bbox 332 1876 1963 1927; baseline 0.001 -13"><span class='ocrx_word' id='word_1_75' title='bbox 332 1876 539 1927; x_wconf 87' lang='lat' dir='ltr'>imperio,</span> <span class='ocrx_word' id='word_1_76' title='bbox 564 1888 590 1915; x_wconf 90' lang='lat' dir='ltr'>a</span> <span class='ocrx_word' id='word_1_77' title='bbox 612 1876 901 1916; x_wconf 86' lang='lat' dir='ltr'>Paternitate</span> <span class='ocrx_word' id='word_1_78' title='bbox 925 1883 1003 1916; x_wconf 90' lang='lat' dir='ltr'>tua</span> <span class='ocrx_word' id='word_1_79' title='bbox 1026 1876 1387 1927; x_wconf 77' lang='lat' dir='ltr'>prudentissime</span> <span class='ocrx_word' id='word_1_80' title='bbox 1412 1876 1733 1927; x_wconf 85' lang='lat' dir='ltr'>promulgato,</span> <span class='ocrx_word' id='word_1_81' title='bbox 1764 1876 1963 1927; x_wconf 83' lang='lat' dir='ltr'>impulsi,</span> 
     </span>
     <span class='ocr_line' id='line_1_15' title="bbox 330 1946 1962 1998; baseline 0.001 -13"><span class='ocrx_word' id='word_1_82' title='bbox 330 1958 386 1986; x_wconf 90' lang='lat' dir='ltr'>ac</span> <span class='ocrx_word' id='word_1_83' title='bbox 406 1948 526 1986; x_wconf 87' lang='lat' dir='ltr'>ultro</span> <span class='ocrx_word' id='word_1_84' title='bbox 549 1947 760 1998; x_wconf 90' lang='lat' dir='ltr'>citroque</span> <span class='ocrx_word' id='word_1_85' title='bbox 781 1954 975 1998; x_wconf 81' lang='lat' dir='ltr'>grarum</span> <span class='ocrx_word' id='word_1_86' title='bbox 996 1947 1195 1987; x_wconf 88' lang='lat' dir='ltr'>actionis</span> <span class='ocrx_word' id='word_1_87' title='bbox 1213 1947 1312 1986; x_wconf 91' lang='lat' dir='ltr'>Deo</span> <span class='ocrx_word' id='word_1_88' title='bbox 1330 1946 1595 1986; x_wconf 81' lang='lat' dir='ltr'>reddendae</span> <span class='ocrx_word' id='word_1_89' title='bbox 1614 1953 1742 1986; x_wconf 88' lang='lat' dir='ltr'>certa</span> <span class='ocrx_word' id='word_1_90' title='bbox 1763 1959 1844 1998; x_wconf 90' lang='lat' dir='ltr'>spe</span> <span class='ocrx_word' id='word_1_91' title='bbox 1866 1959 1962 1998; x_wconf 87' lang='lat' dir='ltr'>per-</span> 
     </span>
     <span class='ocr_line' id='line_1_16' title="bbox 329 2017 1892 2068; baseline -0.001 -11"><span class='ocrx_word' id='word_1_92' title='bbox 329 2018 472 2067; x_wconf 83' lang='lat' dir='ltr'>suasi,</span> <span class='ocrx_word' id='word_1_93' title='bbox 496 2018 763 2057; x_wconf 88' lang='lat' dir='ltr'>summatim</span> <span class='ocrx_word' id='word_1_94' title='bbox 785 2017 843 2057; x_wconf 88' lang='lat' dir='ltr'>ad</span> <span class='ocrx_word' id='word_1_95' title='bbox 867 2017 1095 2057; x_wconf 87' lang='lat' dir='ltr'>Authoris</span> <span class='ocrx_word' id='word_1_96' title='bbox 1118 2018 1265 2068; x_wconf 89' lang='lat' dir='ltr'>ipsius</span> <span class='ocrx_word' id='word_1_97' title='bbox 1286 2017 1486 2067; x_wconf 81' lang='lat' dir='ltr'>gloriam</span> <span class='ocrx_word' id='word_1_98' title='bbox 1507 2017 1892 2068; x_wconf 86' lang='lat' dir='ltr'>perstringemus.</span> 
     </span>
    </p>

    <p class='ocr_par' dir='ltr' id='par_1_6' title="bbox 327 2087 1964 2765">
     <span class='ocr_line' id='line_1_17' title="bbox 410 2087 1964 2139; baseline -0.001 -11"><span class='ocrx_word' id='word_1_99' title='bbox 410 2088 606 2128; x_wconf 87' lang='lat' dir='ltr'>Familia</span> <span class='ocrx_word' id='word_1_100' title='bbox 636 2094 819 2138; x_wconf 90' lang='lat' dir='ltr'>nostra,</span> <span class='ocrx_word' id='word_1_101' title='bbox 854 2088 1027 2128; x_wconf 89' lang='lat' dir='ltr'>humile</span> <span class='ocrx_word' id='word_1_102' title='bbox 1060 2088 1351 2128; x_wconf 85' lang='lat' dir='ltr'>obedientiae</span> <span class='ocrx_word' id='word_1_103' title='bbox 1386 2087 1658 2139; x_wconf 87' lang='lat' dir='ltr'>obsequium</span> <span class='ocrx_word' id='word_1_104' title='bbox 1689 2087 1964 2128; x_wconf 87' lang='lat' dir='ltr'>Paternitati</span> 
     </span>
     <span class='ocr_line' id='line_1_18' title="bbox 331 2159 1961 2210; baseline 0 -12"><span class='ocrx_word' id='word_1_105' title='bbox 331 2165 437 2199; x_wconf 91' lang='lat' dir='ltr'>tuae</span> <span class='ocrx_word' id='word_1_106' title='bbox 458 2171 640 2210; x_wconf 83' lang='lat' dir='ltr'>semper</span> <span class='ocrx_word' id='word_1_107' title='bbox 664 2159 880 2209; x_wconf 82' lang='lat' dir='ltr'>offerens,</span> <span class='ocrx_word' id='word_1_108' title='bbox 907 2160 1233 2200; x_wconf 80' lang='lat' dir='ltr'>atrocissimae</span> <span class='ocrx_word' id='word_1_109' title='bbox 1254 2159 1397 2210; x_wconf 89' lang='lat' dir='ltr'>pestis</span> <span class='ocrx_word' id='word_1_110' title='bbox 1421 2159 1677 2210; x_wconf 86' lang='lat' dir='ltr'>periculum</span> <span class='ocrx_word' id='word_1_111' title='bbox 1701 2159 1961 2208; x_wconf 90' lang='lat' dir='ltr'>incolumis,</span> 
     </span>
     <span class='ocr_line' id='line_1_19' title="bbox 330 2229 1962 2281; baseline 0 -12"><span class='ocrx_word' id='word_1_112' title='bbox 330 2230 516 2269; x_wconf 85' lang='lat' dir='ltr'>diuinae</span> <span class='ocrx_word' id='word_1_113' title='bbox 538 2230 867 2270; x_wconf 84' lang='lat' dir='ltr'>Prouidentiae</span> <span class='ocrx_word' id='word_1_114' title='bbox 888 2230 1138 2281; x_wconf 82' lang='lat' dir='ltr'>praesidio,</span> <span class='ocrx_word' id='word_1_115' title='bbox 1159 2230 1323 2270; x_wconf 89' lang='lat' dir='ltr'>euasit:</span> <span class='ocrx_word' id='word_1_116' title='bbox 1346 2229 1477 2269; x_wconf 89' lang='lat' dir='ltr'>cuius</span> <span class='ocrx_word' id='word_1_117' title='bbox 1497 2229 1718 2280; x_wconf 90' lang='lat' dir='ltr'>contagio</span> <span class='ocrx_word' id='word_1_118' title='bbox 1737 2230 1852 2269; x_wconf 89' lang='lat' dir='ltr'>adeo</span> <span class='ocrx_word' id='word_1_119' title='bbox 1870 2231 1962 2269; x_wconf 90' lang='lat' dir='ltr'>late</span> 
     </span>
     <span class='ocr_line' id='line_1_20' title="bbox 328 2301 1961 2353; baseline 0 -13"><span class='ocrx_word' id='word_1_120' title='bbox 328 2312 493 2352; x_wconf 86' lang='lat' dir='ltr'>sparsa</span> <span class='ocrx_word' id='word_1_121' title='bbox 529 2309 620 2351; x_wconf 88' lang='lat' dir='ltr'>est,</span> <span class='ocrx_word' id='word_1_122' title='bbox 653 2302 870 2353; x_wconf 84' lang='lat' dir='ltr'>viresque</span> <span class='ocrx_word' id='word_1_123' title='bbox 897 2302 1028 2341; x_wconf 79' lang='lat' dir='ltr'>auxit</span> <span class='ocrx_word' id='word_1_124' title='bbox 1055 2301 1144 2340; x_wconf 89' lang='lat' dir='ltr'>hac</span> <span class='ocrx_word' id='word_1_125' title='bbox 1171 2306 1347 2340; x_wconf 88' lang='lat' dir='ltr'>aestate</span> <span class='ocrx_word' id='word_1_126' title='bbox 1375 2306 1419 2340; x_wconf 92' lang='lat' dir='ltr'>et</span> <span class='ocrx_word' id='word_1_127' title='bbox 1447 2306 1667 2340; x_wconf 86' lang='lat' dir='ltr'>autumno</span> <span class='ocrx_word' id='word_1_128' title='bbox 1695 2301 1961 2351; x_wconf 86' lang='lat' dir='ltr'>praeteritis</span> 
     </span>
     <span class='ocr_line' id='line_1_21' title="bbox 328 2371 1958 2423; baseline 0 -12"><span class='ocrx_word' id='word_1_129' title='bbox 328 2372 540 2412; x_wconf 88' lang='lat' dir='ltr'>Lutetiae</span> <span class='ocrx_word' id='word_1_130' title='bbox 562 2378 606 2412; x_wconf 93' lang='lat' dir='ltr'>et</span> <span class='ocrx_word' id='word_1_131' title='bbox 630 2373 676 2411; x_wconf 91' lang='lat' dir='ltr'>in</span> <span class='ocrx_word' id='word_1_132' title='bbox 707 2373 822 2412; x_wconf 90' lang='lat' dir='ltr'>locis</span> <span class='ocrx_word' id='word_1_133' title='bbox 850 2372 1075 2422; x_wconf 79' lang='lat' dir='ltr'>finitimis,</span> <span class='ocrx_word' id='word_1_134' title='bbox 1107 2379 1155 2412; x_wconf 91' lang='lat' dir='ltr'>ut</span> <span class='ocrx_word' id='word_1_135' title='bbox 1182 2383 1419 2423; x_wconf 90' lang='lat' dir='ltr'>nunquam</span> <span class='ocrx_word' id='word_1_136' title='bbox 1447 2371 1668 2411; x_wconf 83' lang='lat' dir='ltr'>atrociori</span> <span class='ocrx_word' id='word_1_137' title='bbox 1697 2372 1958 2423; x_wconf 76' lang='lat' dir='ltr'>tyrannide,</span> 
     </span>
     <span class='ocr_line' id='line_1_22' title="bbox 327 2441 1959 2494; baseline -0.001 -12"><span class='ocrx_word' id='word_1_138' title='bbox 327 2450 489 2482; x_wconf 89' lang='lat' dir='ltr'>nostra</span> <span class='ocrx_word' id='word_1_139' title='bbox 511 2444 749 2493; x_wconf 87' lang='lat' dir='ltr'>memoria,</span> <span class='ocrx_word' id='word_1_140' title='bbox 776 2444 821 2483; x_wconf 94' lang='lat' dir='ltr'>in</span> <span class='ocrx_word' id='word_1_141' title='bbox 843 2443 970 2483; x_wconf 93' lang='lat' dir='ltr'>ciues</span> <span class='ocrx_word' id='word_1_142' title='bbox 992 2443 1273 2494; x_wconf 86' lang='lat' dir='ltr'>parisienses</span> <span class='ocrx_word' id='word_1_143' title='bbox 1301 2442 1533 2482; x_wconf 86' lang='lat' dir='ltr'>saeuierit:</span> <span class='ocrx_word' id='word_1_144' title='bbox 1557 2441 1711 2482; x_wconf 85' lang='lat' dir='ltr'>ferunt</span> <span class='ocrx_word' id='word_1_145' title='bbox 1739 2442 1861 2482; x_wconf 92' lang='lat' dir='ltr'>enim</span> <span class='ocrx_word' id='word_1_146' title='bbox 1895 2442 1959 2482; x_wconf 88' lang='lat' dir='ltr'>fa-</span> 
     </span>
     <span class='ocr_line' id='line_1_23' title="bbox 329 2512 1957 2565; baseline 0 -13"><span class='ocrx_word' id='word_1_147' title='bbox 329 2514 414 2553; x_wconf 90' lang='lat' dir='ltr'>cile</span> <span class='ocrx_word' id='word_1_148' title='bbox 445 2514 783 2565; x_wconf 83' lang='lat' dir='ltr'>quinquaginta</span> <span class='ocrx_word' id='word_1_149' title='bbox 815 2514 1054 2554; x_wconf 91' lang='lat' dir='ltr'>hominum</span> <span class='ocrx_word' id='word_1_150' title='bbox 1089 2514 1229 2553; x_wconf 91' lang='lat' dir='ltr'>millia</span> <span class='ocrx_word' id='word_1_151' title='bbox 1258 2526 1282 2553; x_wconf 92' lang='lat' dir='ltr'>e</span> <span class='ocrx_word' id='word_1_152' title='bbox 1313 2512 1463 2553; x_wconf 89' lang='lat' dir='ltr'>medio</span> <span class='ocrx_word' id='word_1_153' title='bbox 1499 2519 1627 2564; x_wconf 90' lang='lat' dir='ltr'>peste</span> <span class='ocrx_word' id='word_1_154' title='bbox 1663 2513 1738 2553; x_wconf 90' lang='lat' dir='ltr'>hic</span> <span class='ocrx_word' id='word_1_155' title='bbox 1775 2513 1957 2553; x_wconf 88' lang='lat' dir='ltr'>sublata</span> 
     </span>
     <span class='ocr_line' id='line_1_24' title="bbox 328 2584 1957 2636; baseline 0.001 -13"><span class='ocrx_word' id='word_1_156' title='bbox 328 2595 445 2634; x_wconf 90' lang='lat' dir='ltr'>esse,</span> <span class='ocrx_word' id='word_1_157' title='bbox 471 2596 612 2635; x_wconf 90' lang='lat' dir='ltr'>quum</span> <span class='ocrx_word' id='word_1_158' title='bbox 634 2585 817 2636; x_wconf 88' lang='lat' dir='ltr'>hyemis</span> <span class='ocrx_word' id='word_1_159' title='bbox 837 2585 980 2625; x_wconf 86' lang='lat' dir='ltr'>armis</span> <span class='ocrx_word' id='word_1_160' title='bbox 1002 2585 1292 2635; x_wconf 86' lang='lat' dir='ltr'>impugnata,</span> <span class='ocrx_word' id='word_1_161' title='bbox 1324 2584 1497 2623; x_wconf 87' lang='lat' dir='ltr'>domita</span> <span class='ocrx_word' id='word_1_162' title='bbox 1526 2584 1738 2635; x_wconf 87' lang='lat' dir='ltr'>quidem,</span> <span class='ocrx_word' id='word_1_163' title='bbox 1770 2590 1816 2623; x_wconf 90' lang='lat' dir='ltr'>at</span> <span class='ocrx_word' id='word_1_164' title='bbox 1846 2596 1957 2624; x_wconf 78' lang='lat' dir='ltr'>non-</span> 
     </span>
     <span class='ocr_line' id='line_1_25' title="bbox 328 2654 1960 2705; baseline -0.001 -11"><span class='ocrx_word' id='word_1_165' title='bbox 328 2654 437 2694; x_wconf 90' lang='lat' dir='ltr'>dum</span> <span class='ocrx_word' id='word_1_166' title='bbox 458 2661 681 2695; x_wconf 88' lang='lat' dir='ltr'>eneruata</span> <span class='ocrx_word' id='word_1_167' title='bbox 698 2662 780 2705; x_wconf 88' lang='lat' dir='ltr'>est,</span> <span class='ocrx_word' id='word_1_168' title='bbox 801 2655 847 2695; x_wconf 93' lang='lat' dir='ltr'>in</span> <span class='ocrx_word' id='word_1_169' title='bbox 863 2655 1142 2695; x_wconf 90' lang='lat' dir='ltr'>Nosocomio</span> <span class='ocrx_word' id='word_1_170' title='bbox 1171 2662 1213 2695; x_wconf 90' lang='lat' dir='ltr'>et</span> <span class='ocrx_word' id='word_1_171' title='bbox 1240 2656 1385 2694; x_wconf 89' lang='lat' dir='ltr'>altera</span> <span class='ocrx_word' id='word_1_172' title='bbox 1409 2654 1535 2694; x_wconf 90' lang='lat' dir='ltr'>urbis</span> <span class='ocrx_word' id='word_1_173' title='bbox 1559 2660 1691 2705; x_wconf 87' lang='lat' dir='ltr'>parte</span> <span class='ocrx_word' id='word_1_174' title='bbox 1717 2654 1867 2694; x_wconf 86' lang='lat' dir='ltr'>adhuc</span> <span class='ocrx_word' id='word_1_175' title='bbox 1896 2656 1960 2693; x_wconf 90' lang='lat' dir='ltr'>in-</span> 
     </span>
     <span class='ocr_line' id='line_1_26' title="bbox 327 2726 576 2765; baseline 0.004 -1"><span class='ocrx_word' id='word_1_176' title='bbox 327 2726 576 2765; x_wconf 90' lang='lat' dir='ltr'>solescens.</span> 
     </span>
    </p>

    <p class='ocr_par' dir='ltr' id='par_1_7' title="bbox 406 2795 1958 2847">
     <span class='ocr_line' id='line_1_27' title="bbox 406 2795 1958 2847; baseline 0 -13"><span class='ocrx_word' id='word_1_177' title='bbox 406 2795 454 2835; x_wconf 82' lang='lat' dir='ltr'>P.</span> <span class='ocrx_word' id='word_1_178' title='bbox 478 2795 777 2836; x_wconf 86' lang='lat' dir='ltr'>Hieronimus</span> <span class='ocrx_word' id='word_1_179' title='bbox 797 2797 995 2846; x_wconf 79' lang='lat' dir='ltr'>Le-BaS,</span> <span class='ocrx_word' id='word_1_180' title='bbox 1019 2802 1237 2836; x_wconf 85' lang='lat' dir='ltr'>votorum</span> <span class='ocrx_word' id='word_1_181' title='bbox 1263 2796 1623 2847; x_wconf 82' lang='lat' dir='ltr'>prudentissima</span> <span class='ocrx_word' id='word_1_182' title='bbox 1644 2795 1871 2844; x_wconf 85' lang='lat' dir='ltr'>libertate,</span> <span class='ocrx_word' id='word_1_183' title='bbox 1895 2796 1958 2834; x_wconf 88' lang='lat' dir='ltr'>in-</span> 
     </span>
    </p>
   </div>
   <div class='ocr_carea' id='block_1_5' title="bbox 326 2929 1957 3054">
    <p class='ocr_par' dir='ltr' id='par_1_8' title="bbox 326 2929 1957 3054">
     <span class='ocr_line' id='line_1_28' title="bbox 380 2929 1957 2967; baseline 0.001 -10"><span class='ocrx_word' id='word_1_184' title='bbox 380 2930 391 2949; x_wconf 80' lang='lat'>¹</span> <span class='ocrx_word' id='word_1_185' title='bbox 431 2929 516 2957; x_wconf 83' lang='lat' dir='ltr'>Tota</span> <span class='ocrx_word' id='word_1_186' title='bbox 537 2932 768 2966; x_wconf 84' lang='lat' dir='ltr'>autographa,</span> <span class='ocrx_word' id='word_1_187' title='bbox 792 2931 983 2967; x_wconf 88' lang='lat' dir='ltr'>Clayssonii</span> <span class='ocrx_word' id='word_1_188' title='bbox 1007 2939 1107 2959; x_wconf 87' lang='lat' dir='ltr'>manu</span> <span class='ocrx_word' id='word_1_189' title='bbox 1131 2935 1286 2965; x_wconf 81' lang='lat' dir='ltr'>exarata,</span> <span class='ocrx_word' id='word_1_190' title='bbox 1312 2934 1345 2958; x_wconf 88' lang='lat' dir='ltr'>et</span> <span class='ocrx_word' id='word_1_191' title='bbox 1368 2931 1507 2958; x_wconf 85' lang='lat' dir='ltr'>Polanci</span> <span class='ocrx_word' id='word_1_192' title='bbox 1532 2931 1699 2965; x_wconf 84' lang='lat' dir='ltr'>frequenti</span> <span class='ocrx_word' id='word_1_193' title='bbox 1723 2930 1957 2958; x_wconf 74' lang='lat' dir='ltr'>emendatione</span> 
     </span>
     <span class='ocr_line' id='line_1_29' title="bbox 326 2976 1744 3013; baseline 0.003 -12"><span class='ocrx_word' id='word_1_194' title='bbox 326 2976 509 3011; x_wconf 75' lang='lat' dir='ltr'>castigata,</span> <span class='ocrx_word' id='word_1_195' title='bbox 526 2984 561 3005; x_wconf 91' lang='lat' dir='ltr'>ut</span> <span class='ocrx_word' id='word_1_196' title='bbox 577 2979 795 3013; x_wconf 84' lang='lat' dir='ltr'>sequentibus</span> <span class='ocrx_word' id='word_1_197' title='bbox 811 2979 898 3006; x_wconf 85' lang='lat' dir='ltr'>notis</span> <span class='ocrx_word' id='word_1_198' title='bbox 914 2979 1030 3006; x_wconf 85' lang='lat' dir='ltr'>videre</span> <span class='ocrx_word' id='word_1_199' title='bbox 1046 2979 1122 3006; x_wconf 84' lang='lat' dir='ltr'>erit.</span> <span class='ocrx_word' id='word_1_200' title='bbox 1139 2978 1290 3012; x_wconf 86' lang='lat' dir='ltr'>Quatuor</span> <span class='ocrx_word' id='word_1_201' title='bbox 1306 2978 1422 3012; x_wconf 88' lang='lat' dir='ltr'>implet</span> <span class='ocrx_word' id='word_1_202' title='bbox 1438 2978 1529 3011; x_wconf 85' lang='lat' dir='ltr'>folia,</span> <span class='ocrx_word' id='word_1_203' title='bbox 1546 2986 1599 3005; x_wconf 93' lang='lat' dir='ltr'>nn.</span> <span class='ocrx_word' id='word_1_204' title='bbox 1616 2978 1744 3005; x_wconf 58' lang='lat'>2214-247.</span> 
     </span>
     <span class='ocr_line' id='line_1_30' title="bbox 378 3023 989 3054; baseline 0.007 -4"><span class='ocrx_word' id='word_1_205' title='bbox 378 3023 391 3041; x_wconf 69' lang='lat'>2</span> <span class='ocrx_word' id='word_1_206' title='bbox 429 3024 553 3051; x_wconf 79' lang='lat' dir='ltr'>dzvz&#39;na</span> <span class='ocrx_word' id='word_1_207' title='bbox 569 3027 796 3053; x_wconf 70' lang='lat' dir='ltr'>liberalitate.</span> <span class='ocrx_word' id='word_1_208' title='bbox 814 3026 989 3054; x_wconf 78' lang='lat' dir='ltr'>Polancus.</span> 
     </span>
    </p>
   </div>
  </div>
 </body>
</html>
