2080 3392
349 212 396 249 38
835 211 1061 249 LITTERAE
1087 223 1445 255 QUADRIMESTRES

324 320 471 348 annos
493 309 667 359 aliquot
687 313 989 359 peccatorum
1021 308 1246 348 sordidati
1274 320 1419 349 coeno
1446 309 1677 349 vixerant.
1708 310 1764 349 Et
1792 321 1956 350 omnes

322 377 585 418 huiusmodi
607 378 665 417 ad
685 390 770 418 nos
793 378 1100 429 adducuntur,
1125 379 1181 418 de
1203 390 1399 430 quorum
1420 380 1568 419 salute
1589 380 1681 419 iam
1702 379 1799 419 fere
1827 381 1951 431 apud

321 449 531 488 homines
553 449 840 500 desperatur.
865 448 993 500 Quos
1020 449 1269 500 Dominus,
1300 456 1438 501 prout
1465 450 1563 489 eius
1590 457 1659 490 est
1689 450 1949 501 clementia,

321 520 387 559 sic
418 526 575 559 movet
610 525 657 559 ut
692 519 805 559 nihil
838 531 961 559 nunc
996 520 1149 570 magis
1179 532 1319 571 quam
1345 526 1540 571 peccata
1566 520 1802 560 horreant.
1836 520 1954 561 Sunt

321 591 510 641 aliquot,
536 590 611 641 qui
633 602 680 630 se
702 590 934 641 Religioni
955 590 1189 630 devovere
1210 591 1369 641 velint,
1394 591 1433 630 si
1449 591 1608 631 liceret
1625 591 1817 631 admitti.
1839 590 1951 631 Soli-

320 667 417 701 tum
438 666 506 700 est
527 661 602 701 hic
623 661 670 700 in
690 661 907 712 profestis
924 661 1133 701 Paschae
1155 662 1370 701 omnibus
1386 662 1595 702 vicissim
1617 662 1662 701 in
1685 662 1956 702 cathedrale

319 732 541 782 templum
563 732 798 783 parochiis
819 732 1206 772 convenientibus
1237 733 1382 783 orari,
1408 733 1806 784 absolvunturque
1836 733 1951 772 eius-

319 802 443 842 modi
465 814 628 853 preces
655 802 782 842 horis
809 802 879 853 40,
912 803 1168 854 adesseque
1196 814 1379 854 semper
1406 803 1671 853 consuevit,
1706 803 1783 854 qui
1810 814 1953 855 popu-

317 874 411 912 lum
432 873 658 923 hortetur,
683 879 727 912 et
750 873 938 913 modum
968 873 1189 924 precandi
1215 873 1529 924 praescribat;
1560 873 1677 913 haec
1705 874 1952 924 provincia

316 943 399 983 fuit
421 944 553 983 nobis
574 943 810 994 delegata,
841 944 1172 995 subieruntque
1200 956 1367 984 munus
1394 956 1418 984 e
1446 944 1617 984 nostris
1646 945 1736 984 duo
1766 955 1947 984 summo

318 1014 524 1054 omnium
546 1015 787 1066 applausu,
809 1021 852 1054 et
873 1027 966 1054 non
988 1015 1159 1054 minori
1179 1014 1347 1054 fructu.
1366 1014 1524 1066 Pergit
1542 1014 1662 1054 Κῶς
1684 1015 1733 1054 Ρ.
1757 1013 1815 1054 D.
1834 1015 1953 1054 Eve-

317 1086 485 1125 rardus
508 1086 554 1125 in
575 1085 868 1125 Psalmorum
889 1086 1229 1136 praelectione:
1252 1086 1404 1136 pergit
1426 1092 1469 1126 et
1498 1086 1545 1126 P.
1576 1085 1781 1138 Joannes
1806 1085 1953 1136 Niger

318 1156 364 1196 in
386 1156 665 1207 explicando
684 1156 926 1195 doctrinae
946 1156 1231 1196 christianae
1251 1157 1420 1206 libello,
1440 1163 1634 1207 uterque
1652 1167 1824 1206 magno
1844 1168 1952 1196 cum

316 1227 486 1266 fructu.
511 1226 714 1277 Singulis
736 1227 857 1266 idem
874 1226 923 1266 Ρ.
942 1227 1147 1279 Joannes
1169 1227 1426 1267 sabbatinis
1447 1227 1608 1267 diebus
1630 1228 1745 1267 solet
1768 1227 1948 1267 concio-

316 1298 419 1337 nari
441 1298 516 1347 iis,
549 1298 626 1349 qui
652 1297 710 1336 ab
741 1297 857 1337 hora
889 1304 1055 1348 quarta
1084 1303 1127 1337 et
1158 1298 1387 1348 vigesima
1415 1298 1461 1337 in
1489 1298 1711 1349 templum
1737 1304 1950 1337 nostrum

316 1369 553 1419 precaturi
575 1368 725 1407 Deum
746 1368 940 1407 veniunt
961 1369 1167 1419 plurimi,
1192 1374 1240 1408 ut
1262 1380 1348 1408 nec
1370 1369 1427 1408 sit
1450 1380 1601 1419 capax
1622 1369 1766 1408 locus.

395 1440 500 1492 Jam
521 1444 763 1478 extructus
784 1437 1005 1479 Societati
1032 1439 1177 1478 ferme
1205 1444 1273 1479 est
1300 1440 1450 1489 locus,
1476 1451 1612 1490 quem
1641 1439 1719 1479 Ta
1741 1439 1789 1479 P.
1822 1451 1950 1490 supe·

316 1510 518 1550 rioribus
554 1509 622 1560 (ni
652 1509 809 1557 fallor>
840 1510 1104 1561 incoeptum
1131 1516 1392 1561 acceperat.
1430 1510 1512 1550 Est
1542 1510 1589 1549 in
1623 1510 1796 1562 optimo
1826 1511 1953 1550 urbis

316 1582 427 1631 situ,
452 1581 695 1631 nullusque
717 1580 939 1620 Societati
960 1587 1150 1620 nostrae
1171 1581 1398 1632 potuisset
1418 1592 1511 1620 non
1533 1581 1687 1621 dicam
1708 1581 1809 1621 dari
1827 1613 1834 1631 ,
1869 1581 1950 1621 sed

316 1664 402 1692 nec
431 1651 692 1702 excogitari
724 1651 911 1703 quidem
947 1651 1114 1702 aptior.
1150 1652 1201 1691 Id
1236 1651 1358 1691 enim
1394 1652 1586 1703 scimus,
1623 1658 1952 1703 praeterquam

316 1723 439 1774 quod
458 1721 580 1762 Rdus
604 1722 662 1761 D.
685 1722 1047 1775 Proepiscopus,
1079 1733 1216 1774 quem
1242 1734 1352 1762 sane
1384 1734 1540 1762 rerum
1561 1728 1825 1762 nostrarum
1849 1734 1956 1762 con-

315 1794 516 1844 tinuum,
542 1805 738 1844 eumque
761 1794 992 1844 insignem
1013 1793 1178 1833 ducem
1209 1794 1283 1833 hic
1313 1794 1564 1844 habemus,
1597 1794 1685 1833 hoc
1712 1793 1863 1844 ipsum
1890 1800 1952 1833 te-

316 1871 480 1905 statur.
504 1865 572 1904 Ibi
592 1864 686 1905 iam
707 1864 921 1915 discipuli
943 1876 969 1903 a
991 1864 1215 1904 fratribus
1236 1863 1477 1914 docentur,
1507 1863 1711 1915 fiuntque
1739 1875 1875 1904 sacra
1906 1865 1951 1903 in

315 1936 503 1987 templo,
528 1934 607 1975 sed
630 1935 859 1974 maiorum
880 1946 985 1986 spes
1009 1942 1098 1985 est,
1128 1935 1584 1986 habentquePatres
1605 1935 1774 1975 ibidem
1796 1935 1950 1974 lectio-

315 2019 418 2057 nes,
444 2012 487 2046 et
510 2006 773 2046 conciones.
797 2005 893 2045 Nec
914 2006 1174 2056 ignoratur,
1198 2011 1400 2057 quantae
1421 2005 1609 2045 utilitati
1639 2006 1726 2046 hoc
1756 2005 1814 2045 sit
1841 2006 1950 2045 civi-

315 2078 399 2118 tati
426 2077 646 2141 fugurum.
678 2076 819 2116 Hisce
848 2076 1008 2116 diebus
1040 2076 1186 2116 adfuit
1213 2077 1590 2128 frequentissima
1618 2077 1768 2117 turba.
1803 2076 1950 2116 Nemo

313 2161 406 2188 non
429 2148 647 2199 probavit
669 2148 952 2197 institutum,
977 2147 1157 2198 locique
1179 2154 1478 2187 structuram.
1513 2147 1657 2187 Multo
1684 2148 1947 2199 occupatio-

314 2231 388 2259 res
410 2219 597 2259 fuerunt
618 2218 782 2257 Patres
811 2217 867 2257 ob
892 2217 1152 2269 jubilaeum
1174 2217 1410 2257 Perusinis
1431 2219 1559 2258 hisce
1581 2218 1742 2258 diebus
1764 2229 1949 2258 conces-

314 2301 431 2330 sum.
466 2289 584 2329 Nam
615 2300 719 2328 cum
746 2287 867 2327 Rdus
899 2288 956 2328 D.
988 2288 1349 2339 Proepiscopus‚
1388 2300 1529 2340 penes
1557 2301 1694 2340 quem
1721 2301 1795 2328 res
1832 2295 1946 2339 erat,

313 2361 537 2411 templum
567 2366 780 2399 nostrum
813 2358 872 2398 ad
906 2359 995 2398 hoc
1030 2358 1300 2410 delegisset,
1339 2360 1646 2399 confessionis
1677 2358 1948 2399 Sacramen-

313 2438 433 2481 tum,
459 2437 502 2470 et
524 2429 848 2470 Eucharistiae
877 2439 1016 2480 quam
1044 2429 1417 2480 frequentissime
1444 2430 1794 2478 ministrabant,
1827 2442 1948 2469 asse-

312 2502 524 2542 rentibus
542 2501 710 2549 multis‚
732 2512 780 2539 se
797 2511 1035 2551 nunquam
1052 2506 1217 2540 nactos
1237 2512 1353 2549 esse,
1373 2501 1453 2552 qui
1469 2501 1704 2540 hominem
1721 2501 1785 2540 ita
1801 2507 1948 2540 totum

312 2577 628 2625 penetrarent.
648 2570 769 2611 R.d¹1S
788 2570 845 2610 D.
866 2570 1207 2622 Proepiscopus
1228 2583 1337 2611 suos
1359 2572 1641 2621 sacerdotes,
1663 2582 1779 2623 quos
1796 2571 1951 2610 minus-

312 2644 507 2683 idoneos
529 2642 586 2682 ad
609 2641 756 2682 Sacra
777 2641 1034 2689 existimat,
1059 2641 1377 2692 instruendos,
1401 2648 1480 2682 aut
1502 2642 1549 2681 in
1570 2642 1776 2682 moribus
1805 2641 1946 2681 refor-

310 2713 510 2753 mandos
545 2713 678 2752 nobis
713 2711 1001 2752 committere
1032 2712 1295 2762 consuevit,
1327 2712 1450 2752 hanc
1477 2713 1599 2752 enim
1633 2711 1688 2752 de
1723 2712 1949 2752 societate

311 2791 474 2823 nostra
496 2782 889 2822 existimationem
911 2782 1136 2832 concepit,
1161 2781 1285 2833 quod
1308 2782 1354 2822 in
1375 2783 1652 2822 reducendis
1675 2782 1733 2822 ad
1755 2782 1942 2823 Creato-

310 2866 413 2894 rem
436 2854 587 2904 ipsum
609 2852 853 2892 animabus
877 2852 1195 2902 maximopere
1218 2853 1389 2892 valeat.
1409 2852 1530 2903 Quin
1552 2859 1596 2893 et
1617 2853 1706 2905 ipsi
1728 2853 1943 2893 sacerdo-

308 2931 382 2964 tes
405 2935 585 2975 quoque
607 2922 894 2974 profitentur,
915 2934 995 2962 eos
1018 2923 1096 2973 qui
1113 2923 1338 2962 hactenus
1356 2923 1713 2975 degenerarunt,
1733 2935 1825 2963 non
1846 2930 1941 2963 tam

306 2994 489 3034 nostris
510 2993 811 3033 concionibus
839 2999 883 3032 et
904 2993 1270 3043 hortationibus,
1295 2994 1510 3044 quamvis
1533 2995 1726 3034 multum
1754 3006 1835 3033 eae
1865 3006 1945 3033 va-
