2080 3392
302 138 372 173 274
811 138 1036 174 LITTERAE
1063 149 1423 181 QUADRIMESTRES

302 245 356 273 ac
378 234 585 283 domum,
610 244 665 272 ac
686 233 860 282 petenti
885 233 1116 273 rationem
1146 233 1457 274 instituendae
1486 234 1760 285 iuventutis,
1791 237 1935 276 tradi-

300 312 373 343 tae
395 310 501 343 sunt
524 303 714 353 regulae
736 302 1145 353 scholasticorum,
1169 315 1286 355 quas
1307 305 1526 355 perlegit,
1550 317 1605 345 ac
1637 317 1930 358 summopere

298 385 446 418 nrum.
472 385 649 413 morem
670 380 714 413 et
735 374 998 414 institutum
1019 374 1387 424 commendavit,
1412 386 1467 415 ac
1489 376 1702 416 omnibus
1731 377 1928 429 denique

297 444 434 484 rebus
463 443 601 483 valde
628 450 890 484 commotus
920 456 1022 484 sese
1053 450 1200 484 totum
1236 445 1401 500 obtulit
1428 445 1672 496 Societati,
1704 447 1933 498 pollicens

297 527 431 573 suum
463 514 664 554 studium
695 521 960 565 etoperam
994 526 1226 566 nusquam
1260 515 1393 554 nobis
1420 515 1696 557 defuturam.
1729 516 1805 558 Ad
1839 518 1927 558 hoc

296 586 413 627 civis
443 585 654 637 quidam,
691 585 830 625 homo
864 586 1122 625 honoratus
1155 598 1211 626 ac
1238 586 1532 637 Iurisperitus
1562 594 1604 626 et
1635 588 1764 628 senio
1792 600 1927 628 vene-

294 657 490 707 randus,
514 668 654 707 quum
683 656 885 707 quodam
912 657 985 696 die
1014 657 1194 696 audiret
1224 657 1498 696 concionem
1529 657 1575 696 in
1604 670 1702 697 nro.
1736 661 1925 710 templo,

293 727 451 768 divino
473 726 660 766 numine
682 726 798 766 adeo
819 726 1038 766 incensus
1068 727 1152 766 fuit
1181 726 1240 766 ad
1269 727 1545 777 religionem
1573 728 1854 775 chrianam.‚
1877 736 1928 770 ut

293 797 455 838 codem
476 797 548 837 die
569 808 790 837 reversus
819 805 868 837 ut
899 809 1044 848 prem.
1080 798 1415 848 alloqueretur,
1446 809 1500 837 eo
1528 811 1620 838 non
1650 806 1856 851 reperto,
1880 801 1927 840 in

292 869 428 909 dubio
461 875 603 908 esset:
627 879 736 908 nam
767 868 832 908 ita
863 875 962 908 erat
994 857 1408 918 inflammatussfut
1440 869 1520 908 vix
1551 870 1737 910 modum
1769 876 1927 911 tenere

290 941 442 980 sciret.
478 939 711 990 Quocirca
742 939 993 978 accersivit
1029 939 1278 990 quemdam
1313 951 1370 978 ex
1400 939 1587 989 fribus,
1626 952 1681 980 ac
1716 941 1757 980 ei
1791 953 1925 982 suam

290 1017 492 1051 mentem
526 1009 779 1061 expressit,
812 1010 901 1049 hoc
928 1016 1017 1057 est,
1054 1021 1311 1061 percupere
1337 1010 1567 1049 inservire
1595 1010 1757 1062 pietati
1788 1024 1843 1051 ac
1874 1024 1923 1052 se

291 1089 438 1131 totu-m
459 1081 643 1121 tradere
665 1080 803 1120 rebus
825 1081 1015 1128 divinis;
1043 1080 1333 1132 addebatque
1355 1092 1403 1120 se
1431 1080 1658 1121 hactenus
1681 1093 1774 1121 non
1796 1083 1923 1123 intel-

287 1153 458 1193 lexisse
480 1152 589 1203 quid
608 1158 730 1191 esset
751 1151 936 1191 divinus
958 1152 1121 1191 cultus,
1147 1150 1395 1191 Praeterea
1417 1151 1603 1202 quidem
1620 1164 1668 1191 se
1688 1164 1742 1192 ac
1762 1165 1923 1193 omnes

288 1225 499 1263 fortunas
529 1234 638 1262 suas
666 1221 957 1262 obedientiae
990 1221 1106 1261 Pris.
1141 1222 1378 1272 tradebat,
1413 1222 1659 1262 declarans
1687 1234 1736 1262 se
1763 1235 1922 1274 percu-

288 1307 396 1345 pere
418 1294 516 1333 ficri
537 1292 717 1333 fidelem
739 1292 845 1343 Xpi.
871 1304 1074 1332 servum.
1094 1292 1164 1331 Ac
1187 1304 1344 1332 rerum
1362 1301 1486 1332 certe
1502 1300 1698 1333 eventus
1714 1294 1923 1334 declarat

288 1365 490 1405 hominis
518 1364 735 1403 studium.
765 1363 949 1403 Etenim
979 1363 1035 1402 ab
1065 1363 1142 1402 illo
1172 1368 1380 1414 tempore
1411 1364 1607 1415 sumpsit
1641 1365 1921 1416 principium

287 1436 482 1486 singulis
513 1435 675 1474 diebus
705 1434 949 1474 dominicis
981 1433 1191 1474 confiteri
1220 1440 1415 1486 peccata
1443 1446 1541 1474 nro.
1576 1435 1720 1486 patri,
1746 1447 1801 1475 ac
1821 1448 1922 1477 coe-

288 1519 394 1547 nam
427 1505 501 1546 Xst
528 1506 620 1545 dni.
654 1505 790 1545 edere
819 1516 924 1544 cum
954 1515 1126 1555 magno
1159 1517 1242 1545 suo
1273 1504 1427 1545 fructu
1459 1511 1502 1545 et
1530 1506 1672 1545 totius
1699 1506 1918 1547 familiae.

292 1578 418 1618 Uxor
453 1588 653 1627 namque
690 1587 1027 1626 saepenumero
1056 1575 1227 1626 excipit
1257 1575 1603 1616 sanctissimum
1632 1576 1705 1616 X.i
1732 1588 1916 1628 corpus:

287 1648 402 1688 adeo
426 1648 631 1687 animum
653 1646 712 1686 ad
732 1658 808 1686 res
830 1646 1016 1685 divinas
1032 1645 1211 1685 confert
1233 1652 1282 1686 ut
1304 1646 1450 1686 oibus.
1481 1646 1539 1686 sit
1561 1646 1840 1688 institutioni
1862 1660 1916 1688 ac

286 1719 416 1759 nobis
437 1718 698 1770 suppeditet
721 1728 941 1768 magnam
964 1717 1209 1757 materiam
1231 1717 1455 1757 christum
1484 1717 1654 1757 Dnum.
1678 1719 1914 1759 laudandi.

286 1791 414 1830 Haec
442 1790 604 1829 mulier
634 1788 816 1828 iuvenis
844 1787 1031 1839 quidem
1059 1788 1265 1828 cernitur
1293 1794 1466 1828 aetate:
1496 1789 1740 1840 prudentia
1762 1795 1915 1830 autem

285 1868 327 1901 et
350 1860 576 1900 modestia
598 1871 755 1899 senex.
780 1858 988 1899 Efficitur
1008 1859 1235 1910 piscatrix
1257 1859 1518 1898 animarum
1541 1871 1595 1899 ac
1618 1871 1757 1911 quam
1777 1861 1915 1911 pluri-

284 1943 386 1971 mas
414 1938 655 1970 matronas
685 1930 829 1981 capit,
863 1941 917 1968 ac
948 1929 993 1968 in
1022 1929 1138 1969 chri.
1171 1929 1278 1968 Dni.
1302 1936 1398 1969 rete
1420 1930 1639 1970 immittit.
1672 1930 1792 1970 Huic
1814 1939 1914 1972 erat

284 2002 474 2049 ancilla,
500 2001 573 2040 cui
595 2000 781 2051 quidem
808 2000 922 2039 nihil
949 2006 1045 2039 tam
1076 1999 1273 2039 arduum
1300 2007 1344 2039 et
1374 2001 1618 2040 molestum
1646 2008 1745 2040 erat
1774 2013 1914 2052 quam

283 2073 629 2122 eleemosynam
656 2071 846 2121 elargiri
879 2070 1181 2121 pauperibus,
1205 2070 1420 2121 quamvis
1448 2071 1493 2110 id
1524 2082 1665 2121 agere
1685 2072 1772 2111 sibi
1792 2071 1913 2112 foret

282 2144 637 2195 praescriptum.
668 2141 731 2181 At
760 2141 897 2181 modo
925 2147 1050 2180 certe
1081 2140 1196 2181 adeo
1230 2148 1409 2181 mutata
1439 2148 1508 2181 est
1539 2148 1583 2181 et
1615 2143 1740 2182 omni
1770 2143 1911 2183 animi

281 2215 516 2266 pravitate
538 2219 699 2263 exuta,
723 2219 771 2252 ut
793 2212 903 2252 illud
923 2223 1065 2251 unum
1081 2218 1269 2262 expetat
1290 2218 1334 2251 et
1354 2213 1645 2263 propositum
1667 2213 1787 2253 inter
1810 2226 1909 2254 cae-

280 2293 381 2326 tera
412 2285 582 2324 habeat
617 2284 732 2323 bene
760 2282 928 2322 mereri
955 2282 1010 2322 de
1037 2282 1320 2333 pauperibus
1346 2283 1502 2334 eisque
1534 2283 1659 2322 omni
1680 2284 1908 2324 charitate

280 2357 522 2396 inservire.
545 2354 737 2394 Necnon
759 2353 947 2393 assidua
967 2352 1259 2392 confessione
1283 2365 1337 2393 ac
1362 2365 1470 2393 vero
1493 2355 1766 2404 angelorum
1787 2367 1908 2406 pane

280 2427 594 2466 inflammatur
626 2424 685 2464 ad
727 2424 913 2475 pietatis
954 2423 1121 2462 studia.
1168 2423 1569 2463 Commemoratus
1607 2424 1715 2464 item
1757 2432 1907 2476 pater-

278 2498 480 2537 familias
508 2495 847 2535 studiosissime
874 2494 1070 2534 inservit
1102 2494 1421 2545 proximorum
1452 2496 1603 2534 saluti.
1634 2494 1753 2535 Nam
1779 2502 1906 2536 arcet

278 2568 488 2608 homines
509 2567 730 2617 cuiusque
753 2564 929 2604 ordinis
957 2565 1013 2604 ab
1041 2565 1166 2604 omni
1194 2565 1488 2616 improbitate
1515 2565 1740 2617 nobisque
1766 2566 1904 2606 addu-

277 2639 338 2678 cit
367 2638 425 2677 ad
461 2636 770 2677 confessionis
797 2636 980 2686 asylum
1015 2641 1058 2674 et
1091 2635 1238 2675 vitam
1270 2636 1527 2676 chi-ianam.
1559 2635 1634 2676 Ad
1668 2637 1783 2676 haec
1817 2648 1905 2676 nos

276 2715 516 2759 tantopere
538 2708 688 2757 diligit
710 2707 970 2757 charosque
991 2706 1154 2755 habet,
1178 2712 1226 2745 ut
1249 2717 1411 2756 parem
1439 2713 1517 2746 aut
1538 2707 1655 2746 forte
1678 2707 1905 2747 maiorem

275 2780 502 2819 rationem
523 2789 679 2817 rerum
706 2788 913 2816 nrarum.
950 2776 1119 2815 habeat
1146 2787 1286 2826 quam
1314 2788 1399 2816 nos
1430 2777 1532 2828 ipsi.
1565 2777 1615 2816 In
1643 2789 1727 2817 nos
1763 2777 1902 2817 etiam

275 2860 446 2899 magna
469 2847 648 2887 confert
668 2846 891 2886 beneficia
920 2852 964 2885 et
994 2846 1220 2896 imprimis
1243 2848 1543 2887 vehementer
1566 2847 1803 2887 contendit
1824 2859 1901 2887 no-

272 2921 343 2959 bis
365 2930 531 2970 parare
553 2920 707 2956 locum
741 2924 899 2967 aptum
926 2916 1119 2965 scholis,
1150 2916 1286 2967 idque
1313 2917 1520 2968 profecto
1547 2918 1671 2957 omni
1699 2929 1782 2957 sua
1813 2928 1902 2968 ope
