2080 3392
807 121 888 158 ΑΝ.
921 122 1013 159 1554
1659 123 1728 158 700

87 217 202 256 nihil
232 218 357 258 aliud
379 229 519 269 quam
540 218 777 258 benedixit
798 217 919 267 Deo,
944 224 1009 268 et,
1034 224 1203 270 pacato
1226 219 1405 269 animo,
1430 230 1569 270 quam
1591 220 1728 270 parvi

87 288 263 328 faceret
281 289 405 340 quod
419 288 702 340 perdiderat,
722 288 768 328 in
785 288 901 328 haec
919 289 1064 329 verba
1083 290 1306 330 ostendit:
1331 290 1568 330 Dominus
1583 290 1728 337 (ledit,

87 359 326 399 Dominus
355 359 576 409 abstulit,
604 365 692 399 etc.
725 359 854 399 Haec
883 359 939 399 de
976 359 1157 410 injuriis
1192 361 1451 413 opibusque
1486 362 1729 411 neglectis.

88 430 175 470 etsi
196 430 465 479 minutiora,
503 430 681 470 idcirco
713 430 948 469 lubentius
978 432 1138 481 retuli,
1175 443 1265 483 quo
1287 444 1314 471 a
1335 432 1545 483 pristinis
1567 432 1734 472 horum

89 501 330 541 hominum
353 501 560 541 moribus
582 501 736 552 magis
757 501 1031 541 viderentur
1050 503 1219 543 aliena.

167 571 259 612 Sed
279 579 324 612 et
343 572 456 612 illud
477 578 684 612 mutatos
712 572 955 612 hominum
983 573 1164 638 animos
1192 582 1237 614 et
1267 586 1410 626 opera
1442 576 1646 615 maxime
1668 575 1735 614 in·

86 644 227 694 dicat,
252 643 374 694 quod
395 643 452 683 ab
473 643 544 693 iis,
569 644 647 695 qui
668 644 786 683 haec
808 644 1020 695 apprime
1041 652 1228 695 norunt,
1249 646 1424 686 dictum
1442 647 1723 687 audivimus:

81 713 178 765 jam
203 726 380 766 paucos
407 714 497 754 hoc
533 721 746 767 tempore
781 715 828 754 in
863 715 1132 755 carceribus
1166 728 1314 756 nexos
1350 717 1568 769 detineri,
1607 717 1729 770 quod

86 786 272 837 quidem
302 785 367 825 illi
398 786 465 826 sic
500 786 758 837 accipiunt,
792 786 927 838 quasi
964 787 1278 828 certissimum
1308 788 1367 828 sit
1400 795 1727 840 argumentum

85 857 361 897 emendatae
389 857 618 906 civitatis,
651 869 771 909 quae
801 864 846 897 et
876 857 998 897 mala
1029 857 1257 909 intelligat
1285 859 1490 910 apertius
1512 867 1556 900 et
1579 860 1635 900 ab
1658 860 1730 899 his

88 927 272 968 facilius
295 928 570 980 cautiusque
592 929 806 969 declinet.

165 998 492 1051 Quadraginta
514 1000 739 1040 horarum
760 1001 983 1041 continua
1005 1001 1274 1052 deprecatio
1296 1002 1356 1042 ad
1378 1001 1545 1053 Deum,
1570 1003 1722 1053 proxi-

84 1071 171 1111 mis
193 1070 528 1112 penthecostes
550 1072 726 1121 diebus‚
747 1073 913 1113 maiori
930 1084 1071 1124 quam
1088 1084 1293 1124 unquam
1312 1074 1561 1113 devotione
1579 1080 1623 1113 et
1640 1073 1727 1114 fre-

90 1143 280 1193 quentia
301 1142 427 1183 facta
448 1149 532 1194 est,
556 1150 606 1184 ut
627 1144 756 1184 horis
778 1144 954 1196 aliquot
982 1144 1088 1194 diei,
1113 1144 1190 1196 qui
1211 1144 1270 1184 ad
1300 1144 1529 1184 orandum
1558 1156 1724 1185 conve-

91 1219 274 1265 nerant,
299 1215 523 1266 templum
544 1221 756 1256 nostrum
783 1217 1032 1268 replerent.
1057 1215 1271 1256 Duorum
1303 1228 1486 1267 quoque
1515 1228 1723 1267 operum,

93 1296 214 1336 quae
237 1286 384 1325 altero
407 1286 739 1337 quadrimestri
755 1294 923 1339 coepta
939 1287 1140 1333 fuerant,
1163 1287 1271 1327 huic
1294 1286 1504 1337 Collegio
1527 1299 1641 1328 cura
1662 1288 1726 1327 in-

89 1356 280 1407 cumbit,
305 1362 350 1396 et
370 1368 489 1397 unus
518 1369 577 1398 ex
606 1357 824 1398 Patribus
851 1358 959 1398 huic
987 1364 1058 1398 est
1086 1359 1270 1398 muneri
1300 1357 1574 1398 destinatus.
1609 1357 1726 1398 Sunt

85 1432 242 1466 autem
263 1427 356 1477 illa,
381 1428 421 1468 si
441 1428 561 1468 forte
591 1441 686 1469 non
712 1429 994 1480 memineris,
1026 1429 1336 1470 Ascensionis
1363 1428 1717 1476 Monasterium,

82 1498 183 1538 sive
201 1497 361 1538 Sancti
383 1499 641 1550 Michaelis,
666 1507 710 1540 et
730 1501 1024 1552 probationis
1052 1500 1233 1549 domus,
1256 1501 1304 1540 in
1331 1512 1471 1552 quam
1499 1512 1549 1540 se
1578 1512 1721 1540 mere-

82 1569 223 1609 trices
244 1570 489 1622 recipiant,
514 1571 681 1623 quibus
709 1579 778 1612 est
799 1572 983 1612 animus
1012 1584 1039 1612 a
1065 1577 1262 1623 peccato
1285 1571 1537 1612 resiliendi.
1562 1572 1612 1612 In
1633 1572 1721 1611 hac

87 1641 251 1681 vivunt
265 1653 388 1682 nunc
406 1643 678 1683 meretrices
695 1643 977 1695 quindecim,
1003 1655 1203 1695 quarum
1224 1643 1473 1684 duodecim
1488 1649 1721 1683 monaste-

82 1712 218 1762 rium,
243 1713 321 1764 qui
344 1725 682 1754 conversarum
703 1714 886 1763 dicitur,
908 1713 1092 1765 ingredi
1114 1720 1393 1754 statuerunt.
1414 1714 1465 1754 In
1487 1722 1718 1754 monaste-

82 1783 150 1824 rio
180 1795 293 1824 vero
326 1784 372 1823 17
408 1785 618 1836 virgines
653 1786 824 1826 mirum
859 1797 1000 1837 quarn
1035 1797 1231 1826 suavem
1265 1792 1362 1826 tota
1392 1785 1505 1826 urbe
1529 1786 1721 1826 odorem

82 1866 175 1894 non
197 1861 295 1895 tam
315 1855 548 1896 humanae
571 1869 712 1909 quam
739 1858 982 1908 angelicae
1010 1857 1137 1897 vitae
1166 1864 1457 1908 sparserunt.
1489 1856 1585 1897 Nec
1608 1869 1715 1908 pau-

81 1937 163 1966 cas
184 1937 298 1966 suae
316 1928 581 1968 sanctitatis
599 1928 727 1969 fama
750 1929 954 1969 invitant
976 1929 1022 1968 in
1043 1940 1179 1968 suurn
1197 1928 1511 1978 consortium3
1533 1928 1615 1968 sed
1632 1928 1721 1968 hoc

82 2004 292 2049 tempore
313 2010 407 2038 non
427 1999 582 2039 visum
603 2006 673 2040 est
694 2000 952 2040 consultius
976 2000 1119 2039 ullam
1140 1999 1402 2039 admittere.

160 2067 237 2110 Ad
258 2081 476 2111 carceres
491 2083 584 2111 non
600 2083 710 2111 raro
729 2077 961 2111 vocantur
979 2070 1158 2121 Patres,
1180 2077 1223 2110 et
1241 2083 1295 2111 eo
1316 2070 1608 2122 frequentius
1629 2083 1720 2122 quo

82 2141 273 2191 aegrius
294 2141 397 2182 aliis
417 2154 557 2194 quam
574 2143 762 2193 nostris,
784 2143 862 2194 qui
882 2143 1026 2182 vincti
1043 2148 1274 2192 tenentur,
1300 2142 1514 2182 confiteri
1536 2143 1714 2182 volunt.

83 2211 134 2250 In
165 2211 309 2252 Italae
346 2213 517 2265 oppido
552 2215 697 2254 multo
729 2215 908 2266 plures,
943 2226 1083 2266 quam
1109 2225 1193 2265 pro
1221 2225 1371 2264 more,
1395 2214 1610 2265 proximo
1637 2213 1718 2253 Pa-

82 2282 198 2322 scha
233 2283 437 2324 confessi
474 2292 598 2336 sunt,
632 2291 677 2326 et
708 2285 1015 2326 concionibus
1050 2285 1420 2336 lectionibusque
1453 2284 1614 2324 rudior
1645 2285 1719 2324 ille

80 2354 280 2406 populus
301 2367 395 2395 non
415 2356 716 2397 mediocriter
743 2356 1026 2406 delectatur;
1058 2355 1104 2395 id
1127 2356 1251 2407 quod
1277 2355 1498 2406 frequens
1530 2356 1710 2405 concio,

81 2437 202 2476 quae
223 2426 331 2466 illuc
362 2429 603 2477 convenit,
634 2429 857 2468 declarat.
882 2427 979 2468 Nec
1011 2428 1212 2467 desitum
1244 2433 1314 2467 est
1343 2427 1389 2467 in
1420 2426 1593 2467 Sancto
1615 2427 1714 2467 Phi-

79 2496 204 2548 lippo
227 2497 388 2538 diebus
416 2498 662 2539 dominicis
690 2499 886 2539 Verbum
913 2499 1002 2538 Dei
1032 2498 1313 2550 praedicari.
1339 2497 1519 2538 Horum
1549 2510 1598 2538 se
1625 2498 1716 2538 sru-

79 2573 239 2607 ctuum
260 2569 486 2619 suavitas,
511 2581 618 2609 cum
639 2582 697 2609 ex
718 2570 790 2609 his
808 2570 1007 2621 oppidis,
1028 2576 1127 2609 tum
1144 2580 1203 2608 ex
1219 2569 1411 2608 civitate
1429 2569 1534 2616 hac,
1559 2569 1715 2609 vicina

78 2638 125 2678 in
146 2639 248 2678 loca
267 2639 462 2680 diffudit.
482 2640 891 2681 Thauronimitani
909 2641 1139 2691 siquidem
1157 2652 1282 2680 nunc
1301 2639 1562 2690 Collegium
1578 2640 1715 2692 hujus

76 2707 324 2750 Societatis
345 2717 583 2761 expetunt,
608 2717 652 2751 et
673 2711 856 2752 incolae
878 2711 1051 2763 oppidi,
1075 2710 1199 2762 quod
1219 2710 1372 2750 Sauca
1396 2711 1582 2761 dicitur,
1602 2713 1712 2751 alte-

80 2790 197 2818 rum.
227 2779 437 2820 Catanae
465 2793 649 2833 quoque
677 2794 784 2833 spes
812 2788 881 2822 est
908 2781 1131 2831 futurum,
1162 2781 1300 2833 idque
1332 2782 1533 2822 fortasse
1562 2783 1710 2823 brevi.

80 2849 333 2891 Abbatiam
354 2851 478 2891 enim
498 2853 763 2903 quamdam,
787 2865 907 2904 quae
929 2853 986 2892 ab
1004 2853 1082 2892 illa
1098 2853 1212 2892 urbe
1233 2864 1326 2892 non
1344 2853 1482 2904 longe
1499 2854 1646 2905 abest,
1666 2855 1713 2893 in

77 2921 337 2961 subsidium
366 2923 522 2974 hujus,
552 2924 640 2963 hoc
676 2931 745 2964 est
779 2923 1111 2974 Messanensis,
1143 2923 1343 2974 Collegii
1373 2932 1416 2965 et
1454 2925 1591 2974 illius,
1624 2926 1713 2966 hoc
