2080 3392
830 207 913 243 Ax.
947 207 1037 243 1554
1684 203 1755 240 665

116 308 258 348 aliam
279 307 577 348 occasionem
598 306 983 357 praestolamur„
1018 304 1103 344 His
1125 303 1407 351 rationibus,
1432 303 1652 352 theologo
1674 312 1750 352 pa-

116 390 220 419 rum
241 379 416 430 dignis,
439 378 573 418 nobis
594 376 869 417 satisfacere
891 376 1082 416 studuit.

195 450 507 501 Posteaquam
530 459 788 489 consensus
809 448 1138 498 theologorum
1167 446 1438 497 extorqueri
1464 457 1557 485 non
1586 444 1749 496 potuit,

114 521 462 572 supersedimus
484 520 722 560 laboribus
742 519 885 559 hisce.
909 518 973 559 At
994 518 1185 570 quidam
1205 516 1455 558 Societatis
1475 516 1654 556 amicus
1670 527 1753 567 per

114 593 309 633 fratrem
339 604 496 641 suurn,
528 591 741 632 Aedilem
771 589 816 631 S.
849 589 1030 641 Sulpitii
1063 589 1156 641 (qui
1188 590 1340 637 locus,
1376 601 1402 628 a
1429 586 1753 638 jurisdictione

114 663 335 715 Episcopi
356 663 555 711 alienus,
588 661 828 702 Cardinali
858 660 1091 701 Turnensi
1120 659 1333 700 subditus
1358 661 1458 708 est),
1490 659 1754 698 libertatem

112 734 361 786 Evangelii
380 733 684 786 praedicandi
705 732 817 772 mihi
838 732 1091 772 conciliare
1112 730 1302 770 studuit.
1332 730 1395 770 At
1424 741 1565 781 quum
1585 729 1752 769 Pastor

113 806 234 846 illius
269 805 518 853 ecclesiae,
549 805 712 845 doctor
745 804 1013 854 theologus,
1043 802 1178 842 nobis
1205 813 1372 852 parum
1405 801 1505 852 spei
1539 801 1750 849 donaret,

112 878 282 917 frivola
305 877 486 916 ratione
508 876 730 927 petitores
748 875 984 926 repulsam
1005 873 1134 925 passi
1155 878 1277 912 sunt.

194 948 405 988 Tandem
440 947 735 987 consiliarius
770 946 980 998 quidam,
1019 944 1361 995 impensissime
1400 956 1513 995 erga
1553 943 1754 984 Societa-

114 1029 206 1060 tem
227 1018 447 1068 affectus,
472 1018 703 1058 Dominus
723 1016 800 1058 Du
820 1016 950 1057 Mont
981 1016 1012 1067 ¹,
1036 1016 1109 1056 his
1138 1015 1321 1055 cavillis
1343 1022 1386 1055 et
1409 1016 1660 1055 multorum
1682 1026 1754 1054 ca-

114 1091 301 1131 lumniis
332 1089 560 1141 offensus,
594 1096 783 1129 strenue
811 1100 912 1129 rem
938 1093 1152 1128 nostram
1188 1086 1484 1137 aggreditur3
1525 1086 1620 1126 adit
1649 1085 1755 1137 Epi-

115 1174 310 1214 scopum
337 1161 672 1211 Parisiensem,
704 1160 976 1200 facultatem
1003 1158 1116 1198 mihi
1144 1157 1395 1209 petiturus,
1429 1163 1477 1197 ut
1506 1157 1631 1209 apud
1652 1169 1755 1197 san-

114 1240 239 1275 ctam
265 1233 544 1273 Trinitatem
570 1232 794 1283 postridie
825 1229 1097 1271 concionari
1124 1228 1236 1268 mihi
1266 1228 1338 1268 fas
1366 1229 1445 1277 sit,
1475 1229 1752 1280 Episcopus,

115 1305 321 1356 alioquin
354 1304 634 1344 Consiliario
668 1302 1085 1350 familiarissimus,
1114 1300 1356 1351 respondit
1386 1301 1633 1351 theologos
1669 1299 1754 1339 sibi

115 1376 331 1417 retulisse
352 1374 634 1416 Societatem
656 1380 867 1414 nostram
883 1385 983 1414 rem
1004 1385 1106 1413 esse
1123 1372 1333 1413 illicitam
1355 1383 1496 1423 seque
1517 1382 1756 1427 nunquam

115 1460 200 1488 nec
236 1447 548 1488 concionandi
586 1458 673 1486 nec
707 1445 1028 1486 confessiones
1063 1444 1282 1485 audiendi
1316 1443 1589 1483 facultatem
1623 1442 1758 1482 nobis

114 1519 474 1571 permissurum,
498 1518 609 1568 nisi,
634 1517 870 1558 communi
898 1528 1028 1557 more
1050 1516 1337 1567 reliquorum
1359 1513 1688 1564 Sacerdotum,
1713 1520 1756 1553 et

115 1590 335 1642 potestati
365 1595 409 1629 et
433 1589 748 1641 J'urisdictioni
778 1599 891 1628 suae
919 1587 1188 1627 subdamur.
1222 1587 1319 1627 Iam
1349 1586 1487 1626 tertio
1518 1586 1754 1636 repulsam

115 1662 243 1713 passi
264 1660 467 1701 Domino
495 1660 687 1711 negotia
709 1664 868 1700 nostra
899 1659 1296 1699 commendamus.
1327 1657 1432 1697 Fiat
1464 1657 1640 1708 optima
1670 1655 1754 1695 Dei

117 1734 360 1783 voluntas,
385 1744 525 1784 quam
546 1743 683 1771 nemo
704 1731 892 1771 irritare
913 1735 1068 1782 potest
1089 1730 1372 1770 mortalium.

196 1804 298 1844 Hoc
334 1815 493 1844 mense
531 1802 684 1843 Patris
724 1803 927 1854 impulsu
969 1801 1028 1842 ad
1068 1801 1322 1841 Abbatiam
1364 1800 1638 1852 quamdam,
1685 1800 1758 1839 cui

116 1875 324 1916 nondum
345 1874 558 1915 Societas
584 1875 873 1924 innotuerat,
906 1873 1100 1922 missus,
1132 1872 1406 1912 concionem
1434 1871 1505 1911 bis
1532 1870 1674 1911 habui
1695 1869 1757 1918 iu-

114 1948 253 1988 bilaei
274 1959 300 1987 a
321 1946 546 1987 Pontifice
572 1945 762 1987 Summo
791 1944 959 1985 indulti
989 1951 1198 1995 tempore
1231 1954 1337 1983 cum
1366 1943 1488 1982 bona
1518 1941 1756 1992 religiosa-

116 2030 221 2059 rum
250 2024 294 2058 et
322 2018 580 2058 astantium
612 2017 880 2057 auditorum
909 2016 1059 2067 fruge.
1090 2015 1261 2055 Mirum
1288 2019 1357 2054 est
1388 2024 1530 2064 quam
1557 2013 1758 2063 benigne

115 2090 286 2130 ibidem
305 2102 400 2130 non
432 2089 570 2130 modo
600 2094 826 2140 exceptus
848 2088 947 2139 ipse
968 2087 1160 2135 fuerim,
1185 2086 1267 2126 sed
1297 2084 1509 2126 Societas
1532 2084 1754 2124 universa

118 2161 311 2202 mirifice
343 2167 510 2201 evecta
537 2160 696 2211 fuerit,
728 2159 1130 2209 circumcingente
1166 2169 1238 2197 me
1268 2156 1473 2208 undique
1505 2155 1758 2206 Virginum

120 2244 311 2273 corona.
335 2232 462 2272 Laus
484 2233 543 2272 sit
564 2232 667 2272 Deo
691 2237 866 2272 nostro.

199 2304 270 2344 De
300 2289 455 2344 Patris
487 2303 724 2342 laboribus
759 2302 884 2354 apud
914 2301 1158 2348 Senatum,
1193 2311 1309 2351 quos
1344 2310 1438 2339 non
1477 2298 1761 2349 suscepisset

119 2376 209 2416 nisi
231 2381 424 2415 coactus
450 2381 549 2414 tum
570 2372 835 2425 Episcopi²‚
866 2379 964 2413 turn
985 2372 1245 2412 amicorum
1265 2371 1454 2410 hortatu
1472 2382 1528 2410 ac
1553 2369 1761 2420 negotio-

119 2459 221 2487 rum
243 2447 514 2496 occasione,
538 2445 767 2497 proximis
796 2445 944 2485 literis
972 2444 1132 2492 latius,
1156 2455 1214 2482 ne
1235 2442 1506 2493 prolixitate
1533 2452 1761 2481 veneran-

120 2519 229 2559 dam
250 2517 589 2558 paternitatem
608 2523 738 2557 tuam
755 2515 1007 2556 offendam.

199 2589 365 2629 Patres
385 2588 648 2639 fratresque
666 2587 876 2627 universi
902 2598 1127 2639 prospere
1149 2586 1328 2634 Valent,
1360 2596 1415 2624 ac
1448 2595 1533 2623 suo
1563 2583 1761 2633 fungun-

120 2667 195 2701 tur
217 2660 391 2709 offici0‚
417 2671 559 2711 seque
580 2665 706 2698 totos
728 2657 1040 2698 Reverentiae
1061 2663 1169 2697 tuae
1187 2654 1525 2696 officiosissime
1543 2653 1760 2698 offerunt,

120 2732 333 2781 tradunt,
369 2730 610 2780 dedicant,
643 2741 844 2781 quorum
878 2730 982 2780 pios
1012 2728 1207 2768 affectus
1240 2733 1498 2778 sanctaque
1528 2725 1761 2766 desideria

120 2802 365 2843 sacrificiis
396 2808 439 2841 et
471 2801 762 2841 orationibus
792 2800 884 2840 tuis
910 2799 1100 2850 juvare,
1131 2809 1435 2849 promovere,
1460 2808 1515 2836 ac
1537 2795 1762 2848 perficere

176 2989 186 3008 ¹
228 2988 316 3016 Vide
332 2988 427 3021 Prat,
445 2988 465 3014 l.
482 2995 522 3018 c..
538 2992 628 3021 part.
644 2993 693 3019 111,
709 2986 765 3012 lib.
782 2992 803 3017 1,
820 2992 899 3018 pag.
911 2984 973 3011 203.

175 3036 190 3055 2
228 3036 386 3070 Intellige
402 3035 725 3067 Claramontanum,
741 3040 806 3059 non
821 3031 1060 3059 Parisiensem.
