2080 3392
288 174 358 211 312
799 176 1025 214 LITTERAE
1051 188 1408 220 QUADRIMESTRES

290 270 401 309 victi
430 277 604 321 essent,
639 273 999 324 eorumdemque
1026 274 1397 314 machinationes
1427 275 1491 314 nil
1512 275 1598 315 nisi
1620 276 1921 327 deceptiones

288 340 459 379 diaboli
480 352 581 380 esse
611 348 868 394 constaret,
891 343 1059 383 maiori
1079 343 1270 394 fiducia,
1305 346 1431 385 omni
1462 347 1654 397 expulso
1683 346 1738 386 de
1769 347 1916 387 cordi·

287 410 372 450 bus
406 413 645 462 scrupulo,
681 414 816 464 quasi
851 415 1064 454 certatim
1101 416 1327 466 praedicti
1357 416 1527 456 subditi
1563 417 1622 456 ad
1656 429 1741 457 nos
1778 418 1915 457 confi-

287 481 413 520 tendi
446 482 601 532 gratia
635 483 797 524 venire
832 485 1131 525 contendunt.
1169 486 1251 526 Est
1286 493 1442 526 autem
1475 487 1745 537 gratissima
1772 487 1919 539 Magi·

288 552 398 591 stris
428 552 722 594 Cathedralis
751 553 911 595 Sancti
937 555 1062 596 Petri
1089 558 1316 597 ecclesiae
1341 557 1493 597 Patris
1520 558 1668 598 nostri
1701 570 1916 610 praesen-

288 623 371 673 tia,
397 635 503 663 cum
524 624 712 664 videant
735 625 782 665 in
803 626 901 666 dies
923 639 1135 667 crescere
1163 639 1407 667 numerum
1435 628 1774 680 confitentium,
1808 636 1851 669 et
1871 630 1918 669 in

287 695 500 745 opposito
536 695 697 735 altaris
735 697 1017 737 venerabilis
1056 697 1348 738 Sacramenti
1385 710 1511 738 nova
1552 711 1606 739 ac
1646 706 1919 751 sumptuosa

286 765 521 804 iusserunt
541 765 640 805 fieri
661 767 822 807 sedilia
840 768 1021 808 caelata
1042 775 1086 808 et
1109 769 1258 809 instar
1278 781 1468 809 mensae
1485 776 1703 821 coaptata
1720 771 1766 810 in
1785 776 1921 822 parte

288 836 537 887 anteriori,
578 837 625 876 in
666 832 830 889 quibus
869 839 1082 879 omnibus
1127 840 1372 880 dominicis
1419 840 1691 892 festivisque
1739 841 1916 893 diebus,

288 906 535 946 substratis
565 907 889 957 pulcherrimis
918 910 1204 960 mantilibus,
1229 911 1419 962 scyphis
1446 912 1704 962 argenteis,
1725 912 1920 963 aliisque

290 976 349 1016 ad
369 977 595 1017 maiorem
615 978 826 1019 internae
856 980 1042 1031 pietatis
1069 981 1399 1021 excitationem
1426 982 1672 1033 appositiS,
1706 983 1921 1023 omnibus

289 1048 619 1088 accedentibus
653 1048 1011 1090 Sanctissimum
1044 1051 1367 1092 Eucharistiae
1394 1051 1750 1093 Sacramentum
1777 1053 1917 1093 admi-

288 1118 527 1158 nistratur.
564 1120 758 1171 Insuper
792 1120 921 1161 Patri
956 1121 1247 1162 tradiderunt
1280 1124 1439 1163 claves
1478 1125 1674 1164 sacrarii
1712 1136 1796 1176 pro
1830 1135 1921 1164 usu

288 1196 691 1241 ornamentorum,
735 1202 853 1242 quae
886 1192 1056 1232 ibidem
1096 1200 1414 1243 asservantur,
1457 1200 1595 1246 atque
1631 1195 1918 1235 tabernaculi

287 1271 368 1299 seu
407 1261 671 1311 repositorii
710 1263 992 1302 venerabilis
1026 1262 1339 1314 Sacramenti3
1376 1265 1541 1316 quibus
1576 1267 1789 1306 omnibus
1833 1279 1920 1318 pro

287 1330 415 1370 libito
438 1336 482 1371 et
504 1333 952 1373 communicantium
972 1334 1184 1384 profectu
1215 1335 1418 1386 quotidie
1438 1336 1505 1375 uti
1532 1338 1704 1377 valeat.
1734 1337 1816 1377 Est
1844 1349 1920 1377 au-

286 1407 378 1441 tem
408 1413 657 1442 numerosa
679 1403 998 1444 confitentium
1026 1405 1271 1445 multitudo
1308 1412 1403 1446 tam
1431 1407 1748 1448 studiosorum
1781 1420 1920 1460 quam

286 1473 532 1523 laicorum,
570 1474 652 1513 sed
686 1475 1002 1515 studiosorum
1029 1477 1173 1516 multo
1201 1477 1364 1516 maior.
1403 1476 1474 1517 De
1502 1478 1592 1518 hac
1623 1490 1736 1529 ergo
1772 1491 1923 1519 messe

286 1543 460 1593 (divino
492 1545 748 1596 opitulante
779 1546 968 1596 auxilio)
999 1547 1237 1587 uberiores
1267 1549 1637 1600 maturioresque
1672 1550 1717 1589 in
1752 1550 1924 1590 horrea

285 1613 473 1654 Domini
500 1616 863 1666 congregandos
890 1622 1157 1668 spectamus
1183 1618 1375 1658 fructus.
1406 1619 1547 1659 Hisce
1584 1620 1768 1671 quidem
1799 1632 1923 1661 men-

284 1685 410 1725 sibus
447 1698 541 1725 non
580 1687 716 1737 pauci
757 1699 979 1734 magnam
1018 1700 1266 1739 perperam
1301 1695 1433 1729 actae
1473 1690 1599 1730 vitae
1640 1691 1919 1731 invenerunt

285 1756 622 1807 cognitionem,
652 1769 745 1797 non
780 1759 949 1809 solum,
985 1759 1383 1800 confessariorum
1419 1762 1629 1811 consilio,
1668 1762 1920 1802 haeretico·

285 1839 388 1867 rum
408 1827 550 1867 libros
571 1829 860 1879 lacerarunt,
886 1829 1075 1881 ignique
1096 1830 1229 1870 nobis
1251 1831 1506 1872 tradendos
1536 1833 1812 1883 attulerunt,
1842 1833 1924 1872 sed

285 1898 425 1938 etiam
460 1909 634 1949 magna
671 1900 826 1940 cordis
865 1901 1224 1952 compunctione
1251 1902 1297 1942 in
1324 1909 1624 1953 peccatorum
1659 1903 1921 1943 detestatio-

285 1981 392 2009 nem
431 1970 676 2020 generales
715 1971 851 2010 nobis
890 1972 1101 2012 fecerunt
1147 1972 1488 2023 confessiones,
1537 1974 1927 2024 magnifacientes

285 2039 373 2080 Dei
407 2041 800 2090 misericordiam,
838 2042 916 2093 qui
951 2042 1078 2094 ipsos
1114 2043 1160 2082 in
1194 2043 1316 2083 hanc
1352 2043 1507 2083 cordis
1539 2044 1924 2085 illuminationem

285 2110 516 2151 adducere
564 2112 802 2163 hucusque
843 2114 1125 2164 expectavit.
1175 2114 1425 2154 Laicorum
1473 2122 1628 2155 autem
1672 2117 1924 2156 communi-

285 2182 491 2222 cantium
513 2190 652 2234 atque
675 2183 995 2224 confitentium
1016 2184 1197 2224 festivis
1217 2186 1470 2236 praecipue
1493 2185 1654 2226 diebus
1676 2192 1833 2227 tantus
1855 2194 1923 2227 est

285 2265 505 2293 numerus
535 2253 581 2293 in
611 2260 805 2305 utroque
833 2256 1027 2306 templo,
1065 2261 1115 2295 ut
1149 2256 1231 2295 vix
1267 2256 1532 2296 celebrandi
1577 2263 1758 2308 tempus
1791 2257 1927 2297 nobis

286 2324 515 2375 reliquum
535 2325 616 2375 sit,
640 2325 747 2376 quia
769 2336 883 2364 vero
907 2325 1118 2366 omnibus
1140 2326 1224 2366 sub
1250 2338 1401 2377 poena
1424 2328 1926 2368 excommunicationis

286 2394 530 2434 inhibitum
557 2401 640 2445 est,
671 2408 698 2435 a
720 2396 887 2447 quovis
915 2396 1163 2436 coelestem
1189 2397 1312 2437 hunc
1335 2398 1571 2448 suscipere
1592 2410 1760 2449 panem
1781 2409 1922 2450 quam

287 2477 312 2504 a
334 2466 538 2516 proprio,
563 2472 607 2505 et
630 2477 734 2505 cum
762 2466 896 2505 nobis
929 2466 1164 2517 prohiberi
1191 2476 1392 2518 nequeat
1421 2468 1788 2519 administratio,
1818 2468 1923 2508 ideo

288 2536 432 2575 tutius
455 2536 513 2576 ad
534 2547 620 2575 nos
637 2536 947 2576 concurritur.

368 2606 610 2657 Quaedam
631 2607 854 2657 religiosa
876 2607 922 2646 in
944 2607 1148 2658 quodam
1168 2608 1418 2659 beginagio
1444 2609 1514 2658 (ut
1537 2609 1754 2659 dicimus)
1778 2610 1922 2660 magi-

286 2677 479 2717 sterium
501 2677 752 2716 exercebat
783 2688 924 2728 super
945 2678 1114 2717 multas
1144 2685 1239 2717 tam
1260 2679 1525 2730 spirituales
1547 2691 1687 2730 quam
1717 2681 1925 2719 saecula-

286 2758 360 2786 res
382 2747 675 2798 iuvenculas,
699 2759 816 2799 quas
842 2747 980 2787 etiam
1003 2748 1195 2799 pingere
1223 2749 1422 2789 docebat
1450 2749 1655 2799 curiosa,
1687 2750 1921 2801 superflua

287 2824 425 2868 atque
446 2819 646 2869 superba
667 2830 832 2869 opera,
858 2818 904 2858 in
925 2819 1150 2868 sudariis,
1175 2819 1389 2870 indusiis‚
1414 2820 1608 2871 aliisque
1631 2821 1922 2860 ornamentis

288 2888 333 2927 in
378 2899 512 2927 usum
556 2889 631 2928 vel
678 2889 830 2928 verius
875 2888 1047 2928 fastum
1086 2897 1130 2929 et
1175 2889 1531 2930 delectationem
1574 2890 1919 2930 mundanorum

285 2958 524 3009 utriusque
546 2970 686 2998 sexus
714 2959 965 2999 hominum.
998 2959 1128 2999 Haec
1156 2966 1332 3011 autem,
1364 2960 1566 3012 quodam
1595 2967 1804 3013 tempore
1832 2961 1919 3001 Lo-
