2080 3392
844 180 927 217 AN.
959 180 1050 217 1553
1691 178 1758 215 311

343 454 593 482 Praecedentes
609 454 751 481 Arnoldi
769 453 872 481 Hezei
888 454 1026 481 litterae
1042 461 1062 480 a
1079 453 1114 480 P.
1129 453 1277 480 Polanco
1294 453 1494 480 emendatae
1512 453 1534 480 ¹.

886 684 983 725 IHS

196 918 408 958 Lovanio
430 928 489 957 ex
509 917 675 957 litteris
695 916 848 957 Patris
870 917 1069 957 Arnoldi
1093 916 1139 956 17
1162 916 1273 956 Maii
1299 916 1413 956 1553.

197 990 363 1030 Gratia
384 995 428 1029 et
449 989 668 1030 Charitas
691 988 865 1030 Christi
892 988 951 1029 sit
977 1000 1162 1039 semper
1194 1001 1301 1029 cum
1329 988 1556 1028 omnibus.
1587 988 1756 1028 Amen.

197 1060 258 1101 Ut
279 1060 384 1101 inde
407 1061 652 1101 exordium
672 1072 879 1111 sumam,
903 1061 951 1101 in
970 1060 1133 1112 primis
1155 1060 1449 1100 observande
1468 1059 1536 1110 P.‚
1559 1059 1637 1100 ubi
1657 1059 1755 1099 ulti-

115 1133 204 1172 mis
235 1131 655 1184 quadrimestribus
689 1132 836 1172 literis
869 1132 1075 1183 substiti,
1102 1132 1323 1172 nimirum
1349 1137 1575 1183 quantum
1601 1130 1756 1171 Domi-

115 1215 203 1244 nus
233 1204 421 1255 pietatis
451 1204 498 1243 in
525 1204 697 1255 populo
725 1203 773 1244 in
804 1203 903 1244 dies
929 1215 1103 1255 augere
1131 1203 1178 1243 in
1204 1202 1512 1244 Sacramenta
1539 1203 1757 1253 dignetur

115 1275 348 1315 affectum.
373 1274 592 1315 Primarii
613 1275 896 1316 cathedralis
916 1275 1077 1326 templi
1096 1275 1202 1326 viri,
1226 1286 1321 1315 non
1342 1275 1494 1315 solum
1513 1274 1598 1314 sub
1618 1274 1756 1314 finem

115 1347 226 1387 anni
245 1347 311 1397 52,
335 1346 541 1386 maximo
563 1358 670 1387 cum
691 1352 859 1387 ornatu
881 1347 1078 1398 singulis
1100 1346 1345 1386 dominicis
1374 1358 1429 1386 ac
1454 1346 1636 1386 festivis
1666 1345 1755 1385 die-

110 1418 199 1458 bus
237 1418 508 1458 venerabile
546 1430 783 1470 exponere
826 1424 1081 1470 coeperunt
1120 1416 1481 1458 Sacramentum
1524 1417 1571 1457 in
1619 1428 1756 1457 usum

115 1495 254 1541 atque
295 1490 480 1530 animae
518 1489 822 1530 refectionem
855 1489 1061 1530 omnium
1097 1489 1447 1529 communicare
1481 1488 1752 1538 volentium,

112 1572 293 1610 verum,
317 1561 377 1601 ad
398 1561 625 1601 maiorem
646 1561 834 1601 divinae
855 1560 1007 1601 laudis
1027 1561 1290 1601 ubertatem
1311 1572 1597 1611 suorumque
1619 1571 1755 1599 cona-

110 1638 243 1672 tuum
263 1632 655 1683 prosecutionem,
679 1644 773 1672 non
794 1632 1016 1683 quievere
1038 1643 1279 1684 quousque
1302 1642 1476 1682 magno
1497 1631 1658 1682 populi
1679 1642 1755 1682 ap-

112 1704 281 1754 plausu
315 1703 365 1744 P.
403 1709 618 1744 nostrum
653 1703 919 1744 Adrianum
953 1703 1000 1743 in
1034 1702 1198 1743 eodem
1233 1703 1459 1743 haberent
1497 1703 1670 1753 templo
1706 1708 1755 1742 ut

113 1774 284 1815 ibidem
305 1775 532 1826 quotidie,
559 1775 984 1827 quaemadmodum
1006 1775 1053 1814 in
1075 1775 1189 1815 aede
1218 1773 1342 1815 Stae.
1373 1774 1619 1814 Michaelis
1649 1773 1751 1813 soli-

111 1851 186 1885 tus
216 1846 391 1896 fuerat,
428 1846 751 1887 confessiones
780 1845 977 1887 audiret.
1008 1846 1189 1887 Verum
1210 1846 1375 1886 eodem
1401 1845 1498 1886 fere
1529 1852 1751 1896 tempore,

109 1917 226 1957 mira
249 1918 453 1969 quadam
475 1918 696 1969 antiquus
718 1918 792 1958 ille
809 1929 1004 1969 serpens
1025 1917 1238 1957 diabolus
1260 1918 1368 1958 hinc
1392 1928 1619 1957 accensus
1640 1917 1752 1956 invi-

109 1988 206 2039 dia,
229 2001 405 2029 novam
427 2000 621 2040 prorsus
651 2001 705 2029 ac
735 1989 937 2029 antehac
958 1989 1078 2028 forte
1099 1988 1381 2039 inauditam,
1407 1988 1637 2029 adversus
1659 1988 1753 2027 ani-

108 2071 292 2100 marum
304 2060 581 2112 profectum,
600 2060 755 2112 coepit
773 2071 1074 2100 commovere
1090 2059 1400 2111 tragoediam,
1425 2060 1755 2100 nonnullorum

107 2131 360 2171 excitando
393 2131 719 2172 praelatorum
751 2133 931 2172 animos
959 2143 1107 2183 eoque
1138 2132 1453 2184 perducendo,
1485 2143 1575 2183 quo
1603 2130 1754 2171 subdi-

107 2202 167 2242 tis
189 2203 285 2242 suis
308 2203 506 2243 oviculis
528 2215 792 2254 proponere
813 2215 908 2243 non
936 2210 1227 2253 vererentur,
1258 2203 1350 2243 imo
1381 2203 1430 2243 Vi
1460 2201 1754 2242 auctoritatis

104 2274 388 2325 compellere
417 2274 475 2314 ad
507 2274 761 2325 specialem
795 2274 894 2314 voti
930 2275 1286 2325 obligationem,
1317 2286 1366 2314 se
1393 2285 1634 2325 nunquam
1667 2285 1753 2313 nec

108 2344 169 2384 ad
190 2343 350 2384 Sancti
372 2344 498 2385 Petri
518 2357 604 2385 nec
627 2346 685 2386 ad
709 2345 870 2386 Sancti
892 2345 1157 2397 Michaelis,
1183 2357 1350 2397 nempe
1378 2345 1437 2385 ad
1466 2357 1572 2395 nos,
1605 2345 1753 2384 ituros

109 2415 168 2455 ad
202 2415 565 2466 confessionem3
597 2417 803 2468 alioquin
823 2428 903 2456 eas
925 2417 1147 2457 reiecturi
1168 2417 1355 2468 suisque
1377 2416 1565 2456 sedibus
1595 2416 1750 2467 expul—

106 2486 218 2526 suri.
244 2486 424 2526 Verum
445 2486 696 2536 Dominus,
721 2488 799 2538 qui
819 2488 957 2527 nullis
979 2500 1073 2528 non
1103 2495 1148 2528 et
1180 2487 1570 2528 abominabilibus
1600 2487 1647 2527 in
1673 2487 1748 2527 bo-

108 2568 220 2596 num
241 2557 308 2597 uti
329 2557 476 2607 novit,
500 2557 622 2597 hanc
645 2569 828 2609 quoque
850 2559 1022 2598 diaboli
1038 2559 1358 2599 inventionem
1377 2559 1423 2598 in
1444 2559 1588 2598 multo
1610 2559 1750 2598 maio-

106 2638 207 2668 rem
226 2627 464 2668 fructuum
485 2629 746 2669 ubertatem
776 2631 1023 2670 convertit.
1054 2630 1306 2681 Quoniam,
1340 2636 1592 2682 postquam
1617 2642 1748 2681 prae-

105 2697 218 2738 dicti
246 2700 443 2750 praelati
475 2699 866 2750 gravissimorum
893 2702 1174 2742 auctoritate
1203 2702 1435 2751 virorum,
1472 2707 1632 2753 utpote
1666 2702 1745 2742 hu-

105 2768 179 2809 ius
206 2770 336 2810 urbis
367 2770 648 2811 Cancellarii
683 2771 995 2823 aliorumque,
1025 2784 1222 2824 quorum
1257 2773 1333 2812 hic
1366 2772 1628 2812 authoritas
1662 2785 1746 2824 pro

104 2843 299 2882 oraculo
322 2842 485 2882 haberi
515 2843 780 2893 consuevit,
810 2843 870 2883 ad
890 2855 1006 2895 quos
1028 2845 1184 2884 omnia
1216 2844 1370 2884 delata
1401 2843 1611 2895 fuerunt,
1643 2856 1748 2885 con-

163 2999 172 3018 ¹
214 3000 463 3035 Apographurn
479 3002 670 3036 exemplum
683 3002 715 3029 in
731 3002 809 3030 folio
825 3003 963 3038 triplici,
979 3012 1034 3031 nn.
1048 3003 1181 3032 326-328.
