2080 3392
900 155 983 193 AN.
1016 155 1108 193 1553
1756 156 1833 193 393

188 252 498 303 Collegiolum
520 252 610 293 hoc
631 258 843 293 nostrum
864 252 1025 293 fovere
1047 253 1215 304 coepit,
1245 264 1336 304 quo
1362 250 1370 270 ¹
1393 253 1570 292 nullum
1590 264 1686 292 non
1716 253 1828 304 lapi-

185 324 292 364 dem
325 329 514 364 moveat
540 330 591 364 ut
620 336 761 376 quam
789 324 1011 364 citissime
1038 323 1171 364 firma
1203 324 1357 376 aliqua
1391 323 1490 374 ejus
1518 323 1822 364 fundamenta

184 394 420 446 jaciantur
437 406 445 446 3
465 395 589 447 quod
610 395 830 445 (Domino
848 395 1053 445 favente)
1080 395 1213 435 brevi
1239 394 1446 435 futurum
1461 402 1554 446 est;
1575 395 1685 447 quid
1703 395 1826 435 enim

188 471 320 507 tanta
347 466 465 506 tanti
492 467 583 506 viri
613 466 838 506 instantia
866 467 912 506 in
940 472 1073 506 tanta
1101 466 1293 506 civitate
1327 466 1508 506 efficere
1537 478 1632 506 non
1660 467 1820 518 queat?

187 538 301 589 Agit
330 550 386 578 ea
407 537 462 578 de
485 549 535 577 re
562 536 685 589 apud
707 538 894 587 electos,
921 536 934 555 ²
957 537 1055 588 agit
1077 537 1200 588 apud
1222 537 1588 587 Gubernator-es,
1620 538 1717 588 agit
1753 537 1826 577 de-

186 620 313 649 mum
334 608 457 660 apud
478 620 653 655 omnes,
684 607 805 648 unde
827 608 1022 648 subsidii
1044 620 1151 659 spes
1178 620 1352 660 magna
1375 608 1566 660 affulget
1593 615 1673 649 aut
1696 608 1824 648 afful-

184 691 298 731 gere
324 685 498 731 potest;
529 685 574 719 et
601 679 823 731 quoniam
848 686 946 719 tam
973 679 1184 730 impense
1215 680 1289 719 vir
1311 680 1385 719 ille
1413 680 1626 731 partibus
1654 680 1831 720 nostris

185 750 340 791 fautor
362 756 447 801 est,
471 756 570 790 tota
591 762 708 802 pene
730 750 900 790 civitas
920 750 1150 801 singulari
1179 751 1384 802 quodam
1413 751 1568 791 animo
1590 763 1645 791 ac
1674 751 1830 791 studio

186 827 346 862 nostra
363 821 517 861 ubivis
538 828 807 873 promoven
827 827 885 871 et,
910 821 948 861 si
965 821 1053 861 hoc
1070 833 1164 861 non
1181 833 1366 873 semper
1383 823 1522 873 valet,
1544 828 1684 873 certe,
1705 822 1830 874 quod

188 898 357 945 potest,
383 892 701 933 sincerissimo
722 898 913 944 pectore
936 898 1122 932 nostros
1144 892 1310 943 diligit.

265 963 391 1004 Idem
412 963 462 1004 P.
487 962 733 1004 Salmeron
754 975 781 1003 a
807 963 1016 1015 pluribus
1040 963 1252 1004 ecclesiis
1278 964 1326 1003 in
1354 964 1621 1015 proximum
1652 975 1828 1004 annum

187 1035 422 1087 expetitur
469 1035 767 1075 ecclesiastes
787 1046 794 1086 ;
841 1046 1007 1076 verum
1046 1041 1174 1075 certo
1219 1035 1333 1075 nulli
1379 1035 1534 1075 adhuc
1582 1037 1684 1076 loco
1727 1047 1829 1075 sese

185 1106 381 1147 addixit.

265 1178 457 1219 Fratres
479 1190 641 1219 omnes
662 1178 833 1225 fausta,
853 1190 959 1219 cum
986 1179 1213 1230 corporis,
1244 1186 1342 1218 tum
1368 1178 1524 1228 animi,
1557 1178 1829 1218 valetudine

187 1249 420 1291 fruuntur.

266 1321 411 1372 Haec,
435 1321 488 1362 R.
512 1322 559 1361 in
580 1321 662 1362 X.0
684 1321 791 1372 Res,
816 1321 1127 1362 sanctissimis
1147 1322 1240 1362 tuis
1258 1322 1502 1373 imprimis,
1529 1321 1695 1362 deinde
1721 1322 1829 1361 alio-

186 1404 290 1433 rum
311 1392 503 1433 Patrum
532 1405 588 1434 ac
615 1393 828 1442 fratrum,
852 1392 1030 1433 Romae
1052 1393 1337 1444 degentium,
1373 1393 1665 1433 orationibus
1695 1393 1831 1433 unice

187 1464 541 1505 commendatos
576 1465 803 1517 cupimus.
825 1464 962 1517 Jesus
996 1464 1211 1505 Christus
1239 1464 1318 1505 diu
1347 1465 1481 1505 nobis
1509 1465 1709 1505 servulis
1739 1465 1836 1504 tuis

188 1535 313 1576 Pwn
333 1536 455 1577 νέω
470 1536 751 1576 incolumem
771 1542 1036 1576 conservet.

268 1608 341 1648 Ex
362 1607 578 1660 Neapoli,
601 1607 665 1646 40
685 1619 795 1648 non.
820 1606 1109 1660 Septembris
1130 1606 1342 1648 MDLIH.

271 1679 325 1720 R.
348 1680 397 1720 P.
422 1679 481 1720 V.

270 1751 341 1791 Ex
363 1751 693 1792 commissione
712 1751 866 1791 Patris
887 1750 916 1801 ⁵,

271 1822 491 1862 Minimus
511 1823 559 1863 in
580 1822 768 1863 Christo
790 1822 925 1873 filius,

1051 1965 1334 2006 THEODORus
1356 1965 1618 2007 PELTANus.

273 2180 626 2233 superscriptio
649 2181 698 2222 in
720 2186 895 2234 quarta
912 2182 1102 2234 pagina
1119 2194 1134 2222 .·
1155 2181 1216 2222 Al
1236 2182 1381 2222 molto
1405 2180 1505 2222 Η.ᾶο
1530 2180 1632 2220 Pre.
1662 2191 1762 2220 nro.
1786 2181 1834 2219 in

194 2252 293 2291 iesu
312 2252 379 2292 X.0
402 2253 432 2292 il
453 2252 502 2292 P.
526 2265 586 2294 m.
610 2253 795 2305 Ignatio
819 2254 865 2294 di
892 2254 1088 2306 Loona,
1119 2254 1296 2306 Prep.t0
1312 2254 1467 2305 gnale.
1499 2252 1619 2292 della
1647 2251 1832 2302 Comp.²¹

195 2323 241 2363 di
261 2323 389 2376 Jesu.

273 2394 460 2435 Iterum
481 2399 551 2435 est
573 2396 623 2435 2¹12
646 2396 744 2436 alia
765 2397 915 2448 lmjzts
930 2398 1148 2449 paginae
1172 2401 1316 2449 parte
1343 2397 1521 2441 eadem,
1546 2395 1717 2447 paucis
1737 2406 1837 2434 mn-

192 2465 328 2517 tatz's,
347 2467 712 2518 superscriptio,
732 2471 776 2508 et
795 2467 844 2508 in
861 2468 958 2509 alia
975 2481 1149 2509 manus
1165 2469 1307 2509 etiam
1323 2468 1437 2517 alia,
1455 2467 1631 2507 calama·
1641 2478 1835 2506 sumens

193 2538 572 2589 experimentum
591 2539 819 2590 scripsit:
839 2541 866 2587 ⁴:
888 2540 1161 2591 Magnificat
1179 2540 1335 2580 anima
1356 2551 1460 2580 mea
1483 2539 1654 2579 Dnum.

973 2612 1149 2664 Magni.

1050 2684 1337 2736 Magnificat.

250 2795 260 2814 ¹
309 2795 556 2824 Ut.P01ancus.

249 2843 263 2862 ⁴2
301 2843 390 2870 Vide
406 2843 572 2878 POLANco,
591 2843 795 2877 Clzrom'con,
810 2847 834 2871 t.
851 2851 900 2878 111,
916 2844 1074 2879 pag..186,
1088 2852 1119 2871 n.
1134 2845 1197 2878 393,
1214 2848 1329 2872 annot.
1347 2845 1370 2872 1.

251 2890 264 2910 5
301 2890 405 2918 Deest
420 2899 551 2919 nomen.
573 2891 641 2919 Nos
657 2896 772 2919 tamen
786 2892 935 2919 scribere
952 2899 1017 2919 non
1035 2893 1266 2920 dubitavimus
1287 2900 1409 2919 nomen
1432 2892 1544 2919 Patris
1561 2892 1754 2924 Salmeron,
1784 2900 1840 2926 qu»

197 2942 276 2966 tunc
293 2940 456 2974 temporis
471 2939 614 2974 Neapoli
629 2944 706 2967 erat
720 2939 820 2967 sociis
835 2940 988 2968 omnibus
1002 2940 1235 2975 praepositus,
1251 2949 1292 2967 ex
1307 2941 1401 2975 cujus
1417 2940 1652 2967 commissione
1668 2941 1756 2967 alias
1778 2946 1840 2966 nu·

199 2986 250 3019 ius
266 2987 342 3014 anni
359 2988 628 3021 quadrimestres
642 2988 780 3016 litteras
796 2988 934 3022 scripsit
949 2988 1038 3015 idem
1053 2988 1227 3016 Peltanus.
