2080 3392
854 170 939 208 AN.
970 170 1061 208 1553
1703 167 1773 205 ’407

807 622 1101 677 GOXLIX

202 853 249 891 P.
271 854 466 901 Joannes
487 852 640 890 Nufiez
660 850 848 889 Barreto

252 919 373 956 Patri
393 917 669 955 Bernardino
689 927 715 954 a
735 916 947 963 Regibus.

584 982 628 1019 12
646 982 920 1030 Septembris
944 981 1037 1018 1553
1051 981 1074 1017 “.

209 1191 429 1244 Ejusdem
450 1192 509 1232 ad
529 1191 578 1231 P.
602 1191 945 1232 Bernardinum
972 1202 999 1230 a
1028 1190 1178 1242 pridie
1205 1189 1309 1230 idus
1337 1188 1624 1240 Septembris
1646 1199 1768 1228 anno

135 1263 251 1303 1553.

208 1335 477 1387 Perscripta
495 1334 592 1387 jam
613 1334 831 1386 epistola,
856 1345 1050 1386 sparsus
1066 1340 1136 1374 est
1152 1339 1198 1374 et
1218 1334 1356 1385 plane
1377 1332 1682 1373 confirmatus
1699 1332 1775 1372 hic

128 1418 304 1457 rumor,
330 1406 583 1458 quemdam
604 1418 662 1446 ex
682 1405 925 1456 Algarbiis
945 1404 960 1423 ²
979 1416 1197 1457 puerum,
1222 1405 1300 1456 qui
1321 1403 1552 1455 proximis
1569 1402 1773 1454 superio-

127 1478 257 1518 ribus
278 1477 441 1518 diebus
464 1477 785 1528 deprehensus
812 1476 999 1527 fuisset,
1025 1488 1052 1516 a
1072 1481 1233 1516 nostra
1263 1475 1597 1523 declinantem,
1621 1480 1775 1514 turca-

127 1561 235 1590 rum
255 1549 472 1600 religioni
494 1560 597 1589 sese
619 1548 875 1600 obligasse3
908 1547 1007 1600 ejus
1036 1559 1150 1588 vero
1183 1552 1366 1599 patrem
1388 1547 1435 1586 in
1456 1558 1549 1586 una
1571 1546 1627 1586 de
1648 1545 1776 1597 quin-

126 1632 221 1672 que
250 1620 525 1672 biremibus,
555 1632 676 1672 quae
703 1620 750 1660 in
778 1620 867 1660 hoc
895 1619 1083 1660 flumine
1100 1625 1227 1669 sunt,
1259 1618 1411 1659 arceri
1438 1617 1655 1668 vinculis,
1685 1628 1777 1669 quo

132 1691 310 1743 majore
331 1692 494 1732 dolore
516 1691 801 1742 afficeretur,
826 1703 933 1732 cum
954 1691 1026 1731 his
1046 1691 1224 1743 pariter
1254 1690 1332 1731 alii
1362 1690 1453 1730 duo
1477 1688 1696 1741 juvenes,
1732 1693 1777 1728 et

131 1762 337 1804 Larachi
364 1762 393 1814 ⁵,
427 1775 517 1815 quo
544 1763 651 1804 illae
677 1763 863 1803 fuerant
894 1763 1140 1815 appulsae,
1174 1762 1377 1814 quinque
1413 1768 1493 1802 aut
1526 1772 1630 1809 sex,
1669 1771 1776 1800 cum

131 1845 297 1886 puero,
322 1835 399 1886 qui
420 1835 587 1875 eodem
608 1835 813 1886 quodam
833 1834 1149 1885 negotiatorio
1175 1833 1370 1885 navigio
1404 1839 1570 1873 vectus
1596 1832 1774 1880 fuisset,

131 1917 183 1946 se
203 1912 364 1946 turcas
384 1905 587 1958 professi
615 1912 742 1956 sunt;
767 1916 860 1946 uno
888 1917 1030 1958 porro
1058 1904 1156 1957 die,
1191 1905 1283 1946 duo
1321 1903 1567 1956 cujusdam
1602 1914 1777 1944 merca-

128 1977 249 2017 toris
275 1976 550 2018 Maurorum
585 1983 765 2018 sectam
799 1977 1056 2029 amplexati
1095 1983 1230 2017 sunt:
1264 1976 1430 2029 quibus
1460 1975 1604 2016 nimio
1635 1974 1779 2015 animi

133 2047 293 2089 dolore
314 2049 361 2089 in
383 2049 431 2089 id
451 2049 683 2089 sermonis
703 2060 985 2101 prorrumpo
1005 2060 1014 2089 :
1039 2048 1146 2100 qais
1167 2047 1296 2088 dabit
1317 2047 1464 2099 capiti
1486 2058 1584 2087 meo
1606 2057 1779 2098 aquam

128 2123 177 2159 et
202 2119 354 2160 oculis
383 2120 476 2160 mei
491 2120 683 2171 fontem
712 2119 1073 2171 lachrymarum
1100 2126 1145 2160 et
1173 2119 1369 2171 plorabo
1399 2125 1468 2159 tot
1498 2119 1776 2167 animarum,

132 2190 339 2231 melliflui
374 2190 549 2231 Christi
584 2192 814 2243 sanguine
849 2192 1222 2243 redemptarum,
1256 2190 1537 2242 perniciem?
1572 2189 1657 2230 His
1690 2199 1779 2241 ego

128 2262 356 2313 cognitis,
380 2262 618 2303 hominem
640 2262 753 2303 mihi
777 2263 1222 2314 familiarissimum,
1255 2268 1306 2303 ut
1336 2262 1396 2303 ad
1422 2262 1622 2302 biremes
1651 2260 1777 2301 veni-

132 2339 229 2384 ret,
253 2333 447 2384 rogavi,
472 2333 588 2374 duos
610 2340 690 2374 aut
710 2339 806 2374 tres
827 2334 1016 2385 horum,
1048 2334 1126 2386 qui
1147 2345 1197 2374 se
1223 2340 1385 2374 turcas
1411 2333 1640 2382 fatentur,
1671 2343 1777 2383 pue-

186 2518 198 2539 ¹
236 2518 502 2553 Apographum,
519 2518 607 2553 quod
628 2519 747 2553 incipit
762 2519 796 2546 in
811 2519 963 2554 ejusdem
977 2526 1017 2546 ac
1032 2518 1242 2553 praecedens
1261 2518 1331 2545 folii
1347 2518 1458 2551 dorso,
1474 2525 1505 2544 n.
1519 2516 1573 2544 520
1584 2520 1617 2544 et
1634 2516 1775 2550 explicit

130 2566 166 2593 in
178 2565 328 2594 521.-De
344 2566 396 2593 his
411 2567 470 2593 illa
486 2566 589 2594 etiarn
605 2566 769 2601 intellige,
783 2573 869 2601 quae
881 2568 989 2601 primo
1003 2570 1037 2594 et
1049 2566 1195 2594 secundo
1206 2567 1280 2593 loco
1294 2565 1602 2593 animadvertimus
1618 2571 1732 2598 supra.
1742 2563 1776 2592 in

130 2614 353 2641 annotatione
369 2614 480 2649 prima
494 2614 652 2648 paginae.
666 2614 765 2642 Licet
778 2615 812 2642 in
828 2615 954 2643 Cartas
968 2615 1011 2642 de
1028 2614 1100 2642 San
1116 2614 1274 2648 Ignacz'o,
1287 2617 1311 2641 t.
1323 2621 1378 2647 111,
1391 2621 1470 2648 pag.
1482 2613 1545 2645 511,
1563 2612 1641 2648 quia
1656 2619 1774 2640 serva-

131 2664 189 2688 tus
203 2664 254 2689 est
275 2662 364 2688 idem
379 2662 473 2696 ordo,
490 2669 590 2696 quem
604 2662 732 2689 habent
746 2662 831 2690 haec
848 2663 1051 2690 documenta
1064 2662 1096 2690 in
1111 2662 1273 2689 Historia
1289 2662 1406 2693 varia,
1421 2661 1566 2695 epistola
1589 2661 1674 2688 haec
1697 2664 1772 2688 tan-

136 2716 237 2743 quam
251 2716 271 2736 a
284 2709 506 2743 praecedenti
523 2710 686 2737 distincta
698 2713 731 2737 et
744 2710 879 2744 quidem
891 2714 970 2737 ante
982 2718 1057 2737 eam
1072 2710 1164 2736 edita
1175 2709 1231 2743 sit,
1245 2713 1358 2736 tamen
1370 2709 1403 2736 in
1415 2709 1615 2736 collectione
1629 2715 1772 2735 romana

132 2757 396 2790 praecedentem
409 2757 564 2791 sequitur
578 2758 716 2792 ejusque
731 2764 825 2792 pars,
836 2765 896 2785 seu
911 2758 1023 2792 potius
1035 2757 1216 2792 appendix.
1232 2761 1301 2791 aut,
1314 2761 1350 2784 ut
1363 2758 1467 2791 vulgo
1479 2756 1613 2790 dicitur,
1628 2756 1772 2791 posteri-

134 2807 194 2837 pta
209 2811 283 2831 esse
298 2805 447 2832 videtur.

187 2851 201 2870 Ξ
238 2851 484 2886 Algarbiorum
500 2852 533 2879 in
548 2850 764 2887 Portugall‘ia
785 2853 964 2887 provincia
986 2857 1038 2880 est
1060 2853 1292 2880 meridionalis
1312 2853 1452 2887 ideoque
1467 2852 1609 2880 Africae
1629 2851 1774 2879 vicinior

132 2902 169 2925 et
180 2898 375 2933 piratarum
390 2900 581 2927 incursibus
597 2900 707 2934 magis
725 2901 892 2935 exposita.

187 2946 202 2966 ³
237 2946 414 2982 Larache,
436 2946 592 2982 Larach,
608 2947 717 2981 Lixa,
737 2950 819 2975 urbs
832 2947 1065 2976 Mauritaniae
1081 2947 1298 2983 Tingitanae.
1322 2947 1496 2981 FERRARI,
1518 2945 1672 2974 Lexicon
1696 2954 1770 2980 geo-

133 2993 358 3028 graphicum.
