2080 3392
853 161 937 198 Ax.
970 161 1061 199 1533
1709 161 1781 198 373

132 272 200 299 no
221 259 365 301 haber
387 271 498 299 cosa
522 259 577 299 de
599 271 751 299 nuevo
774 259 819 298 al
839 264 1070 310 presente.
1095 257 1211 298 Dios
1232 264 1423 298 nuestro
1447 256 1596 297 Senor
1617 269 1702 297 nos
1725 258 1780 297 de

132 334 167 370 ,εὶ
189 330 325 371 todos
345 342 399 370 su
419 331 605 381 gracia,
630 341 746 382 para
767 341 855 381 que
876 329 1243 381 perfectamente
1264 329 1305 369 16
1327 329 1577 369 sirvamos.
1612 328 1779 368 Amen.

221 402 266 442 A
286 402 344 443 V.
368 402 422 442 R.
446 402 658 454 pedimos
679 413 764 453 por
787 413 920 441 amor
941 401 998 441 de
1019 400 1135 441 Dios
1156 412 1211 441 su
1233 406 1369 441 santa
1394 400 1657 440 bendicion.

225 473 295 513 De
317 473 557 523 Coimbra‚
582 473 742 512 nitimo
765 471 821 512 de
842 472 1025 523 Agosto
1048 472 1104 512 de
1129 471 1243 511 1553.

221 544 313 585 Por
337 545 564 585 comision
587 544 660 584 del
681 543 730 584 P.
756 543 864 583 Don
883 543 1029 593 Leon,

224 616 362 656 Inutil
382 616 538 655 siervo
561 628 591 667 y
612 614 707 666 hijo
726 615 918 666 indigno
942 615 998 654 de
1020 614 1079 655 V.
1104 614 1177 654 P.d
1198 647 1205 664 ,

1131 757 1363 798 MELCHOR
1393 758 1565 799 COTTA.

224 974 578 1026 Sttperscm'ptio
599 973 648 1014 in
670 978 843 1025 quarta
860 973 1068 1025 pagina:
1088 971 1208 1025 JHS.
1234 971 1294 1012 Ai
1315 983 1427 1023 muy
1449 971 1551 1011 ΚΦ)
1576 984 1632 1012 en
1655 972 1785 1013 Chri—

136 1052 216 1087 sto
235 1045 286 1086 P.
310 1047 351 1086 61
372 1046 421 1085 Ρ.
446 1046 650 1087 Maestro
671 1045 863 1097 Ignacio
886 1044 1130 1096 Preposito
1153 1043 1356 1084 General
1377 1044 1432 1083 de
1454 1045 1497 1083 la
1526 1043 1783 1095 Compafiia

140 1117 202 1158 -de
222 1118 373 1171 JesuS,
399 1129 454 1157 en
477 1117 640 1158 Roma.

230 1189 288 1229 La
310 1187 438 1240 v[ia].

226 1261 337 1301 Alia
359 1272 522 1300 mann:
544 1260 830 1311 Conimbria,
854 1260 1017 1300 ultimo
1041 1259 1086 1299 di
1108 1258 1342 1310 Augusto,
1372 1258 1487 1298 1553.

853 1725 1108 1780 CCXL}

215 1992 411 2029 {irardus
433 1993 642 2039 Dawant,
664 1992 925 2030 Leodiensis

268 2057 388 2095 Patri
407 2058 578 2105 ignatio
600 2059 652 2095 de
672 2058 858 2105 Loyola.

313 2122 494 2169 Vienna,
520 2124 535 2160 1
559 2122 832 2172 Septembris
856 2123 949 2160 1533
969 2124 992 2158 ¹.

226 2330 392 2371 Gratia
413 2338 457 2372 et
479 2344 573 2383 pax
593 2332 651 2372 D.
676 2344 720 2372 n.
743 2333 856 2386 Jesu
879 2332 1004 2373 Chri.
1029 2333 1088 2374 sit
1109 2344 1294 2385 semper
1315 2332 1574 2372 nobiscum.

225 2402 457 2453 Quoniam
479 2402 524 2442 id
545 2403 657 2443 mihi
679 2404 833 2444 oneris
855 2404 1110 2456 imponitur
1132 2411 1180 2445 ut
1211 2412 1341 2445 tuam
1373 2402 1704 2454 paternitatem
1735 2399 1791 2439 de

138 2473 200 2513 iis
232 2473 479 2514 certiorem
513 2474 704 2524 faciam,
743 2487 863 2526 quae
897 2474 1125 2516 Dominus
1153 2475 1437 2515 inexhausta
1467 2485 1551 2513 sua
1578 2472 1790 2512 bonitate

141 2544 363 2595 dignatus
385 2550 455 2584 est
476 2556 558 2596 per
579 2544 798 2596 indignos
820 2557 984 2586 servos
1006 2550 1115 2586 s'uos
1138 2547 1184 2586 in
1210 2546 1299 2586 hac
1329 2545 1566 2585 austriaca
1595 2543 1790 2594 regione

136 2616 342 2666 operari,
369 2616 543 2655 curabo
561 2627 702 2667 quam
719 2616 996 2658 brevissime
1017 2624 1180 2669 potero
1202 2624 1309 2657 tuae
1332 2628 1374 2668 p.
1400 2615 1630 2656 iucundos
1651 2615 1789 2654 huius

143 2686 339 2738 Collegii
378 2686 559 2727 fructus
599 2687 688 2727 hoc
728 2688 1061 2739 quadrimestri
1096 2689 1284 2729 evoluto
1326 2689 1472 2727 lectos
1508 2686 1689 2726 offerre.
1726 2686 1787 2727 Ut

138 2764 299 2797 autem
320 2757 473 2798 debito
496 2758 808 2809 procedamus
838 2759 1020 2808 ordine,
1049 2760 1166 2800 haec
1195 2759 1281 2799 sibi
1312 2758 1597 2799 narrationis
1620 2758 1786 2810 princi-

200 2942 209 2961 ¹
250 2942 508 2977 Autographae‚
524 2947 617 2970 totae
629 2951 731 2971 manu
742 2943 877 2978 Erardi,
894 2945 927 2972 in
949 2944 1073 2978 duplici
1086 2945 1175 2978 solio,
1197 2952 1251 2972 nn.
1273 2945 1325 2971 237
1340 2949 1373 2971 et
1390 2945 1442 2971 283
1454 2944 1618 2971 —Earum
1640 2952 1659 2972 a
1678 2944 1712 2971 Ρ.
1730 2944 1789 2971 Po-

144 2990 244 3015 §anco
260 2990 519 3018 emendatarum
535 2994 649 3018 exstat
663 2992 899 3026 apographum
916 2993 1104 3026 exemplum
1120 2993 1153 3019 in
1169 2992 1248 3019 folio
1263 2992 1344 3019 item
1365 2992 1506 3027 duplici,
1527 2999 1581 3020 nn.
1603 2991 1655 3018 203
1676 2998 1708 3019 et
1725 2992 1788 3027 201,
